1800 3132
509 205 883 248 msTomARUM
925 207 999 246 ιιι.
1025 206 1096 250 63.
1403 171 1523 253 383·

482 304 502 320 Α

88 326 174 360 νοις
203 307 419 366 ὗφ“ἧμῶ’ν.
473 325 500 349 α
529 309 780 350 σκέπτεσθαι
812 309 1035 361 προσῆκον·
1092 303 1140 346 οὗ
1166 304 1302 359 μάτην
1327 305 1408 360 γὰρ
1437 305 1515 346 aii-
1528 312 1609 346 An.
1628 312 1710 358 ¹343

88 380 146 435 τῷ
173 377 347 434 ᾐνίχθαι
386 372 438 417 τά
478 375 676 416 τοιαῦτα·
720 374 1010 424 σκεπτομένοις
1042 373 1088 413 δὲ
1136 373 1261 414 οῦδὲν
1299 374 1438 426 ἕτερον
1474 372 1519 412 ἐκ

88 444 173 484 τῶν
198 438 326 494 λόγων
345 441 606 495 ἀνεφαίνετο,
634 433 661 493 ἢ
691 437 748 486 ὦς
774 434 965 491 βούλοιτο
998 436 1070 478 καὶ
1100 436 1226 487 αὐτὸς
1256 437 1327 479 ἐπὶ
1352 444 1642 489 συμμα-Ρ.563

93 506 166 564 χίοι
189 504 347 559 ’Λμούρ
378 503 451 546 τὸν
483 493 605 559 φίλον
632 507 773 544 καλεῖν
797 502 870 544 καί
896 501 967 543 διά
996 505 1115 544 τοῦτο
1146 501 1196 544 τά
1223 505 1400 543 τοιαῦτα
1419 517 1522 556 προ-

66 575 234 622 5ειπεῖν,
265 569 316 610 ἵν’
347 567 516 624 ὕστερον
537 567 612 625 ἔχῃ
642 566 776 622 δήπου
805 566 1068 622 καταφυγήν,
1101 566 1148 609 εἴ
1168 584 1230 616 τις
1258 569 1418 624 αἰτιῷτο
1447 568 1522 620 τῆς

91 637 163 678 ε’πί
197 632 294 683 τούς
337 633 579 690 ὁμοφύλους
622 635 706 675 τῶν
742 633 970 688 βαρβάρων
1007 634 1242 687 ἐπαγωγῆς,
1288 631 1346 681 (ὃς
1384 632 1521 673 αὐτῶν

88 703 298 756 προτέρων
337 699 500 748 τούτοις
537 699 602 741 ἐπ’
647 698 814 740 ἐκείνων
856 699 1150 751 χρησαμένων.
1221 691 1269 739 οὗ
1308 695 1359 751 δή
1401 699 1519 739 ἕνεκα

90 763 224 808 ἐδόκει
253 768 338 806 δεῖν
362 764 544 818 τριήρεις
574 766 819 817 πέμψαντας
836 762 911 817 τήν
929 760 1147 805 θάλασσαν
1167 768 1366 818 φρουρεῖν
1385 779 1523 815 παρα-

89 828 315 884 πλεούσας,
362 827 619 885 (ἀπέστησαν
657 828 736 885 γὰρ
768 828 842 870 καί
867 828 905 869 οἱ
932 830 977 869 ἐν
1003 831 1269 880 Πλαταμῶνι
1295 831 1521 882 βασιλέως,

42 896 298 943 ιοδείσαντες
325 893 383 949 μή
409 893 490 935 ὑπὸ
518 892 704 948 μεγάλου
735 892 886 941 δουκὸς
914 893 1047 933 ἁλῶσι
1075 891 1205 951 στόλῳ
1234 893 1519 949 ἐπελθόντος,)

90 963 158 1003 ΐνα
184 959 242 1015 μή
282 961 354 1016 ἐξῇ
380 961 716 1016 Καντακουζηνῷ
742 959 966 1014 πρεσβείαν
998 959 1174 1011 πέμπειν
1207 957 1313 1015 πρὸς
1340 959 1518 1013 Ἀμούρ.

89 1025 163 1069 καί
188 1029 362 1069 ἐτελεῖτο
390 1023 491 1067 κατὰ
522 1023 571 1067 τά
602 1027 924 1078 βεβουλευμένα.
1530 1029 1555 1060 Β

199 1090 269 1147 ξγ’.
321 1091 532 1140 Βασιλεύς
559 1091 605 1131 δὲ
631 1091 725 1132 ἐπεὶ
763 1089 941 1131 πύθοιτο
971 1088 1047 1139 τάς
1085 1087 1271 1145 τριήρεις
1309 1089 1659 1146 παραπλε-Ἶ-452

91 1159 245 1212 ούσας,
286 1158 508 1211 Πρίγγυπί
539 1171 619 1198 τινι
670 1151 948 1211 ὦνομασμένῳ
987 1153 1060 1209 τήν
1086 1153 1190 1209 πρὸς
1233 1153 1392 1210 Ἀμούρ
1422 1171 1524 1209 πρε-

43 1227 236 1279 ι5σβείαν
273 1221 468 1271 ἀναθεὶς,
511 1218 689 1276 μηδενὸς
723 1217 867 1275 ἑτέρου
908 1218 1178 1273 συνειδότος,
1217 1221 1290 1261 καί
1324 1217 1523 1268 κελεύσας

90 1292 221 1338 οἰκίας
246 1279 359 1330 ἔνδον
387 1285 556 1328 ἀκάτιον
593 1285 1008 1338 κατασκευασάμενον
1016 1318 1030 1338 ,
1072 1285 1139 1327 ἵνα
1165 1283 1224 1340 μή
1253 1289 1399 1328 πολλοὶ
1423 1295 1559 1328 συν-(Σ

91 1357 264 1406 ειδεΐεν,
294 1354 354 1400 εἰς
379 1350 574 1406 Σμύρναν
602 1352 822 1392 α’ποπλέειν
848 1352 1049 1403 ἐξέπεμπε
1070 1382 1082 1404 ,
1119 1349 1340 1406 γράμμασι
1382 1351 1524 1392 κελεύ-

91 1435 170 1467 σας
205 1416 360 1472 Ἀμούρ
403 1414 584 1469 τάχιστα
624 1413 1050 1471 παρασκευασάμενον
1084 1412 1199 1470 ἥκειν
1237 1414 1343 1471 πρὸς
1381 1417 1520 1463 αὐτόν.

92 1486 298 1539 Πρίγγυψ
326 1485 403 1535 μὲν
445 1477 520 1523 οὖν
547 1483 678 1522 ἐποίει
705 1479 807 1522 κατὰ
836 1481 890 1522 τὰ
918 1482 1216 1534 κεκελευσμένα
1244 1480 1317 1522 καί
1340 1480 1386 1522 τὸ
1415 1481 1519 1523 α’κά-

39 1566 180 1597 ῃοτιον
207 1548 320 1591 ἔνδον
348 1546 477 1595 οἰκίας
504 1544 941 1599 κατασκευασάμενος,
980 1545 1090 1587 ἱστία
1124 1562 1167 1587 τε
1197 1548 1415 1600 ἐνθέμενος
1453 1550 1528 1588 καί

92 1614 168 1670 τήν
195 1609 323 1668 ἄλλην
352 1609 586 1666 ἀποσκευήν
604 1641 617 1664 ,
646 1609 788 1651 ἔπειτα
819 1609 964 1659 νυκτὸς
991 1611 1059 1666 ἐφ’
1077 1609 1240 1664 ἁμάξης
1266 1613 1338 1652 ἐπὶ
1363 1609 1524 1653 θάλασ-

91 1695 171 1722 σαν
197 1676 464 1731 καταγαγών,
510 1675 567 1724 ὥς
612 1672 873 1730 πορρωτάτω
902 1672 1084 1727 μάλιστα
1124 1678 1206 1717 τῶν
1247 1677 1526 1731 φρουρουσιόν

91 1747 195 1787 νεῶν
237 1742 309 1785 καὶ
342 1742 425 1784 τῶν
467 1738 608 1783 αύτῶν
651 1741 995 1794 κατειλεγμένων,
1033 1737 1205 1794 ἀνήγετο
1245 1738 1405 1794 ἐμβάς·
1448 1742 1522 1781 καί

91 1810 294 1863 πνεύματι
319 1806 579 1862 χρησάμενος
608 1804 818 1863 ἐπιφόρῳ,
860 1807 935 1855 τάς
971 1821 1015 1848 τε
1056 1803 1326 1862 φρουρούσας
1353 1807 1522 1848 διέλαθε

188 1910 239 1944 13.
263 1909 464 1955 Πρίγγιπι
487 1906 537 1941 Μ.
632 1916 686 1940 2¹.
713 1906 894 1951 φρουρῶν
919 1906 955 1940 Ρ.

95 2003 189 2036 enim
222 2000 312 2034 haec
339 2000 441 2032 illum
481 1998 610 2032 frustra
643 1997 710 2031 sub
748 1997 904 2044 quodam
942 1997 1131 2031 verborum
1164 1999 1342 2032 velamine
1374 1999 1520 2034 dixisse.

93 2046 365 2083 Excutieutibus
390 2051 508 2078 autem
541 2044 650 2078 verba
685 2044 773 2084 illa,
815 2044 911 2077 nihil
942 2045 1111 2088 apparuit
1131 2045 1251 2085 aliud,
1275 2056 1382 2090 quam
1405 2047 1522 2091 ipsum

94 2104 239 2141 quoque
267 2092 360 2126 velle
395 2092 593 2130 Amurium,
618 2091 770 2124 amicum
803 2102 919 2130 suum,
942 2101 1068 2124 vocare
1089 2091 1238 2130 auxilio,
1263 2102 1303 2124 ac
1329 2098 1520 2136 propterea

93 2138 333 2186 praedixisse,
366 2143 406 2171 ut
437 2136 666 2182 postmodum
699 2137 837 2170 scilicet
870 2136 1071 2181 perfugium
1104 2137 1262 2177 habeat,
1309 2137 1339 2170 si
1370 2144 1519 2182 propter

93 2186 265 2219 barbaros
299 2188 419 2216 contra
466 2193 551 2216 suae
588 2183 703 2227 gentis
735 2182 898 2216 homiues
922 2183 1195 2227 superinductos
1219 2183 1519 2227 reprehendatur,

95 2232 265 2278 quoniam
290 2230 358 2273 ipsi
383 2229 479 2274 prius
507 2228 711 2263 eorumdem
735 2240 842 2274 opera
866 2229 1032 2262 adversus
1059 2229 1160 2262 illum
1186 2229 1242 2262 usi
1266 2230 1412 2263 fuerint.
1461 2230 1519 2264 ob

95 2278 187 2311 hanc
214 2287 353 2310 causam
378 2276 492 2308 missis
516 2276 734 2315 triremibus,
748 2286 840 2322 quae
852 2274 973 2308 littora
997 2276 1167 2319 legerant,
1191 2285 1288 2308 mare
1311 2276 1519 2310 eustodien-

95 2324 180 2357 dnm
214 2322 419 2361 videbatur,
432 2321 654 2367 (defecerant
684 2328 804 2355 autem
840 2326 878 2353 et
901 2321 1187 2355 platamonenses
1216 2322 1261 2354 ab
1287 2323 1519 2366 imperatore,

95 2369 192 2416 quod
216 2369 412 2406 timerent,
447 2378 493 2402 ne
519 2379 540 2400 a
565 2378 692 2412 magno
718 2367 807 2402 duce
832 2378 911 2399 cum
937 2369 1047 2401 classe
1071 2368 1350 2412 superveniente
1372 2369 1518 2414 subige-

95 2415 248 2460 rentur,)
273 2424 319 2447 ne
349 2418 473 2458 posset
506 2413 773 2447 Cantacnzenus
810 2414 1028 2458 legationem
1068 2413 1115 2446 ad
1142 2414 1328 2448 Amurium
1359 2415 1518 2452 mittere.

95 2462 212 2507 Atque
238 2462 287 2494 ita
309 2460 461 2499 factum,
485 2463 526 2492 ut
549 2459 821 2504 complacuerat,

188 2508 242 2541 63.
293 2506 488 2549 Imperator
527 2505 590 2537 ubi
625 2516 704 2539 oras
742 2506 811 2550 legi
849 2516 870 2537 a
909 2504 1117 2539 triremibus
1159 2506 1344 2550 cognovit,
1376 2507 1519 2541 cuidam

97 2553 252 2598 Principi
277 2552 422 2584 nomine
457 2550 672 2595 legationem
706 2552 750 2584 ad
774 2551 957 2585 Amurium
982 2550 1165 2590 mandans,
1188 2553 1332 2586 nemine
1355 2559 1520 2597 praeter-

97 2611 139 2632 ea
173 2599 313 2632 conscio
329 2622 338 2636 ‚
364 2608 444 2629 eum
468 2596 680 2631 domesticos
705 2598 798 2631 intra
824 2598 1002 2642 parietes,
1035 2607 1106 2642 quo
1135 2607 1189 2630 res
1229 2598 1339 2644 magis
1376 2600 1519 2639 lateret,

97 2656 241 2690 parvam
282 2643 481 2678 naviculam
516 2644 740 2687 compingere
801 2650 836 2676 et
880 2655 956 2675 cum
996 2642 1148 2682 litteris,
1190 2644 1322 2688 quibus
1353 2646 1519 2679 Amurius

98 2703 177 2724 eum
214 2691 343 2734 paratis
381 2688 494 2732 copiis
527 2689 710 2722 celerrime
735 2689 858 2722 adesse
885 2687 1095 2731 rogabatur,
1130 2689 1312 2733 Smyrnam
1336 2693 1517 2736 navigare.

97 2736 198 2770 Facit
232 2738 406 2779 imperata
445 2733 630 2779 Princeps,
660 2735 907 2780 fabricatoque
933 2734 1030 2767 domi
1055 2745 1140 2768 suae
1165 2736 1342 2780 navigiolo
1367 2744 1403 2771 et
1426 2739 1517 2771 velis

100 2789 208 2829 atque
244 2781 327 2815 aliis
352 2780 581 2816 armamentis
603 2781 803 2827 impositis,
827 2787 934 2815 noctu
958 2779 997 2814 id
1022 2782 1059 2815 iu
1083 2793 1187 2816 curru
1216 2782 1261 2816 ad
1285 2794 1382 2818 mare
1407 2783 1518 2818 ‹leve-
