1800 3132
554 185 928 229 msroluAme
970 187 1040 225 111.
1088 187 1127 230 7.
1475 164 1542 238 57

110 306 188 343 μσς
219 286 533 344 ἅπαγγέλλοιτο,
562 288 804 343 γράμμασιν
833 285 973 344 ἐκείνῳ
1001 285 1075 342 τὴν
1103 284 1254 332 ἐνθάδε
1280 281 1425 343 ἄφιξιν
1452 286 1635 327 ἕπι-Α.Ο.
1652 288 1733 334 ι34ι

110 358 267 410 τρέψω.
321 352 482 401 πάντως
518 353 566 394 δὲ
607 352 711 409 ῥᾷον
740 349 903 392 οἴεσθαι
931 351 1061 393 αὐτὸν
1089 350 1199 405 ὑμᾶς
1226 353 1299 393 καί
1325 348 1543 406 προθυμό-

110 437 227 475 τερον
254 417 482 475 ἆφικέσθαι
505 417 605 473 χρὴ,
644 414 671 472 ἢ
701 418 903 472 πρότερον
932 419 975 459 ἐκ
1002 419 1075 472 τῆς
1102 418 1317 472 στρατείας
1345 414 1545 471 ἀναστρέ-
1589 452 1592 453 ⁷

111 502 205 543 φειν
220 517 232 539 ,
260 483 516 536 Υπειθόμενον
541 488 629 531 τοῖς
656 479 793 536 λόγοις
831 489 918 532 τοῖς
945 483 1073 535 ἐμοῖς.
1130 478 1180 524 ἂν
1208 483 1245 523 δ’
1271 481 1546 536 οἷμελήσαντες

84 548 184 605 ὅτὴν
209 550 469 605 προθεσμίαν
495 548 729 603 ὖπερβῆτε,
773 548 869 601 ἐμοὶ
902 549 980 600 μὲν
1008 543 1194 604 ἀσφαλὲς
1222 544 1358 589 οὗκέτι
1384 543 1546 602 ἡσυχά-

111 618 222 669 ζειν,
266 616 354 656 dm:
384 613 510 663 αὐτός
537 629 582 656 τε
611 612 774 655 οἴκοθεν
804 611 1084 669 ἐξαρτύσομαι
1109 613 1161 655 τά
1189 611 1288 668 πρὸς
1315 611 1388 654 τὸν
1416 609 1538 653 πόλε-
1550 612 1666 657 Ρ-374

107 697 186 734 μον
232 680 302 721 καί
337 679 412 733 τὴν
448 678 665 734 Περσικὴ-ν
710 681 960 733 συμμαχίαν
989 673 1117 721 οὖσαν
1155 679 1544 732 παρεσκευασμένην

107 745 259 788 ἐνθάδε
287 741 399 795 ἔξω·
457 744 529 786 καί
554 747 630 786 τοῦ
659 745 807 786 λοιποῦ
843 745 933 785 οὔδ’
971 740 1024 786 ἂν
1054 742 1175 786 advoc
1196 746 1365 798 ἐθέλητε
1376 777 1388 796 ,
1417 760 1544 784 κατα-

107 813 304 852 τίθεσθαι
341 807 488 867 ῥᾴδιον
530 808 648 851 ἔσται
685 807 758 851 τὸν
785 807 968 862 πόλεμον
997 810 1112 862 ἐμοί,
1155 805 1203 850 οὗ
1232 808 1360 862 μόνον
1390 808 1459 849 διὰ
1489 807 1542 849 τὰ

61 878 374 919 ιοιίναλωθέντα
410 875 612 932 χρήματα
658 874 762 930 πρὸς
807 877 880 916 τοῦ
917 876 1099 928 πολέμου
1137 873 1211 929 τὴν
1249 871 1542 930 παρασκευὴν,

112 941 140 983 ἅ
168 943 417 995 κομίζεσθαι
445 943 490 983 ἐκ
517 943 588 995 τῆς
615 940 818 995 ὑμετέρας
847 939 1091 994 ἅναγκαῖον,
1135 941 1221 981 ἀλλ’
1253 935 1318 981 ὅτι
1353 937 1425 980 καί
1447 936 1545 986 τοὺς

110 1006 216 1050 κατὰ
245 1009 491 1060 συμμαχίαν
517 1004 687 1061 ἥξοντας
714 1002 958 1061 βαρβάρους
1000 1007 1053 1046 οὕ
1089 1010 1226 1053 κεναῖς
1247 1003 1419 1058 χερσίν,
1452 1000 1543 1045 ἀλλ’

110 1071 399 1129 ὠφεληθέντας
438 1074 483 1113 ἐκ
520 1073 593 1126 τῆς
633 1074 854 1124 πολεμίας,
883 1069 988 1126 πρὸς
1015 1068 1090 1125 τὴν
1119 1071 1271 1111 οἰκείαν
1300 1071 1368 1110 ost
1389 1071 1545 1112 ἐπανα-

110 1139 319 1194 στρέφειν.
376 1135 445 1178 διὰ
484 1138 620 1179 ταῦτα
657 1136 769 1189 ὑμᾶς
801 1151 845 1176 τε
874 1136 1038 1192 σπουδῇ
1062 1132 1307 1189 χρήσασθαι
1334 1131 1439 1188 πρὸς
1469 1131 1545 1187 τήν

59 1203 348 1257 ιόὃδοιπορίαν
386 1198 628 1255 οἷναγκαῑον,
671 1200 743 1242 καί
771 1198 842 1243 τὸν
871 1199 1070 1255 ὑμέτερον
1098 1201 1275 1253 βασιλέα
1304 1197 1539 1250 πυθόμενον

105 1268 156 1312 τοὶ
174 1271 272 1324 παρ’
311 1268 442 1323 ἡμῶν,
475 1266 505 1308 ιῖ
525 1266 733 1310 συνοίσειν
762 1265 891 1308 οἴεται
919 1266 1045 1323 αὗτῷ,
1073 1264 1145 1321 τὴν
1175 1267 1376 1319 ταχίστην
1405 1264 1542 1317 ἄπαγ-

106 1335 307 1389 γέλλειν.”
361 1331 382 1374 ὅ
398 1334 475 1386 μὲν
495 1328 568 1374 οὖν
588 1333 762 1374 τοιαῦτα
785 1327 897 1373 εἶπεν
912 1344 922 1354 ·
982 1331 1021 1375 οἱ
1060 1333 1106 1373 δὲ
1129 1328 1404 1386 Ἀλεξάνδρου
1444 1344 1581 1384 πρε-Β

106 1397 283 1453 σβευταί
297 1395 436 1454 οἵσπερ
457 1394 729 1450 ἐκλαθόμενοι
758 1399 835 1439 τοῦ
863 1401 1065 1453 προτέρου
1096 1393 1341 1452 φυσήματος
1369 1397 1441 1436 καί
1466 1395 1539 1447 τῆς

106 1461 523 1520 μεγαλορρημοσύνης
550 1466 626 1544 τῆς
654 1462 759 1518 πρὸς
796 1461 874 1511 τὰς
916 1464 1168 1518 δημηγορίας
1209 1460 1540 1515 μεταβαλόντες,

55 1528 284 1584 αοέγίνοντο
320 1528 451 1570 ἱκέται
468 1561 480 1583 ‚
521 1530 649 1570 πλείω
699 1529 841 1577 αὕτοῖς
889 1529 1214 1583 παρασχεθηναι
1267 1526 1544 1582 προθεσμίαν.

109 1595 234 1635 αὐτοι
257 1596 334 1647 μὲν
360 1592 438 1647 γὰρ
465 1592 631 1649 ἔφασαν
659 1595 797 1635 πᾶσαν
825 1595 1110 1644 ἐπιδείξεσθαι
1141 1590 1328 1646 σπουδήν
1348 1589 1453 1646 πρὸς
1469 1589 1546 1644 τὴν

106 1659 373 1715 ὁδοιπορίαν·
430 1655 482 1699 ἂν
513 1659 548 1699 δ’
580 1674 599 1698 ο
630 1656 828 1711 βασιλεῦς
847 1659 984 1700 αὐτων
1012 1660 1055 1699 ἐν
1082 1660 1295 1710 ἐσχατιαῖς
1325 1655 1444 1712 διαγη
1472 1658 1544 1710 τῆς

104 1723 252 1777 ἀρχῆς,
283 1739 357 1764 ουκ
377 1723 610 1778 ἐξαρκέσειν
630 1721 704 1771 τὰς
720 1723 892 1777 ἡμέρας,
922 1722 1180 1801 ἑνδεεστέρας
1202 1737 1341 1773 ουσας,
1366 1718 1394 1776 ἢ
1411 1735 1542 1775 προσ-

103 1788 193 1843 η’κει
231 1784 472 1842 ανυσθῆναι
508 1804 585 1843 την
615 1785 724 1831 ὃὸόν.
780 1788 852 1828 καί
869 1803 959 1829 επει
986 1786 1118 1829 ἐδόκει
1145 1786 1170 1840 ἦ
1200 1786 1371 1836 αξίωσις
1397 1785 1536 1827 αῧτῶν

196 1893 230 1929 3.
255 1873 326 1938 χρη
358 1903 429 1926 0111.
457 1893 494 1932 Ρ.

105 2004 253 2045 faciam,
287 2015 358 2050 quo
393 2005 492 2038 bello
518 2004 754 2047 denuntiato,
789 2017 854 2050 pei·
887 2006 1026 2039 litteras
1053 2006 1086 2038 ei
1113 2006 1184 2042 huo
1209 2005 1379 2041 veniendi
1408 2006 1547 2050 copiam

111 2051 326 2093 concedam·
353 2057 390 2085 et
413 2053 558 2084 omnino
584 2051 725 2085 facilius
759 2057 868 2098 atque
893 2052 1059 2096 cupidius
1093 2051 1165 2085 huc
1194 2057 1404 2094 venturum,
1438 2063 1547 2097 qnam

105 2102 209 2130 antea
238 2099 445 2131 auctoritati
468 2109 571 2131 meae
603 2099 871 2139 obsecundans,
896 2098 1128 2142 expeditione
1158 2099 1388 2142 interrupta,
1422 2098 1544 2140 rediit,

107 2143 383 2185 existimandum
409 2150 470 2177 est.
520 2143 584 2177 Sin
619 2144 774 2190 quadam
798 2145 1025 2190 neglectione
1065 2144 1162 2177 diem
1196 2145 1390 2189 praefixam
1427 2150 1547 2178 trans-

105 2189 340 2233 grediemini,
387 2203 461 2225 non
500 2190 590 2223 mihi
626 2192 780 2236 amplius
815 2197 932 2224 tutum
967 2192 1038 2224 erit
1069 2190 1320 2236 requiescere;
1355 2202 1478 2225 verum
1510 2195 1548 2225 et

105 2239 184 2280 ipse
208 2247 272 2281 per
294 2248 350 2270 me
381 2237 518 2270 bellum
542 2237 743 2282 apparabo‚
780 2244 818 2271 et
852 2238 1007 2272 Persicas
1041 2239 1161 2282 copias
1194 2238 1264 2270 iam
1298 2244 1438 2282 paratas
1474 2236 1547 2270 huo

105 2293 305 2316 accersam:
330 2294 397 2316 nec
421 2283 466 2317 de
491 2289 631 2325 cetero,
657 2286 765 2318 etiam
786 2284 889 2319 vobis
914 2283 1167 2328 cupientibus,
1194 2294 1258 2327 ego
1283 2285 1389 2317 facile
1409 2284 1546 2317 bellum

105 2329 271 2363 omittere
308 2334 455 2373 potem,
495 2341 569 2363 non
607 2332 722 2364 solum
750 2335 899 2376 propter
940 2331 1138 2375 impensam
1178 2330 1217 2364 in
1256 2341 1299 2363 eo
1334 2330 1545 2364 instruendo

103 2377 256 2415 factam,
293 2387 396 2421 quam
421 2387 439 2409 e
463 2377 590 2410 vestris
613 2376 848 2423 vectigalibus
874 2378 1020 2410 reficere
1045 2387 1190 2410 necesse
1217 2376 1311 2416 erit,
1349 2376 1412 2409 sed
1446 2376 1545 2422 quod

105 2423 211 2455 ειίιιιι
250 2423 363 2455 socios
398 2422 569 2457 barbaros
604 2435 677 2457 non
723 2425 842 2457 vacuis
886 2421 1077 2462 manibus,
1121 2422 1184 2455 sed
1224 2433 1268 2455 ex
1301 2422 1427 2456 hostili
1467 2423 1543 2456 solo

105 2474 227 2501 auctos
254 2468 360 2501 lucris
387 2467 531 2502 domum
556 2480 730 2510 remeare,
759 2469 953 2514 oportebit.
1002 2469 1114 2514 Igitur
1148 2474 1185 2502 et
1215 2479 1275 2502 vos
1312 2470 1382 2503 iter
1417 2480 1546 2514 prope-

104 2526 182 2547 rare
216 2519 253 2546 et
284 2525 402 2558 regem
427 2520 603 2555 vestrum,
628 2517 860 2561 responsione
889 2521 1011 2552 nostra
1044 2521 1236 2559 percepta,
1262 2526 1362 2560 quae
1399 2517 1439 2549 in
1471 2527 1546 2548 rem

104 2572 206 2593 suam
233 2561 310 2593 fore
335 2560 502 2601 duxerit,
532 2563 716 2595 celerrime
741 2562 942 2595 nuntianda
971 2573 1094 2595 curare
1119 2571 1208 2606 opus
1245 2566 1308 2595 est
1358 2562 1543 2595 Hactenus

110 2608 186 2642 ille.
235 2607 404 2640 Oratores
441 2608 634 2643 Alexandri
671 2609 772 2643 velut
801 2609 908 2642 obliti
943 2609 1104 2654 priorum
1140 2608 1332 2652 spirituum
1370 2614 1406 2641 et
1441 2619 1546 2653 gran-

107 2653 376 2698 diloqueutiroe,
400 2653 546 2686 reducto
571 2656 720 2696 calculo,
751 2655 847 2689 diem
872 2655 942 2688 sibi
967 2655 1141 2687 laxiorem
1165 2654 1309 2688 definiri
1335 2656 1548 2698 rogitarunt.

105 2699 156 2732 Ae
188 2710 224 2732 se
264 2699 410 2745 quidem
443 2711 576 2734 summa
603 2701 835 2735 festinatione
867 2702 937 2734 iter
970 2702 1124 2733 facturos
1157 2700 1422 2745 praedicabant.
1474 2701 1548 2734 Sed

107 2744 135 2776 si
163 2757 222 2778 rex
251 2747 290 2778 iu
311 2746 439 2778 ultimo
466 2757 573 2790 reguo
595 2747 760 2790 degeret,
800 2748 955 2791 spatium
981 2748 1231 2800 ριτιοεῐίῑιηιιιη
1267 2759 1342 2781 esse
1377 2747 1546 2787 brevius,

108 2801 214 2835 (suam
248 2797 288 2826 ut
323 2794 401 2827 viae
428 2793 671 2830 oonficiuudae
707 2795 891 2840 sufficeret.
949 2792 1101 2833 Probata
1131 2794 1330 2838 petitione,
1371 2793 1446 2832 dies
1481 2794 1548 2827 tri-
