1812 3132
311 200 329 236 1
342 199 413 235 oo
830 194 1203 244 CANTACUZENI

107 306 283 354 A.C.1341
304 301 351 342 δὲ
380 299 654 354 χορηγεῖσθαι
679 299 797 340 πᾶσι.
853 296 919 339 <hd
948 298 1021 339 καί
1055 293 1198 350 οἴομαι
1224 296 1444 351 προσήκειν
1469 296 1538 339 σοι’
1569 297 1645 348 τὰς
1674 298 1746 353 τῆς

303 360 543 420 εὖεργεσίας
567 361 752 418 χάριτας
776 362 943 408 εἰδέναι.
1000 363 1040 404 εἰ
1064 362 1115 416 δὴ
1142 362 1272 402 ταῦτα
1302 358 1438 410 οὕτως
1455 394 1467 414 ,
1494 358 1631 417 ὥσπερ
1661 360 1745 403 οἴο-

301 445 407 483 μαι,
435 427 546 470 ἔστιν
573 426 711 483 ἀληθῆ
726 461 739 481 ,
767 425 975 470 ἀνθ’ὅτου
991 461 1003 480 ,
1031 424 1147 481 παρὰ
1175 429 1254 467 σοῦ’
1281 427 1636 481 προστεταγμένον
1663 427 1746 480 ἅμ-
1795 479 1800 487 .

303 494 486 551 φοτέρας
511 492 623 546 ἔχειν
651 492 726 543 τας
753 489 892 548 ἇρχιὶς
911 527 923 545 ,
952 487 1012 534 ὧν
1039 493 1112 533 καί
1135 488 1349 545 περιόντος
1373 487 1503 546 ἦρχον
1529 493 1746 545 βασιλέως,
1801 484 1812 490 ”

299 558 374 615 τὴν
399 557 547 613 ἑτέραν
573 560 800 613 παρέσχετο
828 556 980 609 αὐτὸς,
1007 558 1079 610 τῆς
1104 558 1208 607 μιᾶς
1237 555 1547 611 ἀποστερήσας,
1594 554 1770 611 ὃέομαίό

300 641 377 668 σου
414 625 488 665 καί
513 623 589 679 τὴν
621 622 765 679 ἑτέραν
791 623 908 681 αὐτῷ
947 621 1175 677 προστάξαι
1202 623 1457 675 ἀποδοῦναι,
1491 623 1650 675 μᾶλλον
1675 624 1744 676 δὲ,

294 689 372 733 xai
407 691 540 730 αὐτοῦ
572 689 791 744 παρόντος,
818 688 932 745 παρὰ
973 691 1053 730 σοῦ
1097 688 1439 742 ἐγχειρισθῆναι,
1483 687 1553 729 ἵνα
1580 703 1647 730 σοι
1672 689 1747 730 καὶ

297 757 458 808 μᾶλλον
483 753 770 810 προσηκούσας
797 754 871 804 τὰς
901 754 1176 809 εὐχαριστίας
1203 754 1276 807 τῆς
1301 753 1543 807 εὖεργεσίας
1562 753 1745 799 ἀποδῶ.”

298 818 321 860 ὅ
347 821 477 874 μέγας
513 822 591 872 μὲν
629 815 706 861 οὖν
733 821 971 872 ὃομέστικος
1008 819 1241 873 ἐφθέγξατο
1270 818 1405 859 οὐδέν.
1461 818 1486 872 ἡ
1514 817 1680 871 βασιλὶς
1706 819 1742 860 δ’

296 886 427 927 αὐτοῦ
455 886 609 940 πολλὴν
634 887 898 939 καταγνοῦσα
925 883 999 938 τὴν
1026 883 1290 937 ἀχαριστίαν,
1318 882 1460 935 ,,ποίνυ
1483 881 1796 935 θαυμάζειν”ιο

258 947 408 992 (ῖεῗπεν
426 949 689 1005 ,ἐπέρχεταί
703 966 799 1003 μοι,
819 948 894 1004 τὴν
913 951 1074 1001 αἰτίαν,
1099 950 1143 999 ἐξ
1172 943 1221 1003 ἧς
1249 950 1307 996 εἰς
1331 945 1500 996 τούτους
1527 945 1746 1003 προήχθης

295 1014 396 1063 τούς
413 1015 578 1068 λόγους,
598 1016 651 1055 ου’
666 1015 896 1072 συνορώσῃ.
925 1015 964 1056 εἰ
987 1016 1067 1067 μὲν
1092 1012 1172 1068 γὰρ
1203 1011 1389 1066 οἰόμενος
1403 1046 1415 1066 ,
1426 1010 1485 1066 μὴ
1506 1011 1580 1067 τὴν
1596 1012 1744 1066 ὁμοίαν

295 1079 483 1132 δύναμινΪ
517 1078 590 1121 τὸν
615 1082 748 1134 μέγαν
777 1080 1017 1132 δομέστικον
1035 1112 1047 1131 ,
1088 1075 1213 1133 ἥνπερ
1245 1080 1318 1118 καί
1346 1075 1570 1133 πρότερον,
1598 1080 1742 1133 κεκτῆ-

295 1149 398 1188 σθαι
413 1180 425 1199 ,
452 1140 477 1200 ἢ
498 1147 573 1198 ἐμὲ
605 1162 642 1186 τι
674 1145 954 1200 διαφέρεσθαι
976 1143 1082 1199 πρὸς
1104 1142 1254 1195 αὐτὸν,
1283 1145 1369 1184 δεῖν
1385 1142 1512 1197 ἔγνως
1542 1145 1744 1193 αὐθαδῶς

294 1211 408 1268 αὐτῷ
441 1213 756 1266 προσφέρεσθαι
783 1209 856 1250 καί
881 1211 1100 1264 θρασέως,
1141 1207 1237 1250 ἴσθι
1275 1208 1382 1250 πάνυ
1414 1210 1489 1249 τοῦ
1515 1208 1795 1264 προσῆκον-[5

292 1292 363 1325 τος
390 1274 600 1331 ἁμαρτών.
631 1277 671 1317 εἰ
697 1276 872 1316 ὁόὖὸὲν
900 1273 1212 1329 ἀποβεβληκότα
1238 1273 1313 1315 καὶ
1336 1275 1409 1327 τῆς
1437 1275 1657 1326 δυνάμεως
1670 1276 1744 1315 καί

291 1343 363 1397 τῆς
383 1343 551 1389 ειῖνοίας
571 1343 646 1395 τῆς
666 1342 725 1388 εἰς
743 1342 818 1392 ἐμὲ
846 1339 969 1388 εἰδώς
982 1372 993 1393 ,
1015 1339 1155 1381 ἔπειτα
1185 1341 1243 1387 εἰς
1263 1341 1382 1380 τοῦτο
1401 1336 1622 1393 προήχθης
1643 1340 1740 1380 ἀτο-

292 1409 416 1460 πίας,
446 1407 523 1447 οὕκ
551 1402 794 1458 ἀσυνεσίας,
825 1404 931 1446 ἀλλὰ
958 1404 1247 1460 παραπληξίας
1267 1407 1398 1460 φαίην
1418 1400 1471 1445 ἂν
1491 1402 1619 1458 ἔγωγε
1641 1403 1739 1453 τούς

292 1472 441 1526 λόγους
483 1473 692 1513 τουτουσί.
747 1469 826 1525 ἐγώ
872 1470 919 1511 δέ
959 1486 1006 1512 σε
1047 1468 1260 1524 περιόντος
1287 1472 1364 1522 μὲν
1390 1466 1508 1525 ᾔδειν
1534 1471 1740 1522 βασιλέως

288 1537 363 1591 τήν
399 1553 443 1578 τε
481 1539 556 1578 τοῦ
591 1533 791 1588 μεσᾷζειν
829 1537 1184 1591 ἑγκεχειρισμένον
1212 1534 1283 1576 καί
1309 1536 1380 1576 τοῦ
1407 1536 1628 1586 βασιλικοῦ
1665 1551 1792 1583 ‘ca-20

257 1603 436 1655 Βμιείου
464 1599 538 1656 τὴν
564 1598 724 1655 ἀρχήν·
755 1599 862 1654 πλήν
890 1603 962 1641 καί
987 1599 1079 1641 τότε
1097 1634 1111 1653 ,
1138 1599 1247 1642 εἴποι
1275 1616 1338 1648 τις
1366 1594 1440 1652 ἂν,
1470 1600 1550 1653 οὔχ
1577 1596 1739 1649 ἑκόντος

293 1669 524 1721 βασιλέως,
569 1664 675 1708 cm&
717 1663 788 1706 διὰ
829 1662 874 1706 τὸ
914 1664 1146 1717 βούλεσθαι
1187 1667 1335 1707 τοῦτον
1373 1665 1738 1720 παραχωροῦντος.

295 1733 360 1775 διὸ
390 1733 463 1776 καί
491 1728 621 1774 πὀλλα
651 1730 847 1780 πολλάκις
876 1726 1112 1782 ὠνειδίζετο
1140 1736 1239 1786 παρ’
1278 1732 1465 1783 ἐκείνου,
1515 1728 1619 1773 κατὰ
1658 1733 1738 1772 σοῦ’

293 1909 558 1955 praefecturas,
587 1919 661 1942 non
687 1918 706 1940 a
735 1918 862 1953 magno
895 1907 1115 1948 domestico,
1152 1907 1215 1941 sed
1241 1906 1304 1940 abs
1329 1911 1365 1940 te
1391 1906 1566 1939 committi
1593 1917 1635 1939 ac
1659 1906 1735 1939 dari

294 1956 472 1990 omnibus.
503 1955 647 2000 *Quare
681 1955 791 1987 ctiam
824 1955 951 1987 decere
988 1954 1165 1994 arbitror,
1206 1954 1275 1986 tibi
1313 1952 1357 1985 de
1390 1952 1566 1985 beneficio
1604 1954 1735 1995 gratias

293 2014 412 2047 agere.
465 2001 573 2045 Quod
599 2002 628 2034 si
654 2003 705 2034 ita
743 2005 817 2041 cst,
852 2005 894 2033 ut
928 2000 1019 2034 mihi
1057 2000 1222 2040 videtur,
1260 1998 1349 2045 quid
1382 2000 1456 2038 ita,
1488 2009 1565 2031 cum
1599 1999 1662 2037 abs
1697 2002 1734 2032 te

293 2050 430 2082 iussum
455 2050 503 2080 sit
533 2048 655 2081 ambas
690 2047 855 2081 obtinere
891 2056 949 2081 me
981 2047 1245 2090 praefecturas,
1278 2056 1366 2091 quas
1399 2047 1480 2078 vivo
1517 2045 1735 2088 imperatore

293 2095 540 2134 obtinuerim,
581 2105 688 2127 unam
715 2093 775 2126 hic
798 2091 888 2125 mihi
915 2092 1034 2132 dedit,
1072 2092 1220 2125 alteram
1247 2091 1405 2135 eripuit?
1444 2090 1564 2133 Quare
1591 2097 1626 2124 te
1650 2102 1734 2131 oro,

294 2147 335 2174 ut
361 2142 509 2178 alteram
536 2151 682 2184 quoque
708 2137 811 2173 reddi
835 2138 980 2171 iubeas:
1004 2139 1061 2171 vel
1084 2138 1204 2182 potius
1230 2139 1308 2182 ipso
1333 2143 1523 2181 praesente
1548 2142 1586 2169 tn
1612 2137 1651 2170 in
1677 2147 1734 2170 me

294 2187 482 2227 conferas,
507 2191 548 2218 ut
574 2185 644 2218 tibi
669 2186 808 2230 potius,
836 2196 923 2229 quas
949 2184 1088 2224 debeo,
1113 2185 1240 2229 gratias
1267 2195 1378 2227 agam.
1410 2183 1551 2216 Silcbat
1574 2182 1619 2216 ad
1645 2183 1734 2219 haee

295 2245 442 2278 magnus
467 2232 702 2273 domesticu-«33
735 2231 945 2275 imperatrix
968 2236 1089 2263 autem
1121 2230 1375 2275 Apocauchum
1411 2229 1640 2266 vehementer
1671 2230 1734 2263 in-

295 2285 434 2323 gratum
461 2278 642 2318 iudicans,
666 2278 796 2321 Magna
831 2288 888 2310 me
920 2278 1018 2322 capit
1049 2276 1266 2315 admiratio,
1298 2276 1438 2321 inquit,
1475 2287 1549 2309 non
1590 2276 1732 2309 intelli-

297 2331 462 2371 gentem,
501 2324 678 2358 undenam
704 2324 750 2355 ad
773 2323 981 2357 huiusmodi
1005 2333 1108 2356 voces
1137 2324 1333 2367 impcllare.
1383 2321 1421 2354 Si
1446 2323 1543 2355 enim
1567 2332 1732 2366 maguum

297 2372 534 2405 domesticum
559 2381 634 2402 non
662 2369 810 2408 eadem,
829 2379 908 2415 .qua
933 2370 1236 2413 prius,potestate
1262 2369 1380 2402 valere
1409 2372 1446 2400 et
1479 2378 1536 2401 me
1567 2367 1612 2401 ab
1651 2368 1731 2412 ipso

297 2417 500 2461 discrepare
529 2415 756 2455 existimans,
787 2421 990 2460 arroganter
1013 2420 1050 2448 et
1073 2415 1296 2448 confidenter
1329 2416 1367 2447 in
1403 2425 1485 2447 eum
1521 2414 1731 2448 irruendum

296 2463 514 2503 decrevisti,
545 2464 633 2496 scito
661 2467 697 2495 te
725 2467 803 2495 tota
825 2463 883 2495 via
909 2462 1102 2494 aberrasse.
1152 2461 1216 2494 Sin
1240 2472 1358 2506 neque
1384 2460 1428 2493 de
1457 2460 1641 2504 potentia.
1665 2470 1732 2493 ne-

298 2519 368 2555 que
395 2509 437 2542 dc
470 2508 725 2544 benevolentia
759 2508 859 2540 illius
890 2518 972 2551 erga
1003 2518 1060 2540 me
1093 2508 1291 2553 quidquam
1327 2507 1560 2539 imminutum
1593 2505 1731 2549 sciens,

296 2555 416 2588 nihilo
442 2557 558 2588 minus
583 2555 654 2587 huc
680 2554 898 2587 insolentiae
924 2554 1151 2599 processisti,
1183 2563 1257 2587 nou
1281 2564 1345 2597 ego
1375 2554 1445 2586 iam
1472 2551 1569 2585 hunc
1593 2563 1732 2586 sermo-

296 2612 380 2634 nem
405 2607 506 2635 tuum
533 2600 803 2645 impudentiae,
843 2599 906 2633 sed
934 2601 1112 2634 amentiae
1145 2600 1402 2644 adscripserim.
1450 2598 1530 2631 Non
1565 2609 1622 2631 me
1655 2599 1731 2632 fal-

296 2646 418 2686 lebat,
455 2649 648 2691 superstite
680 2648 921 2690 imperatore,
960 2646 1258 2680 administratoris
1282 2656 1412 2678 munus
1449 2643 1627 2689 simulque
1652 2645 1729 2680 fisci

295 2694 558 2738 praefecturam
583 2693 652 2726 tibi
679 2693 920 2735 commissam3
942 2697 1187 2728 verumtamen
1213 2693 1323 2725 etiam
1345 2697 1421 2726 tum
1446 2689 1564 2724 dicere
1582 2690 1728 2732 licebat,

296 2750 371 2772 non
396 2741 645 2784 imperatorem
665 2739 821 2772 voluis-se
836 2764 845 2779 ‚
875 2738 938 2772 sed
960 2739 1103 2772 volente
1130 2738 1200 2771 hoc
1222 2738 1426 2783 permisisse
1441 2760 1452 2776 ,
1481 2737 1579 2782 quod
1603 2739 1637 2772 ei
1661 2747 1729 2782 po·-

296 2790 372 2821 stea
402 2786 554 2820 multum
594 2796 638 2821 ae
674 2795 781 2831 saepe
812 2785 853 2819 in
891 2790 929 2819 te
961 2783 1185 2820 stomachans
1221 2783 1480 2830 exprobrabat,
1512 2783 1615 2828 quasi
1653 2793 1727 2819 rem
