1800 3132
550 214 926 258 nisTomAmJM
967 218 1039 256 111.
1081 217 1122 261 7.
1492 193 1562 248 53

134 335 219 363 τειν
249 317 322 368 τὰς
360 316 575 372 συνθήκας
624 317 698 358 καί
736 317 942 369 βασιλέως
968 320 1054 364 τοῖς
1081 311 1205 356 παισὶ
1228 318 1469 368 συμμαχεῖν
1495 311 1657 362 annue.
1670 318 1755 371 ,ιδῃ

132 384 227 434 τοὺς
254 385 495 436 πολεμίους,
535 377 587 425 ἄν
614 398 724 431 τινες
761 376 866 435 αἷσι,
912 380 1007 423 νυνὶ
1032 379 1214 432 μάλιστα
1240 381 1313 434 τῆς
1341 377 1456 436 παρὰ
1483 380 1569 421 τῶν
1716 369 1718 371 ,

134 451 267 507 φίλων
303 449 540 503 ἐπικουρίας
568 448 791 500 δεομένοις.
850 445 872 488 ὅ
903 447 940 487 δ’
977 444 1084 487 ἔοικε
1115 443 1264 487 ταύτὸν
1290 450 1377 494 τοῖς
1403 447 1568 494 πολλοῖς

133 519 310 566 παθτῑν,
341 513 383 555 οἲ
407 514 563 564 ζῶντας
595 514 671 566 μὲν
700 511 982 568 θεραπεύουσι
1012 509 1111 559 τούς
1138 509 1364 562 δυνατούς,
1396 506 1446 552 οὗ
1459 510 1569 562 μᾶλ-

108 581 205 622 5λον
230 580 421 630 ἐκείνων,
461 574 489 633 ἢ
526 580 602 620 τοῦ
640 579 788 631 καιροῦ
815 575 888 618 καί
913 577 985 630 τῆς
1014 574 1180 617 ἐκείνων
1206 573 1426 628 δυνάμεως
1455 570 1566 623 ὄντες

132 648 250 701 φίλοι
267 661 278 672 ·
335 642 506 686 ἐπειδὰν
547 644 594 685 δὲ
623 644 902 696 ἆποίχωνται,
930 642 1014 683 τῶν
1040 640 1182 682 αἰτίων
1210 638 1391 696 ὥσπερεί
1419 641 1565 681 διαλυ-

130 713 287 753 θέντων
313 712 387 764 τῆς
421 707 593 766 φιλίας,
628 707 760 765 ῥᾷστα
787 706 891 763 πρὸς
917 705 1077 762 ἔχθραν
1109 705 1319 759 ἔξάγονται
1345 706 1429 746 τῶν
1455 702 1603 759 πρό-1)

129 790 247 830 τερον
273 773 499 817 δοκούντων
525 771 635 816 εἶναι
662 774 818 829 φίλων,
847 770 918 814 διὰ
945 769 1017 826 τὴν
1045 767 1279 822 ἀδυναμίαν
1307 768 1461 818 αὐτοὺς
1489 781 1561 817 πε-ι

131 844 364 897 ριορῶντες.
432 837 574 881 ἔπειτα
619 841 664 881 δὲ
690 839 763 880 καί
796 836 902 894 πρὸς
936 835 1014 892 τὴν
1056 835 1225 887 ἀξίωσιν
1261 835 1403 877 αὐτῶν
1454 831 1564 876 οὕτω

81 905 201 961 ιοτὴν
233 907 456 960 α’πολογίαν
484 907 687 958 ἐποιεῖτο,
725 903 782 953 ὥς
809 900 859 944 οὖ
887 900 1063 958 πάτριον
1089 907 1176 951 τοῖς
1196 898 1415 953 Ῥωμαίων
1439 902 1564 951 βασι-

129 974 244 1014 λεῧσι
261 1006 274 1025 ,
307 970 403 1020 τούς
430 970 573 1020 αὐτοῖς
599 967 917 1027 προσφυγόντας
954 974 1039 1016 τοῖς
1067 965 1277 1019 πολεμίοις
1304 963 1558 1020 προδιδόναι.

131 1035 212 1079 ἀπὸ
251 1035 330 1093 γὰρ
373 1037 454 1079 τῶν
485 1035 805 1077 Κωνσταντίνου
847 1037 922 1077 τοῦ
946 1031 1126 1088 μεγάλου
1152 1028 1317 1087 χρόνων
1347 1026 1451 1085 ἄχρι
1486 1032 1562 1072 νῦν

112 1104 212 1153 ’τοῖς
242 1100 459 1155 Ῥωμαίων
494 1102 737 1155 βασιλεῦσι,
785 1100 949 1153 μείζοσι
982 1100 1054 1141 καί
1089 1098 1455 1153 περιφανεστέροις
1479 1097 1563 1136 τῶν

128 1171 227 1224 παρ’
259 1165 446 1216 ἑκάστοις
481 1165 620 1208 ἔθνεσι
653 1167 899 1219 βασιλεῦσιν
940 1160 966 1220 ἢ
1006 1163 1228 1211 δυνάσταις
1257 1157 1376 1215 οὖσι,
1418 1159 1565 1203 πολλοὶ

79 1236 208 1280 ιόταῖν
234 1235 329 1288 παρ’
363 1229 504 1281 αὐτοῖς
534 1230 747 1287 ἀρχόντων
779 1228 1058 1286 ἀτυχήσαντες
1083 1230 1154 1269 καί
1186 1229 1258 1282 τῆς
1286 1227 1419 1282 α’ρχῆς
1446 1227 1561 1279 ἐκβε-

125 1300 322 1353 βλημένοι
347 1296 563 1352 γεγόνασιν
594 1295 745 1347 ἱκέται,
788 1294 827 1337 οἱ
866 1298 944 1349 μὲν
971 1295 1048 1350 τὴν
1076 1294 1230 1335 οἰκείαν
1250 1289 1394 1340 αὐτοῖς
1417 1290 1562 1343 δεόμε-

126 1380 191 1406 νοι
219 1363 356 1418 ἀρχὴν
383 1361 687 1415 ἑπανασώζειν,
726 1361 764 1403 οἱ
793 1363 840 1403 δὲ
865 1360 939 1402 καί
965 1355 1101 1408 ἄλλως
1126 1360 1318 1414 προνοίας
1344 1357 1417 1399 καὶ
1442 1359 1680 1414 mdc-{³372

126 1430 270 1483 μονίας
295 1434 436 1483 τυχεῖν
460 1443 585 1477 τινος.
625 1429 698 1468 καί
721 1429 848 1470 πᾶσιν
874 1421 1055 1482 ἤρκεσαν
1084 1422 1190 1481 πρὸς
1215 1423 1290 1473 τὰς
1317 1420 1562 1478 συμφοράς,

128 1491 266 1548 ὥσπερ
296 1491 426 1535 κοινοὶ
452 1496 633 1548 σωτῆρες
660 1494 734 1534 καί
758 1490 988 1548 προστάται
1016 1493 1099 1532 τῶν
1132 1488 1314 1547 δυσκόλῳ
1331 1489 1437 1545 τύχῃ
1458 1503 1564 1542 χρη-

74 1561 315 1611 αοσαμένων
328 1553 443 1606 ὄντες
456 1591 469 1610 ,
500 1560 573 1600 καί
599 1563 684 1606 τοῖς
704 1560 781 1611 μὲν
807 1559 945 1599 αὐτῶν
973 1555 1182 1598 ἀπέδοσαν
1199 1553 1275 1604 τοὶς
1297 1551 1431 1609 ἀρχὰς
1446 1587 1459 1606 ,
1473 1567 1563 1605 χει-

127 1625 174 1680 ρί
198 1626 327 1681 πολλῇ
358 1623 677 1678 κονταγαγόντες,
707 1624 846 1671 ἐνίους
874 1623 920 1663 δὲ
946 1619 1285 1677 εὖεργετήσαντες
1305 1617 1465 1673 μεγάλα
1493 1618 1567 1659 καί

127 1693 202 1744 τῆς
230 1689 383 1737 οἰκείας
408 1686 652 1742 ποιήσαντες
681 1687 936 1735 ἐκλαθέσθαι
963 1688 1014 1742 τῇ
1041 1684 1251 1741 ὑπερβολῇ
1276 1685 1359 1724 τῶν
1383 1683 1564 1736 δωρεῶν,

129 1753 299 1796 ἔπεισαν
317 1754 459 1801 αὐτοῖς
486 1759 670 1796 συνεῖναι
699 1752 770 1797 διὰ
797 1751 892 1806 βίου
912 1784 923 1803 ,
950 1752 1027 1806 τὴν
1051 1749 1166 1805 παρὰ
1188 1752 1358 1802 βασιλεῖ
1373 1749 1565 1789 δουλείαν

127 1818 232 1862 πολύ
263 1819 412 1873 βελτίω
438 1817 686 1871 νομίσαντας
715 1819 787 1859 καί
812 1817 1167 1872 θαυμασιωτέραν
1197 1816 1271 1870 τῆς
1311 1814 1447 1869 α’ρχῆς
1478 1812 1562 1854 τῶν

127 1990 223 2013 mum
249 1978 520 2024 indigentibus,
545 1981 669 2011 eontra
694 1987 818 2010 eorum
842 1976 984 2016 hostes,
1014 1976 1045 2008 si
1071 1974 1133 2019 qui
1159 1973 1316 2014 fuerint,
1352 1972 1562 2008 societatem

128 2027 320 2060 instituere
347 2025 526 2059 debuisse.
575 2025 709 2057 Verum
732 2023 788 2056 illi
813 2022 931 2062 idem,
952 2022 1051 2068 quod
1076 2021 1212 2060 multis,
1238 2031 1303 2053 usu
1329 2020 1472 2061 venire,
1497 2021 1562 2066 qui

126 2073 372 2117 potentiores,
395 2072 493 2106 vivos
520 2069 690 2118 quidem,
732 2069 856 2102 ossiciis
892 2069 1146 2107 demerentur,
1177 2078 1250 2100 non
1285 2071 1358 2098 tam
1400 2067 1562 2110 ipsorum

128 2119 256 2159 amici,
292 2130 397 2165 quam
433 2118 602 2162 temporis
635 2122 673 2150 et
695 2116 923 2161 opulentiae:
962 2115 1027 2148 ubi
1052 2118 1172 2146 autem
1197 2117 1347 2146 mortem
1372 2113 1563 2154 obierunt,

126 2165 240 2199 veluti
273 2177 351 2198 cum
382 2170 499 2197 morte
524 2164 652 2197 solutis
678 2163 856 2196 amicitiae
882 2161 1047 2206 legibus,
1074 2171 1135 2192 eos
1165 2160 1233 2192 iam
1270 2164 1310 2192 ut
1345 2159 1563 2203 impotentes

126 2217 362 2246 contemnunt
396 2210 640 2255 facillimeque
673 2208 848 2248 oderunt,
889 2219 978 2254 quos
1009 2207 1108 2250 prius
1147 2206 1299 2250 diligere
1334 2204 1560 2239 videbantur.

126 2257 268 2292 Deinde
290 2258 335 2290 ad
358 2259 572 2303 petitionem
597 2256 665 2289 hoc
687 2265 897 2299 responsum
927 2254 1063 2286 attulit·
1113 2251 1194 2285 Nou
1233 2256 1286 2284 est
1321 2250 1381 2284 hie
1424 2252 1562 2296 patrius

127 2314 205 2336 mos
231 2305 420 2344 Romanis,
454 2303 499 2337 ad
524 2314 560 2335 se
587 2301 834 2345 confugientes
859 2310 983 2333 eorum
1007 2298 1173 2332 hostibus
1206 2297 1347 2330 dedere.
1396 2297 1426 2330 A
1458 2297 1563 2332 Con-

131 2351 291 2384 stantino
322 2351 418 2384 enim
446 2350 576 2391 Magno
619 2348 788 2381 Romanis
832 2344 1110 2390 imperatoribus
1145 2344 1364 2388 singularum
1398 2344 1560 2386 gentium

131 2407 232 2439 reges
256 2406 296 2428 ac
319 2395 483 2429 dominos
509 2394 755 2439 magnitudine
780 2404 822 2426 ac
847 2394 1041 2426 nobilitate
1064 2391 1207 2436 imperii
1236 2389 1563 2431 antecellentibus,

129 2443 329 2489 complures
356 2453 491 2482 eorum,
515 2442 662 2475 adversa
689 2441 834 2474 fortuna
857 2439 915 2472 usi
933 2445 971 2472 et
995 2438 1197 2483 principatu
1223 2436 1343 2476 eiecti,
1377 2437 1560 2480 supplices

127 2489 216 2522 facti
239 2494 341 2522 sunt:
368 2489 432 2521 alii
457 2493 643 2533 rogantes,
671 2498 774 2520 suum
797 2486 870 2518 sibi
892 2486 1135 2529 principatum
1162 2482 1382 2526 recuperari:
1405 2482 1468 2514 alii
1495 2484 1563 2516 ali-

128 2539 185 2568 ter
210 2536 265 2567 sui
290 2545 408 2567 curam
432 2533 768 2579 providentiamque
793 2532 1003 2576 flagitantes.
1054 2530 1127 2574 Qui
1153 2536 1332 2574 tamquam
1355 2539 1561 2562 communes

129 2582 416 2614 calamitosorum
446 2580 638 2613 salvatores
674 2591 714 2612 ac
739 2578 885 2624 patroni
918 2577 965 2609 ab
989 2577 1155 2611 omnibus
1179 2586 1383 2608 aerumnam
1412 2574 1562 2618 depule-

129 2633 223 2660 runt.
272 2627 361 2660 Nam
387 2626 452 2660 hos
478 2628 516 2658 in
541 2627 690 2670 imperia
715 2637 780 2658 sua
812 2636 891 2658 eum
916 2623 1035 2656 valida
1059 2633 1166 2655 manu
1198 2620 1441 2654 reduxerunt:
1477 2621 1560 2654 illos

127 2673 315 2707 beneficiis
351 2685 391 2706 ac
424 2673 527 2706 donis
562 2671 925 2716 magnificentissimis
956 2670 1256 2702 cohonestarunt:
1289 2666 1444 2713 quibus,
1481 2678 1560 2700 cum

128 2720 180 2751 eis
206 2731 349 2753 suarum
374 2719 637 2763 provinciarum
661 2718 870 2751 memoriam
895 2716 1144 2751 excussissem,
1165 2719 1205 2746 ut
1227 2725 1344 2746 secum
1371 2713 1415 2745 de
1443 2718 1561 2745 cetero

128 2765 236 2798 vitam
260 2767 439 2805 viverent,
465 2771 626 2798 auctores
654 2766 823 2798 fuerunt:
848 2765 899 2796 Im
928 2762 1060 2796 eratori
1085 2759 1254 2801 subesse,
1290 2759 1406 2792 multo
1431 2759 1562 2791 melius

132 2817 168 2846 et
197 2812 371 2847 illustrius
398 2811 635 2853 ducentibus,
675 2821 782 2857 quam
815 2821 885 2856 apu
945 2819 1043 2842 suam
1080 2812 1222 2852 gentem
1255 2817 1371 2842 rerum
1402 2805 1559 2839 habenas
