1812 3146
262 140 384 215 ,490
799 158 1171 202 CANTACUZENJ

73 257 490 317 Δ.ο,.344πρεσβειάν
503 288 517 310 ,
550 259 770 313 ἐκκλησίαν
795 261 1149 314 συναθροίσαντες
1186 255 1458 312 ἐβουλεύοντο
1505 253 1586 311 ὁ’,τι
1614 259 1703 301 δέοι

262 321 472 378 πράττειν.
517 325 590 366 καί
614 321 750 367 ἐδόκει
776 325 880 367 πᾶσι
904 325 1038 383 ψήφῳ
1066 326 1181 381 κοινῇ
1209 330 1468 381 προσχωρεῖν
1496 328 1554 381 τῷ
1580 327 1702 378 βασι-

261 393 347 442 λεῖ,
379 383 534 438 οἷδίκως
567 404 611 430 τε
638 391 931 449 πολεμουμένῳ
968 394 1041 432 καί
1073 390 1388 448 ἀπελαυνομένῳ
1416 390 1497 432 τῶν
1519 389 1707 442 Ῥωμαιὲ

262 469 322 495 ων
369 453 442 508 τῆς
493 453 630 509 ἀρχῆς
669 453 743 496 καί
785 456 1002 512 δυναμένῳ
1041 455 1263 509 βλάπτειν·
1301 455 1374 496 καί
1407 452 1703 510 Παλαιολόγον

261 520 304 560 Γ
300 517 473 574 ειόργιον
499 517 571 562 τὸν
603 515 786 575 ἄρχοντα
812 517 953 563 αύτῶν
981 523 1169 564 ἐκέλευον
1178 554 1191 574 ,
1234 520 1275 563 εἶ
1301 519 1360 577 μὴ
1391 521 1582 575 βούλοιτο
1619 519 1733 573 σύνό,

259 581 406 634 αὐτοῖς
431 589 647 641 προσιέναι
677 589 874 642 βασιλεῖ,
913 589 1054 629 πᾶσαν,
1081 584 1230 640 ἔχοντα
1261 585 1337 642 τὴν
1369 586 1609 642 ἀποσκευὴν
1636 589 1698 638 εἷς

257 648 495 701 Βυζάντιον
540 651 789 708 ἀποχωρεῖν.
846 654 1029 700 κιίκεῖνος
1069 650 1210 701 αὐτοῖς
1248 650 1404 707 πολλὴν
1443 651 1703 707 ὁμολογήσας.

228 718 342 772 Βτῆς
363 714 677 772 εὐγνωμοσύνης
703 714 857 772 χάριν,
890 716 1099 774 ἀπεχώρει
1126 716 1188 772 μὴ
1207 715 1455 771 βουλόμενος
1481 719 1705 773 προσιέναι,ι

261 786 436 837 βασιλεῖ
446 814 458 837 ,
486 783 701 824 συνείπετο
729 785 775 825 δὲ
807 785 879 825 καί
895 783 918 825 ὅ
937 784 1238 839 μητροπολίτης
1258 784 1399 832 δείσας
1417 783 1695 838 πατριάρχην.

257 846 427 900 Βιζύϊοι
457 849 504 890 δὲ
536 846 611 888 δύο
639 863 684 891 τε
719 851 802 890 τῶν
838 848 1021 905 ἀρίστων
1067 846 1365 902 ἀπολεξάμενοι
1413 847 1487 890 καί
1514 850 1589 889 τοῦ
1621 845 1752 903 (DJ-m

255 930 339 968 μου
379 912 452 955 καί
488 915 562 968 τῆς
604 914 822 968 ἐκκλησίας
869 915 1095 965 τοσούτους
1138 911 1330 970 ἑτέρους,
1374 912 1480 966 πρὸς
1519 912 1703 967 βασιλέα.

255 980 452 1034 πρέσβεις
489 978 672 1031 ἔπεμπον
723 981 797 1022 καί
837 978 912 1035 τὴν
962 976 1082 1022 πόλιν
1120 979 1400 1035 παρεδίδουν·
1443 977 1606 1034 ἔφασαν
1649 977 1697 1020 δὲ

256 1046 331 1087 καί
356 1043 480 1087 αὐτοὶ
516 1044 720 1101 πρότερον
761 1047 839 1099 μὲν
878 1044 960 1087 ὑπὸ
996 1048 1079 1088 τῶν
1106 1043 1320 1101 α’ρχόντων
1363 1045 1660 1100 ἐξηπατημένοι
1679 1073 1701 1095 ,-.

255 1109 555 1166 ἀγνωμοσύνην
581 1126 624 1153 τε
663 1105 1066 1167 αὐτοῦ’-κατηγορεῖν
1108 1111 1185 1153 καί
1226 1109 1453 1165 ἐπιβουλήν
1494 1108 1566 1152 καί
1590 1123 1695 1164 προ-

255 1178 404 1219 δοσίαν
431 1178 617 1231 ἐγκαλεῖν
642 1180 727 1219 τῶν
753 1180 958 1231 βασιλέως
999 1179 1176 1220 παίδων.
1233 1178 1325 1219 ἐπεὶ
1351 1177 1398 1219 δὲ
1429 1178 1504 1218 τοῦ
1535 1171 1753 1230 χρόνουῐᾷΙ

251 1243 526 1298 τριβομένου,
559 1244 708 1284 ἐκεῖνοι
736 1245 1091 1298 συκοφαντοῦντες
1125 1239 1418 1288 ἀπεδείκνυντο
1446 1243 1518 1283 καί
1543 1238 1596 1282 τοὶ
1615 1241 1693 1293 μέ-

250 1323 374 1361 γιστα
405 1304 666 1362 ἠδικηκότες,
696 1306 819 1356 αὐτὸς
847 1309 893 1349 δὲ
926 1304 1199 1360 ἀδικούμενος
1225 1308 1299 1349 καί
1325 1305 1693 1360 ἐπιβουλευόμενος

250 1375 325 1415 καί
365 1371 489 1414 οὐδὲν
527 1374 701 1422 ἐπιεικὲς
735 1370 924 1427 ἀκούων,
966 1371 1108 1415 ἔπειτα
1136 1374 1208 1414 καί
1232 1371 1310 1427 τὴν
1339 1370 1479 1427 κοινήν
1520 1369 1693 1427 δρῶντες

248 1440 565 1493 πανωλεθριάν,
604 1436 634 1493 ἢ
670 1438 811 1492 ὀλίγου
845 1441 932 1480 δεῖν
952 1437 1188 1491 Ῥωμαίους
1216 1434 1401 1486 ἅπαντας
1428 1439 1691 1495 διέφθειρεν,

221 1501 480 1551 Οοῖκούοντές
507 1519 552 1545 τε
579 1502 652 1545 καί
676 1502 809 1545 αὐτὸν
840 1503 910 1546 οἷεί
936 1502 1129 1557 δεόμενον
1162 1505 1259 1559 περὶ
1282 1502 1468 1559 εἰρήνης,
1509 1504 1756 1551 έκείνουςαο.

252 1570 300 1610 δὲ
320 1567 594 1624 αἱρουμένους
632 1567 705 1611 τὸν
741 1569 952 1610 τοσούτων
994 1568 1126 1611 αἴτιον
1165 1567 1346 1622 πόλεμον
1373 1569 1537 1621 κακῶν,
1565 1564 1699 1617 δεινοὶ1

248 1635 328 1687 μὲν
357 1631 553 1688 ἡγεῖσθαι
581 1632 633 1675 τὰ
663 1631 930 1689 πραττόμενα
969 1634 1042 1676 καί
1079 1636 1420 1689 προθυμεῖσθαι,
1460 1633 1504 1675 εἴ
1522 1648 1584 1682 τις
1612 1629 1690 1674 δύ-

248 1714 374 1750 ναμις
400 1700 521 1753 ἐνῆν,
548 1698 668 1741 λύσιν
694 1698 783 1741 τινὰ
811 1701 1062 1755 ἐξευρίσκειν
1087 1702 1167 1741 τῶν
1193 1701 1343 1742 κακῶν.
1370 1701 1461 1741 ἐπεὶ
1487 1699 1526 1740 δ’
1545 1699 1689 1746 αὐτοῖς

247 1766 371 1807 τοῦτο
403 1764 479 1806 οὔκ
504 1764 549 1806 ἐν
576 1766 757 1824 ἐφικτῷ,
800 1764 895 1815 τούς
920 1768 1000 1820 μὲν
1028 1760 1179 1815 ἄλλους
1205 1762 1390 1814 ἅπαντας
1416 1765 1489 1821 τῆς
1515 1779 1700 1821 ‹ruptum--

247 1912 400 1950 coeunt,
425 1906 515 1954 quid
539 1913 666 1953 agant,
693 1907 908 1943 deliberant.
973 1910 1051 1942 Una
1075 1912 1130 1943 est
1154 1908 1314 1942 omnium
1350 1912 1387 1942 et
1421 1916 1569 1941 concors
1594 1915 1680 1940 sen-

247 1956 363 1989 tentia
403 1955 450 1988 ad
482 1956 734 2001 imperatorem
767 1953 1048 1991 transeundum:
1074 1956 1138 2001 qui
1163 1960 1303 2001 praeter
1327 1956 1383 1988 ius
1420 1957 1457 1986 et
1489 1953 1542 1986 fas
1574 1953 1682 1986 armis

247 2002 430 2048 appetitus
468 2007 505 2035 et
542 2004 699 2036 Romano
728 2003 882 2048 imperio
908 2003 1032 2047 pulsus
1059 2006 1174 2043 esset,
1205 2002 1341 2047 quique
1369 1999 1583 2033 adversariis
1607 2001 1682 2034 suis

245 2060 377 2082 nocere
411 2053 556 2092 posset:
596 2049 792 2094 Georgium
825 2048 1074 2093 palaeologum
1115 2049 1356 2093 praefectum,
1391 2047 1462 2079 nisi
1497 2052 1682 2091 sequatur,

247 2106 328 2128 cum
363 2100 440 2128 tota
473 2107 510 2129 re
550 2095 721 2129 familiari
756 2096 969 2139 Byzantium
1004 2095 1194 2139 remigrare
1224 2094 1365 2128 iubent.
1413 2093 1446 2126 Is
1472 2093 1682 2137 imperatori

244 2151 285 2175 se
318 2141 531 2176 submittere
564 2142 712 2183 nolens,
744 2142 1006 2175 humanitatem
1037 2142 1142 2175 istam
1173 2141 1287 2173 multa
1315 2140 1510 2184 gratiarum
1535 2140 1679 2173 actione

243 2194 456 2232 prosecutus
491 2188 670 2229 discedit,
708 2190 767 2221 cui
791 2199 828 2221 se
852 2189 1082 2232 metropolita
1106 2185 1344 2232 patriarcham
1384 2187 1517 2219 timens
1548 2185 1680 2219 adiun-

243 2234 306 2278 git.
356 2234 543 2278 Bizyenses
568 2235 658 2268 duos
682 2234 727 2268 de
751 2233 1008 2279 optimatibus,
1040 2234 1191 2267 totidem
1219 2233 1264 2266 de
1296 2233 1431 2278 populo
1464 2237 1501 2266 et
1532 2231 1679 2265 ecclesi-

245 2281 394 2322 asticis,
419 2292 543 2314 omnes
569 2292 719 2315 numero
746 2291 808 2314 sex
832 2281 1019 2325 deligunt,
1045 2291 1136 2325 quos
1160 2278 1206 2312 ad
1233 2279 1487 2325 imperatorem
1512 2279 1678 2318 mittunt,

247 2331 286 2358 et
313 2327 438 2361 urbem
464 2328 632 2362 tradunt:
662 2327 894 2373 fatenturque
922 2333 959 2361 et
983 2327 1077 2371 ipsi,
1110 2338 1148 2360 se
1177 2326 1277 2371 prius
1302 2337 1321 2358 a
1347 2325 1537 2370 praefectis
1570 2324 1676 2358 illum

243 2383 309 2417 pro
332 2374 522 2418 improbo
554 2379 591 2407 et
626 2374 837 2408 insidiatore
877 2378 915 2407 et
942 2373 1166 2419 imperatoris
1205 2373 1362 2406 filiorum
1398 2370 1582 2417 proditore
1616 2382 1675 2403 ac-

245 2420 456 2454 cusantibus
493 2420 639 2454 delusos
672 2431 758 2454 esse.
827 2419 874 2453 At
905 2425 1095 2464 postquam
1137 2425 1300 2463 tempore
1338 2417 1556 2464 procedente
1593 2417 1676 2450 illos

244 2465 520 2500 calumniatores
558 2467 670 2500 fuisse
701 2467 966 2512 iniquissimos,
1006 2468 1196 2511 ipsumque
1228 2466 1404 2500 iniuriose
1439 2470 1476 2498 et
1499 2461 1674 2496 insidiose

243 2517 434 2545 tractatum
467 2519 505 2547 et
533 2513 735 2546 maledictis
776 2512 956 2546 confixum
1000 2514 1247 2557 apparuisset,
1307 2522 1462 2556 cumque
1496 2509 1675 2543 vidissent.

244 2567 466 2590 communem
494 2564 650 2604 pestem,
676 2571 748 2605 qua
775 2561 923 2593 Romani
948 2570 1062 2603 paene
1085 2569 1207 2591 omnes
1231 2558 1459 2597 interierint,
1484 2562 1522 2590 et
1545 2555 1672 2588 audis-

244 2609 327 2637 sent
356 2604 475 2648 ipsum
500 2617 621 2649 pacem
656 2607 734 2639 sine
760 2606 1024 2640 intermissione
1048 2606 1233 2649 flagitare,
1270 2605 1353 2637 illos
1379 2609 1499 2637 contra
1532 2601 1670 2635 bellum

244 2654 301 2683 tot
324 2650 494 2683 malorum
532 2663 674 2685 causam
697 2653 777 2697 paci
802 2652 1006 2698 praeferre,
1039 2652 1192 2697 graviter
1217 2651 1344 2685 tulisse
1375 2654 1589 2695 paratosque
1623 2647 1671 2680 ad

244 2695 441 2731 remedium
480 2699 591 2732 tantis
617 2700 796 2732 aerumnis
833 2698 1053 2732 afferendum
1077 2698 1211 2739 fuisse,
1238 2699 1268 2731 si
1295 2696 1402 2730 modo
1431 2696 1544 2729 ullum
1569 2695 1672 2728 inve-

243 2743 322 2779 nire
353 2743 567 2789 potuissent.
625 2745 695 2779 Scd
730 2745 900 2791 quoniam
941 2756 1014 2781 non
1039 2755 1079 2780 ca
1107 2750 1201 2779 esset
1226 2745 1383 2791 ipsorum
1407 2742 1580 2783 facultas,
1604 2740 1688 2788 ali-⁶
