1800 3132
266 157 379 215 388
806 170 1182 215 CANTACUZEM

72 284 339 330 Δ.ῦ,ι343τες
365 272 522 326 πολλοὶ,
552 271 625 314 καὶ
650 269 841 327 χρήμασι
870 268 969 320 τούς
995 268 1198 318 συνόντας
1223 269 1504 325 διαφθείρειν,
1529 269 1610 309 τῶν
1629 283 1715 310 κοι-

269 341 352 382 νῶν
375 337 598 391 Ῥωμαίοις
625 337 854 392 χρημάτων
881 333 953 377 ὕπ’
981 337 1174 385 ἐξουσίαν
1204 332 1444 391 Ἀποκαύκῳ
1487 336 1547 391 τῷ
1587 331 1717 387 μεγά-

268 408 326 462 λῳ
356 404 477 445 δουκί
512 403 724 454 κειμένων,
754 401 826 443 καί
848 400 984 443 πάντα
1014 398 1271 442 ἀναλώσοντι
1300 399 1507 455 ἀφειδῶς,
1543 399 1612 439 ἴνα
1637 396 1718 450 μό-

138 477 173 511 P.
190 475 258 512 566
271 485 339 511 νον
364 469 569 522 βασιλέως
600 468 864 522 περιγένοιτο.
920 463 1004 507 οἶδε
1023 466 1102 520 γάρ
1134 466 1392 519 σαφέστατα,
1421 462 1497 516 ὥς,
1531 464 1610 511 ἕως
1639 464 1717 516 μὲν

270 530 324 576 ἂν
358 535 514 582 ἐκεῖνος
556 534 705 588 περιῇ,
748 527 919 580 ἄπιστος
958 531 1074 588 αὐτῷ
1102 531 1185 572 τῶν
1211 530 1428 582 Ῥωμαίων
1455 528 1481 583 ἦ
1511 528 1740 583 ἧγεμονίαό

267 598 340 640 καί
368 599 622 653 ἀμφιβολος,
652 597 820 638 πάντων
861 599 943 638 τῶν
972 597 1155 651 ἀρίστων
1184 594 1256 636 ὑπ’
1280 596 1437 636 ἐκείνου
1464 596 1622 648 μᾶλλον
1649 591 1717 634 αἶ-

270 666 484 719 ρουμένων
511 658 737 718 ἄρχεσθαι.
794 657 844 703 ἂν
872 664 911 703 ‹5’
940 664 1094 709 ἐκεῖνος
1121 659 1259 716 τρόπῳ
1290 659 1340 715 δή
1366 676 1449 702 τινι
1475 662 1520 710 ἐξ
1549 655 1717 714 ἀνθρώ-

270 745 361 771 πων
398 727 554 781 οἴχοιτο
571 761 583 780 ,
619 727 801 781 ’βεβαίαν
841 728 898 776 εἰς
926 725 999 768 τὸν
1027 725 1171 767 ἔπειτα
1199 726 1313 782 αὐτῷ
1339 726 1537 780 ἐσομένην
1564 721 1718 779 χρόνον

270 793 347 849 τὴν
375 795 427 847 ἀρ
431 790 526 848 χήν·
558 794 611 835 δι’
642 789 670 833 ἃ
698 792 949 846 συμπάντων
975 788 1205 846 χρημάτων
1236 787 1474 846 ἀφειδὴσει.
1530 787 1558 831 ἃ
1582 786 1719 831 πάντα

274 861 536 911 ἐννοοῦντας,
566 864 740 911 ταχεῖαν
767 860 981 899 ποιεῖσθαι
998 856 1073 911 τὴν
1091 855 1295 910 βοήθειαν
1321 857 1543 910 προσῆκον.
1598 848 1651 896 ἄν
1673 868 1774 895 τειο

272 924 352 979 γὰρ
384 919 589 979 ἀπόληται
617 921 817 977 βασιλεύς
844 921 927 963 ὑπὸ
956 923 1038 964 τῶν
1067 923 1276 974 πολεμίων
1308 919 1620 977 περισχόντων,
1649 914 1722 960 οὗ·

273 992 425 1043 ὃεμιάν
452 987 554 1044 ἡμῖν
582 989 770 1041 ἀθυμίας
797 990 872 1029 καί
896 988 1029 1043 λύπης
1056 985 1290 1041 ὑπερβολὴν
1318 987 1504 1039 ἐλλείψει
1530 982 1635 1040 πρὸς
1656 980 1722 1041 ’τῷ

274 1057 348 1097 καί
383 1055 517 1104 κακῶς
557 1051 725 1095 ἀκούειν
765 1052 847 1095 ὑπὸ
884 1051 1069 1105 πάντων,
1113 1048 1179 1094 ὅτι
1208 1053 1413 1108 α’νανὸριᾲ
1440 1051 1514 1092 καί
1537 1052 1723 1108 μαλακίᾳ

277 1124 332 1177 τῇ
376 1121 476 1176 περὶ
513 1118 611 1168 τούς
655 1120 807 1168 πόνους
835 1119 1190 1174 καταπροδέὸοται
1218 1123 1304 1167 τοῖς
1330 1118 1546 1170 πολεμίοις
1575 1112 1676 1171 ἧμῖν
1700 1113 1725 1156 ὅ

235 1190 263 1225 Β
282 1188 417 1242 φίλος.
474 1179 526 1227 ἄν
557 1201 602 1227 τε
630 1186 894 1239 περιγένηται
922 1181 1041 1238 ἡμῶν
1067 1182 1227 1237 χωρίς,
1256 1181 1304 1224 τὸ
1334 1184 1480 1236 μεῖζον
1508 1183 1579 1236 τῆς
1599 1179 1774 1236 φιλο-15

279 1253 423 1305 τιμίας
454 1247 749 1307 παρῃρήμεθα.
812 1248 856 1291 τὸ
885 1251 964 1302 μὲν
993 1244 1069 1291 οὖν
1100 1247 1203 1304 πρὸς
1231 1248 1410 1301 ἀνέμους
1437 1247 1725 1294 ἀντιπνέοντας

282 1316 358 1358 καί
384 1315 606 1357 θάλασσαν
634 1316 877 1366 ἐξοιδοῦσαν
906 1314 976 1356 καί
1001 1316 1254 1368 μαινομένην
1282 1313 1605 1365 ἀπομάχεσθαι,
1648 1326 1724 1364 με-

280 1381 583 1436 λαγχολώντων
612 1381 760 1436 σαφῶς
787 1380 861 1421 καί
885 1380 1164 1422 θανατώντων
1191 1381 1258 1420 ἐπ’
1286 1375 1465 1434 οὗὸἐμιᾷ
1493 1378 1725 1433 φιλοτιμίᾳ.

279 1443 381 1489 ὅθεν
421 1447 521 1488 ου’ὅὲ
561 1444 666 1499 πρὸς
705 1448 904 1487 τοσοῦτον
930 1447 1121 1486 κίνδυνον
1141 1441 1405 1485 ἀποδύεσθαι
1426 1443 1538 1494 ὑμᾶς
1553 1438 1724 1482 κελεύω.

279 1510 426 1568 ἑτέραν
454 1513 500 1554 δὲ
528 1510 799 1566 ὑφηγήσομαι
827 1507 982 1562 αὐτὸς,
1012 1508 1138 1552 πόνον
1165 1511 1242 1562 μὲν
1271 1504 1406 1562 ὄλίγον
1433 1505 1629 1561 ἔχουσαν,
1657 1501 1779 1547 εῧ-αο

281 1582 426 1619 κλειαν
455 1578 500 1617 δὲ
532 1574 606 1617 καί
632 1575 823 1626 εὐδοξίαν
850 1571 1091 1631 ἀκροτάτην.
1149 1575 1276 1630 τριῶν
1302 1572 1379 1628 γὰρ
1410 1575 1491 1615 τῶν
1517 1574 1725 1627 μεγίστων

282 1643 488 1696 δείγματα
516 1641 617 1696 ἡμῖν
644 1642 865 1694 ἐξενεγκεῖν
906 1642 1093 1693 ἐξέσται,
1137 1641 1311 1696 ἀνδρίας
1348 1638 1421 1680 καὶ
1466 1635 1726 1694 δικαιοσύνης

284 1706 359 1749 καί
386 1707 645 1763 φρονήσεως-Γ
712 1704 759 1748 τὸ
789 1707 866 1759 μὲν
893 1704 971 1760 γὰρ
1001 1703 1083 1747 ὑπὸ
1110 1708 1194 1747 τῶν
1221 1706 1384 1758 ἀνέμων
1411 1706 1484 1745 καί
1509 1702 1726 1759 θαλάσσης

252 1774 582 1826 Οκωλυομένους
610 1768 758 1827 ἑτέραν
802 1771 986 1827 ἐξευρεῖν
1014 1769 1128 1826 ὁδὸν,
1157 1773 1213 1813 δι’
1239 1766 1289 1826 ἧς
1316 1770 1415 1825 ἡμῖν
1443 1766 1646 1825 ἀνυσθείη
1674 1768 1721 1812 τὸ

284 1930 370 1959 sunt
394 1935 519 1970 cogere
552 1928 589 1958 et
612 1926 767 1970 pecunia
794 1925 987 1959 exercitum
1015 1924 1092 1958 eius
1116 1930 1355 1958 transversum
1381 1935 1496 1970 agere,
1519 1935 1598 1958 cum
1623 1935 1725 1960 aera-

282 1973 376 2006 rium
401 1971 439 2003 in
475 1971 681 2016 Apocauchi
716 1972 884 2006 manibus
912 1973 980 2012 sit,
1005 1973 1070 2016 qui
1096 1976 1137 2004 ut
1164 1972 1417 2017 imperatorem
1457 1977 1612 2012 evertat,
1639 1984 1724 2018 pro-

283 2019 364 2051 fuse
400 2018 611 2063 largitiones
654 2018 783 2051 faciet:
816 2020 918 2052 novit
948 2017 1128 2058 siquidem
1164 2019 1481 2062 exploratissime,
1519 2018 1585 2051 illo
1621 2019 1720 2052 salvo

284 2064 438 2098 infidum
474 2069 510 2097 et
533 2066 711 2097 incertum
754 2065 826 2098 sibi
860 2065 1101 2098 Romanorum
1127 2063 1349 2098 dominatum
1375 2063 1471 2097 fore:
1498 2065 1598 2108 quod
1626 2065 1723 2109 opti,-

284 2115 397 2144 mates
421 2111 582 2144 universi
607 2110 652 2143 ab
684 2110 750 2143 illo
776 2120 884 2155 quam
911 2111 956 2144 ab
981 2121 1018 2143 se
1046 2111 1119 2155 regi
1144 2111 1335 2143 mavolent.
1373 2110 1436 2143 Sin
1460 2111 1523 2142 ille
1551 2121 1724 2156 quacum-

285 2168 358 2203 que
395 2156 541 2189 tandem
580 2157 721 2189 ratione
762 2167 781 2190 e
810 2157 899 2190 vivis
935 2156 1096 2190 sublatus
1134 2157 1264 2196 fuerit,
1299 2157 1440 2189 firmum
1469 2163 1506 2191 et
1529 2157 1658 2190 stabile
1682 2169 1722 2191 se
1762 2183 1764 2185 -

286 2214 438 2247 regnum
463 2203 508 2236 de
533 2207 653 2236 cetero
677 2203 909 2246 habiturum3
935 2214 1006 2248 qua
1032 2203 1075 2234 de
1100 2213 1204 2235 causa
1229 2207 1344 2235 totum
1371 2204 1547 2236 aerarium
1573 2203 1722 2249 prodige

286 2248 488 2283 exhauriet.
545 2248 650 2293 Quae
676 2250 798 2282 omnia
827 2260 894 2283 nos
921 2255 1005 2282 ante
1032 2249 1154 2281 oculos
1180 2256 1380 2293 ponentes,
1405 2250 1579 2283 auxilium
1604 2255 1723 2283 matu-

286 2306 366 2328 rare
400 2306 464 2339 par
499 2299 562 2327 est.
612 2295 693 2328 Sive
729 2295 825 2328 enim
859 2295 1025 2328 hostibus
1049 2294 1186 2327 cinctus
1211 2297 1361 2340 perierit
1387 2295 1603 2340 imperator,
1627 2296 1724 2330 nihil

287 2341 358 2374 erit
382 2340 482 2385 quod
508 2340 554 2373 ad
578 2341 765 2375 tristitiam
791 2341 1022 2385 doloremque
1047 2347 1207 2374 nostrum
1226 2342 1310 2374 addi
1334 2344 1461 2386 possit,
1484 2342 1722 2387 praeterhac,

286 2386 386 2432 quod
420 2387 552 2431 passim
591 2388 700 2421 nobis
721 2389 831 2420 'male
862 2386 1110 2427 dictitabitur,
1134 2389 1236 2432 quasi
1267 2390 1407 2433 ignavia
1443 2394 1481 2422 et
1516 2389 1723 2423 effeminata

286 2433 442 2478 quadam
469 2434 624 2467 mollitie
662 2433 708 2467 ad
747 2434 887 2467 labores
914 2432 1135 2466 sufferendos
1171 2435 1324 2468 amicum
1364 2435 1521 2468 inimicis
1548 2435 1722 2479 prodide-

285 2479 413 2512 rimus:
439 2480 513 2511 sive
539 2482 618 2513 sine
643 2479 748 2512 nobis
771 2480 883 2513 victor
911 2480 1074 2518 evaserit,
1099 2480 1268 2513 maiorem
1295 2482 1430 2525 gloriae
1454 2488 1590 2526 partem
1614 2483 1722 2515 amit-

284 2528 414 2557 temus.
475 2526 564 2558 Cum
588 2527 704 2561 ventis
737 2526 861 2572 itaque
890 2526 1076 2559 contrariis
1111 2531 1147 2558 et
1185 2528 1325 2561 tumido
1352 2528 1628 2573 insanienteque
1653 2539 1720 2571 pe-

285 2570 364 2614 lago
398 2583 576 2616 pugnare,
611 2578 733 2616 aperte
767 2572 962 2606 furentium
992 2577 1028 2605 et
1061 2578 1209 2605 mortem
1246 2574 1434 2619 ingloriam
1468 2575 1720 2618 quaerentium

285 2622 352 2651 est.
419 2617 598 2660 Quocirca
634 2629 700 2652 nec
732 2631 792 2652 vos
827 2617 873 2650 ad
903 2623 1040 2651 tantum
1079 2619 1277 2661 periculum
1303 2618 1509 2654 adeundum
1534 2619 1717 2661 adhortor,

286 2661 349 2694 sed
381 2663 489 2695 aliam
523 2665 776 2698 demonstrabo
802 2666 916 2704 viam,
943 2675 1034 2710 quae
1061 2675 1139 2696 cum
1170 2677 1277 2708 parvo
1302 2666 1426 2700 labore
1454 2677 1625 2699 summam
1651 2676 1718 2698 no-

285 2708 395 2741 minis
433 2709 676 2742 celebritatem
713 2711 1014 2756 splendoremque
1048 2711 1219 2744 continet.
1275 2714 1399 2746 Trium
1426 2723 1581 2757 namque
1606 2713 1721 2746 virtu-

285 2759 365 2790 tum
398 2755 632 2790 maximarum
666 2759 881 2792 documenta
907 2757 1012 2791 nobis
1037 2756 1142 2791 edere
1163 2757 1312 2801 licebit,
1337 2758 1560 2794 fortitudinis
1577 2783 1587 2800 ,
1613 2759 1718 2792 iusti-
