1800 3132
299 184 408 241 308
826 196 1197 240 CANTActhEm

101 309 284 356 A.c.1342
300 303 429 344 οἴοιτο
442 298 514 342 καὶ
531 298 630 347 τούς
661 292 812 347 ἄλλους
834 297 884 340 τὰ
905 299 977 341 ἴσα
1004 295 1194 351 πάσχειν.
1223 297 1296 337 καί
1309 294 1363 337 σύ
1391 298 1530 337 τοίνυν
1557 295 1609 350 τῇ
1635 296 1727 351 κενῇ

296 368 393 424 δόξῃ
422 368 495 408 καί
522 364 728 421 φιλαρχίᾳ
756 363 963 419 κατάκρας
991 361 1122 411 ἁλούς
1149 363 1222 403 καί
1246 362 1473 416 προδοσίαν
1501 359 1573 415 τήν
1598 356 1725 412 ἐσχά-

293 448 367 487 την
387 431 669 487 εἰργασμένος,
700 430 821 470 οΰδὲν
844 426 1117 482 θαυμαστὸν,
1134 428 1173 468 εἰ
1197 424 1247 468 τά
1273 425 1344 468 ἴσα
1372 428 1445 467 καί
1470 427 1576 478 ἐμοῦ
1601 440 1726 465 κατα-

295 497 459 552 ψηφίζῃ
474 529 487 549 ,
512 496 643 550 μηδὲν
669 496 855 536 τοιοῦτον
903 494 1188 548 εἰργασμένου.
1244 489 1369 533 οἶσθα
1406 489 1510 545 γὰρ,
1540 490 1598 538 ὥς
1622 491 1729 542 ε’μοίῖ

251 568 382 610 Οτοῖς
409 563 454 603 ἐν
473 557 591 617 ’Ἀθῳ
618 559 763 614 α’ρετῆς
791 558 1142 610 ἀντιποιουμένοις
1170 555 1244 597 καί
1269 558 1346 597 τοῦ
1376 558 1505 597 καλοῦ
1530 558 1604 597 καί
1628 556 1755 610 ἐρα-5

290 631 411 675 σταῖς
448 625 520 667 καί
550 625 744 680 ἐργάταις
783 623 1040 680 γεγραφότος
1083 623 1156 663 καί
1192 619 1322 662 πολλά
1354 622 1592 676 δεηθέντος,
1625 617 1728 674 πρὸς

289 689 524 742 Βυζάντιον
552 692 690 732 ἐλθεῖν
716 691 788 731 καί
810 690 1000 742 βασιλίδι
1026 685 1100 727 καὶ
1125 683 1366 742 πατριάρχῃ
1395 685 1468 727 καί
1510 682 1571 733 οἷς
1601 682 1728 733 αὐτὸς

289 754 502 809 ὀνομάζεις
539 752 765 809 σύγκλητον
800 751 955 808 βουλήν
1010 753 1287 805 διαλεχθῆναι
1328 751 1426 806 περὶ
1465 747 1625 804 εἰρήνης
1656 750 1729 790 καὶ

287 827 432 863 πεῖσαι
459 819 762 861 κατατίθεσθαι
790 816 860 860 τόν
886 815 1090 870 πόλεμον,
1121 814 1169 857 ὃν
1198 816 1352 865 α’δίκως
1377 814 1611 869 κεκινήκασι
1639 816 1728 855 κατ’

287 887 394 939 ἐμοῦ
420 887 550 940 μηδὲν
577 881 843 940 ἠδικηκότος,
886 882 1168 938 συκοφαντίας
1194 880 1454 934 πλασάμενοι
1482 881 1553 922 καί
1579 881 1781 932 διαβο-ιο

288 949 392 1005 λάς,
422 948 528 1003 μετὰ
558 950 641 992 τῶν
668 945 807 991 ἄλλων
835 947 1120 1004 παρειλήφασι
1148 945 1220 988 καί
1246 947 1322 1000 σὲ,
1353 946 1410 995 ὥς
1436 945 1585 1000 ἀρετῆς
1611 941 1722 986 οἷντι-

287 1015 536 1069 ποιούμενον
564 1016 693 1069 δῆθεν
711 1012 783 1055 καί
808 1013 913 1068 ὑπὲρ
942 1014 1015 1054 τοῦ
1040 1012 1170 1053 καλοῦ
1197 1012 1270 1053 καί
1305 1013 1384 1052 τοῦ
1421 1011 1536 1065 κοινῇ
1562 1013 1727 1050 λυσιτε-

284 1083 452 1129 λοῦντος
482 1077 785 1133 βουλησόμενον
812 1074 1157 1119 διακινδυνεύειν.
1196 1073 1286 1117 ἀλλ’
1315 1077 1459 1118 ἐκεῖνοι
1486 1076 1564 1127 μὲν
1591 1074 1728 1121 καλῶς

285 1148 520 1197 ποιοῦντες,
562 1141 614 1186 τά
654 1158 700 1185 τε
739 1144 882 1190 δέοντα
916 1142 1109 1197 εἰρήκασι
1144 1139 1247 1194 μετά
1277 1137 1513 1195 παρ’ῥησίας
1540 1141 1612 1180 καί
1644 1137 1728 1180 τῶν

285 1211 346 1259 εἷς
388 1206 543 1258 αὖτοὺς
583 1207 764 1264 ἡκόντων
810 1209 997 1249 ἐνέλιπον
1037 1206 1188 1259 οὐδὲν,
1226 1208 1299 1248 καὶ
1334 1210 1416 1248 τῶν
1465 1202 1781 1261 διαφθείρεινιό

285 1277 552 1330 βουλομένων
595 1273 669 1316 καί
709 1274 980 1328 διαστρέφειν
1020 1270 1101 1312 α’πὸ
1131 1274 1205 1326 τῆς
1233 1270 1454 1326 ἀληθείας,
1499 1273 1598 1311 ου’δὲ
1627 1272 1723 1312 ἑπε-

241 1340 557 1396 Βστράφησαν,
595 1336 728 1380 πολλὰ
767 1338 1127 1391 ἐπαγγελλομένων
1163 1331 1210 1377 εὖ
1246 1336 1444 1391 ποιήσειν.
1503 1334 1610 1377 ἀλλὰ
1637 1341 1726 1385 τοῖς

283 1407 464 1460 έξαρχῆς
491 1405 703 1456 ἐνέμειναν
719 1407 942 1456 λογισμοῖς
981 1402 1054 1443 καί
1081 1404 1133 1458 τῇ
1163 1400 1259 1456 περὶ
1283 1403 1359 1443 τοῦ
1387 1403 1518 1443 καλοῦ
1560 1400 1633 1442 καί
1658 1403 1724 1442 δι-

283 1470 403 1512 καιόυ
432 1470 565 1525 κρίσει
583 1486 592 1495 ·
635 1470 687 1509 δι’
717 1466 744 1509 ἃ
790 1466 864 1508 καί
887 1468 1012 1522 μέχρι
1039 1469 1113 1508 νῦν
1141 1471 1304 1515 πολλοῖς
1332 1468 1723 1521 προσταλαιπωροῦ-

282 1551 351 1577 σιν
380 1536 593 1587 α’λγεινοῖς.
649 1530 701 1574 σύ
734 1534 775 1573 δ’
801 1531 884 1572 ὖπὸ
925 1533 1155 1587 φιλαρχίας
1193 1530 1265 1573 καί
1290 1533 1362 1587 τῆς
1399 1531 1501 1574 κατὰ
1537 1531 1612 1587 τήν
1646 1531 1775 1587 ‹lo-20

279 1599 548 1654 χιερωσύνην
577 1598 696 1651 δόξης
726 1596 917 1652 ἡττηθείς
946 1598 1158 1651 αἰσχρῶς,
1195 1599 1269 1638 καί
1303 1595 1402 1647 τούς
1430 1601 1721 1653 συμπρεσβευ-

284 1662 359 1713 uig-
382 1661 488 1717 μετὰ
516 1663 592 1704 τοῦ
620 1662 782 1704 δικαίου
811 1665 883 1704 καί
907 1665 981 1717 τῆς
1009 1661 1210 1717 οἰληθείας
1237 1658 1482 1718 προῦδωκας
1501 1680 1512 1692 ·
1555 1659 1615 1713 οἷς
1643 1662 1721 1718 ἆρ-

158 1729 406 1782 Ἷ.4ι8μόσει
434 1725 583 1783 μικρὸν
621 1726 939 1778 ὕπαλλάξαντας
975 1725 1022 1769 τὸ
1064 1724 1144 1769 ὑπὸ
1176 1727 1356 1771 Παύλου
1396 1731 1472 1771 τοῦ
1498 1728 1720 1772 θεσπεσίου

377 1832 413 1865 6.
437 1831 501 1863 καὶ
529 1833 612 1863 ante
634 1829 714 1875 ἐργ.
739 1828 820 1864 add.
843 1830 892 1865 M.

284 1920 391 1943 sensu
427 1907 644 1949 deficiente,
678 1913 809 1941 terram
845 1908 1013 1943 stabilem
1047 1915 1084 1944 et
1119 1911 1364 1944 inconcussam
1401 1911 1569 1946 vacillare
1600 1915 1718 1956 putet,

282 1966 372 1996 nec,
398 1955 427 1987 si
451 1954 592 1987 insania
618 1959 824 1999 correptus,
853 1956 943 1988 alios
970 1967 1115 2001 quoque
1140 1957 1277 1990 iudicet
1301 1958 1471 1993 insanire,
1521 1958 1564 1992 Et
1586 1963 1624 1990 tu
1648 1958 1718 2002 igi-

283 2008 345 2035 tur
377 2001 480 2034 inani
512 2001 625 2044 gloria
663 2005 701 2033 et
740 2011 859 2034 amore
897 2001 1105 2036 dominandi
1137 2004 1303 2036 subactus
1338 2003 1445 2047 plane
1481 2003 1718 2049 proditorque

283 2049 461 2081 maximus
477 2072 486 2088 ,
512 2046 607 2079 nihil
632 2047 761 2079 mirum
777 2072 786 2087 ‚
815 2047 845 2079 si
870 2047 1052 2082 insontem
1077 2059 1134 2082 me
1165 2048 1371 2082 eorumdem
1402 2050 1593 2082 criminum
1627 2061 1716 2083 con-

286 2094 445 2129 demnes.
492 2093 705 2132 Meministi,
731 2093 924 2137 quomodo,
953 2105 1033 2127 cum
1058 2095 1104 2127 ad
1128 2095 1269 2128 virtutis
1301 2095 1462 2127 alumnos
1501 2095 1719 2129 honestatis·

286 2151 358 2185 que
384 2143 559 2171 amatores
583 2144 620 2171 et
643 2139 798 2172 cultores
822 2139 861 2170 in
889 2139 982 2173 Atho
1008 2146 1129 2174 monte
1156 2140 1337 2181 scribens,
1370 2151 1430 2172 eos
1456 2142 1561 2175 enixe
1598 2152 1720 2186 rogas-

286 2196 386 2226 sem,
414 2190 455 2217 ut
479 2185 688 2227 Byzantium
714 2185 919 2227 venientes,
945 2198 1025 2219 cum
1054 2188 1302 2231 imperatrice,
1328 2187 1531 2230 patriarcha
1558 2193 1594 2221 et
1617 2186 1717 2233 quod

285 2230 481 2264 nominasti
518 2231 672 2263 concilio
708 2230 752 2264 dc
777 2242 863 2275 pace
887 2238 1052 2276 agerent,
1077 2232 1356 2278 deponendique
1381 2232 1484 2269 belli,
1511 2233 1608 2279 quod
1629 2243 1718 2265 con-

285 2277 380 2310 fictis
405 2276 718 2310 criminationibus
759 2277 850 2309 mihi
887 2278 1090 2311 immerenti
1117 2278 1344 2318 intulissent,
1383 2284 1545 2313 auctores
1572 2280 1717 2319 fierent,

285 2334 367 2356 cum
402 2323 483 2355 aliis
509 2326 544 2354 te
571 2333 740 2366 quoque,
775 2328 815 2356 ut
840 2323 1097 2358 sanctimoniae
1135 2323 1254 2356 studio
1287 2325 1491 2368 flagrantem
1518 2326 1657 2358 scilicet
1680 2329 1718 2358 et

290 2379 356 2413 pro
392 2367 526 2401 tuenda
565 2368 754 2402 honestate
790 2370 1042 2416 communique
1079 2368 1196 2402 fructu
1225 2370 1363 2402 nullum
1390 2377 1568 2405 certamen
1596 2370 1716 2404 detre-

291 2419 484 2453 ctaturum,
505 2416 773 2459 assumpserint,
797 2415 930 2448 Verum
954 2416 1009 2449 illi
1034 2420 1128 2447 recte
1155 2425 1239 2447 sane
1265 2422 1300 2448 ct
1324 2429 1415 2461 quae
1447 2418 1608 2461 oportuit
1634 2427 1716 2450 cum

289 2460 459 2494 libertate
485 2460 674 2499 dixerunt,
700 2471 915 2505 suarumque
940 2461 1093 2507 partium
1119 2460 1213 2493 nihil
1237 2463 1576 2504 praetermiserunt,
1605 2468 1642 2496 et
1666 2461 1713 2494 ab

289 2506 356 2544 iis,
394 2507 457 2551 qui
489 2517 611 2538 eorum
644 2506 886 2550 integritatem
918 2517 1142 2550 corrumpere
1174 2512 1281 2552 atque
1313 2519 1331 2539 a
1355 2509 1506 2542 veritate
1533 2509 1570 2542 in
1595 2507 1716 2541 diver-

289 2562 366 2583 sum
392 2563 515 2596 rapere
539 2555 674 2596 magnis
701 2552 1025 2597 pollicitationibus
1046 2551 1289 2593 conabantur,
1326 2564 1345 2584 a
1371 2556 1494 2599 primis
1526 2553 1714 2598 cogitatio·

287 2597 397 2629 nibus
438 2598 512 2630 suis
549 2604 657 2643 atque
691 2598 736 2630 ab
771 2609 835 2638 eo,
862 2598 959 2643 quod
983 2597 1093 2630 semel
1118 2598 1307 2632 honestum
1332 2602 1527 2633 aciustum
1553 2599 1712 2632 iudicas-

287 2648 391 2682 sent,
423 2653 497 2676 non
534 2649 618 2676 sunt
653 2642 791 2681 dimoti,
850 2645 930 2686 Qua
971 2643 1015 2677 de
1039 2654 1143 2676 causa
1170 2655 1280 2690 usque
1306 2646 1415 2680 hodie
1443 2647 1480 2680 in
1509 2646 1622 2679 multa
1649 2656 1714 2679 ae-

285 2698 411 2720 rumna
435 2694 530 2724 sunt.
562 2690 617 2721 Tu
644 2696 762 2723 autem
788 2689 987 2734 imperandi
1012 2688 1182 2734 cupidine
1205 2696 1243 2723 ct
1267 2692 1492 2737 episcopatus
1521 2691 1711 2736 splendore

284 2734 439 2778 turpiter
478 2739 684 2776 superatus,
723 2736 829 2768 etiam
868 2736 1056 2778 legationis
1081 2735 1195 2769 socios
1222 2749 1292 2770 una
1322 2749 1399 2771 cum
1426 2738 1564 2772 iustitia
1589 2743 1626 2771 et
1647 2747 1711 2771 ve-

286 2779 391 2815 ritate
415 2778 630 2824 prodidisti3
656 2781 719 2826 qui
748 2781 841 2824 illud
867 2781 940 2818 divi
969 2780 1070 2815 Pauli
1097 2780 1142 2815 de
1170 2782 1280 2819 Dema
1307 2784 1445 2820 modice
1482 2786 1711 2819 immutatum
1758 2780 1766 2790 '

475 2936 481 2954 l
