1812 3132
283 143 382 197 162
813 156 1180 202 CANTACUZENI

82 273 162 309 Ac.
181 273 260 318 1341
278 260 411 303 σασάν
448 274 552 301 τινα.
608 261 853 314 τριβομένου
892 262 938 302 δὲ
964 264 1039 302 τοῦ
1065 261 1218 317 χρόνου
1250 261 1354 316 πρὸς
1382 261 1457 317 τὴν
1479 264 1558 305 τῶν
1583 265 1705 316 βασι-

275 329 399 368 λικῶν
427 323 686 379 παρασήμων
714 324 994 380 παρασκευὴν,
1024 328 1115 368 ἐπεὶ
1140 327 1274 368 ἐδόκει
1301 326 1359 382 μὴ
1388 330 1572 380 μέλλειν,
1601 328 1708 382 μηδὲ

276 391 498 446 προΐεσθαι
526 387 599 431 τὸν
627 388 798 443 καιρὸν,
826 392 908 432 τῶν
938 391 1039 432 κατά
1070 391 1116 432 τὸ
1146 391 1374 444 Βυζάντιον
1401 394 1604 441 συντόνως
1634 407 1709 433 πο-

277 453 507 508 λεμούντων
534 457 606 495 καί
631 455 836 509 μηδεμιᾶς
865 457 1131 509 ἀπεχομένων
1159 458 1317 512 πείρας,
1347 457 1503 512 ἔγραφε
1533 456 1606 498 καί
1631 458 1710 498 azi-

276 519 346 569 τὸς
377 526 467 568 ταῖς
498 517 602 560 κατὰ
633 517 708 574 τὴν
742 517 907 576 Θρᾴκην
935 521 1007 562 καί
1033 521 1304 564 Μακεδονίαν
1334 522 1517 571 ἁπάσαις
1545 520 1737 564 πόλεσιν5

280 581 394 640 αὐτῷ
430 585 666 638 προσέχειν,
708 583 764 632 ὥς
804 580 883 639 ἤδη
907 585 1127 637 Ῥωμαίων
1153 590 1324 639 βασιλεῖ
1356 588 1605 644 γεγενημένῳ
1643 588 1716 627 καί

280 650 494 705 δυναμένῳ
524 648 748 690 ὖπείκουσί
767 665 811 690 τε
845 644 893 690 εὖ
921 655 1048 691 ποιεῖν
1067 652 1139 691 καί
1158 651 1407 703 τούναντίον,
1436 648 1488 693 ἂν
1510 649 1714 706 ἀνταίρω-

284 730 350 755 σιν
380 709 510 764 ὅπλα,
548 711 753 766 βλάπτειν.
810 715 894 771 ἰδία
926 730 968 773 τε
997 714 1096 763 τοὺς
1121 715 1325 764 δυνατούς
1355 718 1434 758 τῶν
1461 714 1619 759 πόλεων
1644 718 1717 757 καὶ

154 789 264 833 Ρ,434
278 777 375 826 τοὺς
403 780 498 832 παρ’
526 776 715 826 ἑκάστοις
743 776 995 834 στρατιώτας
1021 778 1265 834 γράμμασιν
1293 778 1541 834 ὑπεποιεῖτο,
1563 783 1644 823 τῶν
1671 795 1714 822 τε

279 841 474 897 πρότερον
517 843 839 898 α’ναμιμνήσκων
869 841 1113 899 εὐεργεσιῶν
1141 846 1416 901 γεγενημένων
1444 848 1502 895 εἰς
1531 846 1686 894 αὖτοὺς
1696 858 1764 899 ,10

280 910 353 950 καί
395 909 475 961 ὥς,
503 905 554 963 ἢν
580 904 692 950 εὖνοι
721 912 951 964 φαίνωνται
978 912 1072 953 νυνί
1097 910 1170 952 καί
1194 910 1246 953 τὰ
1278 913 1410 952 αὐτοῦ
1436 912 1723 967 προῃρημένου

279 971 496 1028 πράττειν,
536 975 738 1026 μειζόνων
783 973 1089 1017 ἀπολαύσονται
1122 978 1192 1017 καί
1217 978 1579 1031 θαυμασιωτέρων
1609 976 1716 1029 ἄγα-

279 1040 381 1080 θῶν.
447 1036 752 1093 ὗπεσημαίνετό
794 1055 837 1080 τε
872 1038 924 1081 τά
961 1040 1187 1096 γράμματα
1213 1043 1421 1096 ἐρυθροῖς,
1453 1039 1589 1096 ῶσπερ
1621 1041 1717 1089 ἔθος

279 1105 512 1157 βασιλεῦσι,
548 1101 777 1158 γράμμασι.
832 1108 1070 1159 προσετίθει
1098 1121 1142 1147 τε
1159 1111 1245 1154 τοῖς
1262 1104 1479 1160 γράμμασι
1495 1106 1568 1147 καί
1586 1121 1718 1162 φρου-

281 1168 358 1224 ράς
386 1170 430 1219 ἐξ
461 1168 643 1210 ὁπλιτῶν
670 1171 743 1210 καί
767 1171 941 1220 τοξοτῶν
971 1172 1108 1223 ψιλῶν
1136 1171 1238 1224 πρὸς
1271 1170 1322 1221 ἂς
1348 1167 1442 1228 ᾔδει
1460 1174 1542 1214 τῶν
1562 1167 1772 1212 πόλεωνῐό

282 1233 432 1290 ῥαὸίας
472 1232 672 1286 ἐσομένας
711 1237 964 1288 κατέχεσθαι
994 1242 1205 1292 φρουροῖς.
1262 1239 1397 1278 ταῦτα
1426 1236 1476 1291 δὴ
1504 1235 1553 1278 τοὶ
1586 1234 1728 1290 γράμ-»

279 1316 394 1352 ματα
425 1297 673 1351 κομιζόμενα
702 1302 803 1354 παρ’
839 1298 1052 1355 ἑκάστοις,
1098 1299 1136 1342 οἱ
1162 1303 1239 1354 μὲν
1264 1302 1457 1355 ἐδέχοντο
1488 1298 1719 1355 προθύμως

284 1363 358 1405 καὶ
381 1366 463 1404 πᾶν
499 1362 545 1404 τὸ
575 1361 930 1419 προσταττόμενον
957 1367 1250 1420 ἐπηγγέλλοντο
1277 1371 1434 1419 ποιεῖν,
1463 1366 1500 1407 οἱ
1529 1367 1568 1406 ‹5'
1595 1367 1719 1408 ἐδυσ-

282 1431 478 1483 χέραινον
502 1431 607 1482 μὲν,
651 1428 827 1481 οἰόμενοι
855 1432 1113 1472 α’ποστασίαν
1142 1431 1347 1483 βασιλέως
1376 1428 1481 1473 εἶναι
1509 1431 1560 1473 τὰ
1588 1448 1722 1486 πρατ-

282 1495 452 1548 τόμενα,
494 1493 551 1535 ἔτι
592 1495 637 1535 δὲ
677 1490 789 1546 ὅμως
828 1493 904 1549 τὴν
936 1498 1011 1536 τοῦ
1040 1496 1258 1547 μέλλοντος
1297 1498 1502 1548 βασιλέως
1543 1495 1772 1548 ὃύναμιν20

253 1556 579 1613 Βῦπεπτηχότες,
610 1554 741 1607 ἄλλως
773 1575 816 1600 τε
845 1559 918 1601 καί
945 1559 1026 1600 ὑπὸ
1060 1562 1138 1602 τῶν
1167 1561 1263 1614 παρ’
1299 1562 1440 1609 αὐτοῖς
1466 1558 1630 1615 μεγάλα
1647 1563 1722 1602 δυ-

157 1631 199 1665 V.
213 1626 474 1676 35ιναμένων
504 1621 760 1677 ἐναγόμενοι,
790 1622 840 1665 τὰ
863 1625 1019 1666 ἐκείνου
1037 1623 1232 1679 πράττειν
1254 1623 1484 1680 ιἦρημένων,
1515 1624 1567 1666 τά
1588 1625 1722 1681 γράμ-

285 1705 398 1741 ματα
427 1690 631 1743 ἐδέχοντο.
699 1691 816 1743 δῆλοι
847 1690 894 1730 δὲ
921 1685 1027 1745 ἦσαν
1056 1690 1188 1739 εὐθὺς
1217 1687 1298 1731 αῗπὸ
1320 1693 1517 1744 γραμμῆς
1545 1690 1600 1739 ῶς
1626 1706 1723 1732 νεω-

287 1755 540 1809 τερίσοντες,
589 1749 640 1807 ἢν
669 1751 881 1807 λάβωνται
912 1758 1076 1810 καιροῦ.
1132 1751 1218 1797 ὅσοι
1247 1756 1283 1796 δ’
1311 1751 1419 1810 ἦσαν
1446 1754 1647 1812 πρότερον
1670 1755 1720 1798 τὰ

382 1863 437 1906 24.
468 1863 642 1908 λάβονται
675 1865 708 1898 Ρ.

293 1959 330 1987 et
353 1956 500 1988 minime
535 1955 776 1988 cunctandum
806 1956 1019 2000 occasioque
1050 1957 1262 2002 neutiquam
1288 1957 1487 1991 amittenda
1521 1958 1726 1998 videretur,

293 2013 373 2035 cum
399 2002 461 2046 qni
487 2007 589 2034 crant
613 2002 775 2044 Byzantii
795 2002 1022 2035 continenter
1043 2002 1222 2035 bellarent
1246 2003 1413 2048 nihilque
1435 2016 1509 2037 non
1533 2010 1726 2045 tentarent,

294 2048 403 2080 etiam
429 2048 504 2091 ipse
534 2048 578 2080 ad
613 2059 735 2080 omnes
762 2047 993 2081 Macedoniae
1030 2053 1066 2080 et
1090 2049 1264 2083 Thraciae
1290 2049 1396 2083 urbes
1426 2050 1564 2083 litteras
1605 2049 1729 2090 dedit,

295 2094 428 2138 quibus
454 2094 657 2133 mandavit,
694 2099 736 2126 ut
759 2093 828 2126 sibi
854 2095 923 2125 iam
952 2095 1190 2129 Romanorum
1215 2095 1423 2141 imperatori
1448 2096 1628 2129 declarato
1654 2096 1726 2129 ob·-

294 2143 558 2183 temperarcnt,
584 2140 646 2184 qui
671 2140 842 2172 subiectis
866 2150 1010 2183 parcere
1035 2145 1072 2173 et
1096 2140 1321 2182 benefacere,
1345 2142 1518 2186 superbos
1542 2142 1726 2176 debellare

296 2189 449 2230 possety
467 2185 656 2218 seiunctim
683 2190 802 2217 autem
826 2187 920 2218 cives
943 2186 1167 2229 potentiores
1193 2192 1229 2219 et
1255 2193 1345 2233 quot
1378 2194 1479 2222 erant
1504 2190 1542 2222 in
1561 2200 1632 2221 una
1662 2199 1727 2221 ua-

299 2242 370 2276 que
395 2231 564 2270 militum,
589 2231 635 2263 ad
659 2242 756 2263 suam
781 2232 1030 2264 auctoritatem
1055 2242 1096 2263 ac
1117 2233 1222 2266 fidem
1244 2245 1308 2277 per
1331 2235 1501 2278 epistolas
1523 2201 1729 2275 allicieffiat,

298 2278 535 2321 pristinorum
566 2276 822 2309 beneficiorum
857 2277 939 2309 illos
971 2277 1184 2319 admonens,
1225 2280 1432 2325 maioraque
1458 2285 1494 2314 et
1529 2281 1730 2326 insigniora

300 2322 514 2367 promittens
530 2347 538 2362 ‚
564 2323 592 2355 si
621 2334 715 2355 nunc
740 2324 795 2355 illi
820 2322 938 2356 favere
963 2328 1000 2356 et
1017 2329 1134 2368 partes
1161 2326 1238 2357 eius
1259 2328 1361 2371 sequi
1386 2337 1427 2359 ac
1450 2327 1560 2360 tutari
1580 2326 1728 2362 vellent.

303 2368 605 2401 subscribebatur
628 2379 734 2412 porro
759 2379 891 2402 nomen
924 2370 998 2402 eius
1025 2381 1088 2414 pro
1117 2381 1215 2404 more
1240 2372 1497 2416 imperatorum
1522 2372 1729 2414 cinnabui3

303 2419 341 2447 et
364 2413 652 2458 adiungebantur
683 2415 813 2447 litteris
850 2426 894 2448 ex
921 2417 1016 2460 gravi
1048 2421 1226 2450 armatura
1261 2423 1298 2450 et
1330 2419 1521 2463 sagittariis
1551 2419 1731 2463 manipuli

302 2460 347 2493 ad
373 2460 499 2500 urbes,
524 2471 612 2504 quas
642 2460 703 2492 illia
729 2460 890 2494 custodia
914 2461 1021 2494 facile
1044 2466 1222 2495 retentum
1246 2464 1292 2497 iri
1317 2464 1464 2499 sciebat.
1523 2465 1595 2499 Has
1619 2465 1730 2510 igitur

302 2507 441 2539 litteras
468 2506 509 2538 ad
537 2507 696 2550 singulos
733 2507 877 2546 allatas,
917 2508 979 2540 alii
1016 2507 1175 2540 libenter
1212 2510 1455 2554 accipiebant,
1489 2511 1655 2544 mandata
1690 2521 1734 2544 se

305 2552 460 2584 facturos
494 2553 729 2596 recipientes:
766 2553 829 2585 alii
859 2564 934 2585 rem
959 2552 1259 2598 indignabantur,
1295 2557 1504 2600 opinantes,
1540 2556 1634 2590 nihil
1662 2555 1733 2590 hoc

305 2596 427 2636 aliud,
460 2609 562 2641 quam
594 2610 611 2630 a
646 2599 804 2641 legitimo
832 2599 1045 2643 imperatore
1076 2600 1316 2634 defectionem
1342 2614 1429 2636 esse.
1476 2597 1732 2637 verumtamen

306 2643 470 2688 potentia
495 2644 607 2677 futuri
634 2645 857 2688 imperatoris
883 2645 1021 2685 territi,
1052 2656 1154 2686 cum,
1191 2649 1252 2692 qui
1278 2648 1372 2692 apud
1397 2659 1457 2681 eos
1482 2647 1612 2694 opibus
1636 2648 1731 2680 mul-

306 2694 384 2722 tum
421 2689 588 2722 valebant
620 2695 657 2723 et
692 2689 736 2722 ab
768 2691 831 2724 illo
864 2690 1026 2732 stabant,
1062 2691 1171 2724 etiam
1195 2693 1321 2726 eodem
1348 2695 1560 2735 incitarent,
1593 2694 1734 2728 litteras

309 2733 456 2781 quidem
482 2735 745 2780 suscipiebant3
769 2736 832 2770 sed
856 2742 976 2771 tamen
999 2748 1082 2772 mox
1105 2739 1203 2773 velut
1226 2751 1245 2773 a
1271 2750 1368 2775 sacra
1394 2740 1491 2777 linea
1514 2740 1627 2776 talum
1649 2750 1732 2775 mo·-
