1812 3146
267 164 378 223 508
805 185 1174 228 CANTACUZENJ

69 288 404 339 Δ.(“.”.1345α’ὕτὸν
433 289 707 344 διηγουμένου
735 288 809 329 καί
851 286 1166 335 ἀποδεικνύντος
1195 283 1368 340 ἑαυτὸν,
1406 286 1562 344 α’νάγκῃ
1596 286 1708 341 ’πρὸς

263 354 338 396 τὸν
353 353 529 407 πόλεμον
545 352 787 410 φερόμενον,
803 355 887 395 τῶν
904 354 1099 395 Λατίνων
1121 355 1167 394 δὲ
1187 353 1480 407 ιίντιλεγόντων
1497 354 1561 394 ἐπ’
1580 353 1706 402 ένίοις

266 422 342 461 καί
368 417 396 460 ἃ
426 419 463 462 οἱ
483 422 527 463 ἒν
546 420 761 477 Βυζαντίῳ
781 419 1026 473 ἐγκαλοῦσιν
1047 417 1281 472 ἐπαγόντων
1311 421 1385 460 καί
1413 416 1709 472 γυμναζόντων

265 484 325 534 ὥς
351 484 533 539 μάλιστα
561 485 632 528 τὸν
661 484 804 539 λόγον,
843 485 910 526 ἵνα
938 484 1116 538 τάληθὲς
1145 483 1203 539 μή
1234 486 1459 540 διαδρᾶναι
1495 485 1709 538 δυνηθείη.

221 548 255 581 D
377 549 456 606 ⁷¹7⁹·
512 550 638 593 Μετὰ
675 552 722 592 δὲ
751 549 795 592 τὸ
828 547 1078 591 παύσασθαι
1115 552 1196 591 τῶν
1224 551 1322 605 περὶ
1358 548 1517 592 τούτων
1556 547 1735 603 λόγωνῤ

266 614 290 658 ὅ
318 618 398 660 τῶν
437 619 668 671 μενουρίων
709 615 938 670 ἡγούμενος
962 614 1139 669 Ἀρῆγος
1168 615 1462 668 ὠνομασμένος
1473 648 1486 668 ,
1525 613 1710 666 δίκαιον,

265 681 369 736 εἶπε,
402 682 476 726 τόν
502 683 643 737 ὀρθῶς
670 683 792 736 βιοῦν
817 683 1104 738 προῃρημένον
1131 683 1204 723 καί
1229 677 1427 736 ἀληθείας
1453 682 1526 722 καί
1553 682 1711 721 δικαιο-

266 748 395 804 σύνης
422 748 495 791 καί
522 750 659 802 ὀλίγον
685 749 788 800 γοῦν
808 749 1084 802 πεποιημένον
1110 743 1227 801 λόγον
1244 779 1256 799 ,
1284 749 1493 802 μηδέποτε
1519 755 1710 801 καταψη-

268 817 470 871 φίζεσθαι
497 814 697 869 μηδενὸς,
742 812 839 868 πρὶν
866 808 918 854 ἂν
945 813 1081 855 αὐτοῦ
1111 812 1211 867 περὶ
1235 814 1316 855 τῶν
1343 814 1711 868 κατηγορουμένων

268 880 344 935 τὴν
373 877 599 935 ἀπολογίαν
630 879 841 933 ἐγγένηται
871 878 1037 920 ἀκούειν
1066 879 1333 931 ποιουμένου.
1373 879 1446 919 καί
1473 876 1498 919 ὃ
1523 879 1607 919 τῶν
1634 887 1766 918 ιτα-10

142 957 255 1000 Ρ.637
271 948 400 988 λαιῶν
427 962 491 995 τις
517 948 725 999 βασιλέων
753 943 933 1000 ἔφασκε,
974 942 1019 986 τὸ
1061 945 1147 986 δεῖν
1181 942 1255 998 τὴν
1281 940 1429 999 ἑτέραν
1467 945 1551 985 τῶν
1578 943 1714 984 ἀκοῶν

270 1012 475 1066 ἀκεραίαν
504 1011 689 1065 μάλιστα
720 1013 779 1069 τῷ
806 1011 1152 1067 κατηγορουμένῳ
1176 1006 1419 1061 διασώζειν,
1459 1010 1583 1050 τοῦθ’
1602 1003 1715 1063 ἡγεῖ-

269 1081 375 1120 σθαι
398 1074 506 1120 εἶναι
533 1077 669 1119 κοινόν
695 1075 970 1133 παράγγελμα
999 1075 1242 1130 ἀνθρώποις
1268 1073 1319 1116 τά
1350 1077 1528 1129 μέγιστα
1553 1078 1716 1116 λυσιτε-

268 1146 369 1186 λοῦν
396 1142 499 1186 κατὰ
529 1140 604 1185 τὸν
629 1144 733 1196 βίον.
789 1140 870 1197 ἐγώ
901 1141 979 1198 γάρ
1009 1156 1086 1184 σου
1115 1140 1247 1182 πολλὰ
1286 1142 1359 1182 καί
1385 1138 1501 1182 δεινοὶ
1543 1154 1716 1194 κατηγο-

269 1208 458 1266 ρούντων
484 1210 608 1251 τινῶν
637 1204 851 1264 οἷκηκοώς,
897 1204 961 1249 ὅτι
998 1223 1042 1249 τε
1070 1210 1145 1261 τῆς
1172 1208 1425 1260 θαυμαστῆς
1451 1205 1610 1260 ἐκείνης
1634 1202 1769 1259 βα-ιό

266 1277 415 1324 σιλέως
454 1273 556 1330 πρὸς
597 1276 644 1317 σὲ
691 1275 834 1329 φιλίας
880 1269 1200 1327 ἆμνημονήσας,
1243 1271 1550 1324 ἑπεβούλευσας
1586 1272 1718 1326 μηδὲν

268 1342 461 1382 α’δικοῦσι
488 1345 578 1389 τοῖς
604 1339 732 1382 παισὶ
745 1372 757 1391 ,
787 1338 859 1380 καί
881 1338 957 1393 τήν
981 1339 1203 1390 Ῥωμαίων
1231 1332 1343 1391 ἄγων
1372 1332 1499 1385 αὖτὸς
1525 1335 1718 1390 ἡγεμονί-

267 1423 320 1448 αν
347 1407 393 1447 έν
432 1405 603 1447 ἰδιώτου
643 1404 855 1460 σχήματι,
898 1404 973 1445 οὔκ
1011 1404 1210 1456 ἐνόμισας
1248 1401 1326 1456 τὴν
1354 1401 1476 1453 δόξαν
1503 1404 1717 1457 ἐξαρκεῖν,

267 1473 310 1514 εἰ
349 1471 409 1527 μή
446 1474 627 1519 ἐκείνους
670 1467 914 1518 ἀποκτείνας
951 1468 996 1511 τὸ
1038 1469 1184 1523 κράτος
1225 1466 1338 1510 ἅπαν
1366 1467 1631 1524 περιστήσεος
1657 1469 1718 1516 εἷς

268 1536 473 1591 σεαυτὸν,
514 1536 589 1578 καί
625 1534 682 1584 ὥς
724 1534 989 1591 πατριάρχου
1021 1535 1202 1576 καὶτῶν
1234 1529 1369 1576 ἄλλων
1393 1532 1497 1590 πρὸς
1523 1531 1600 1588 την
1627 1533 1772 1575 ἐπι-20

225 1623 232 1629 ”
267 1606 459 1658 χείρησιν
487 1602 687 1644 ἐναντίων
717 1603 965 1655 γενομένων,
994 1601 1186 1653 ἐκμανεὶς
1213 1599 1319 1655 πρὸς
1355 1599 1428 1654 τὴν
1457 1601 1718 1652 α’ποτυχίαν,

235 1667 346 1716 Βτόν
373 1684 416 1710 τε
443 1667 623 1720 πόλεμον
651 1669 863 1722 κεκίνηκας
889 1665 1052 1709 τουτονί
1075 1667 1148 1707 καί
1173 1665 1271 1714 τοὺς
1297 1665 1540 1720 βαρβάρους
1563 1664 1718 1719 ἐπήγα-

268 1750 336 1789 γες
367 1733 619 1788 Ῥωμαίοις,
672 1732 745 1775 καί
783 1733 860 1788 τὴν
887 1733 1053 1788 εἰρήνην
1094 1732 1188 1773 οὔδ’
1207 1726 1351 1786 ἄκροις
1379 1732 1591 1787 καταδέχῃ
1631 1735 1718 1778 τοῖς

269 1797 396 1854 ὦσίν,
425 1796 599 1841 ἀλλ’ὅτι
617 1798 678 1855 μὴ
702 1797 835 1848 εὐθὺς
855 1799 1036 1854 έξαρχῆς
1056 1795 1227 1848 ὗπεῐξαν
1246 1796 1551 1849 δουλωθέντες,
1580 1793 1718 1838 πάντα

348 1901 396 1924 α.
423 1888 488 1922 ὑπ’
510 1887 635 1929 Ρ.,ἐπ’
658 1888 708 1921 Μ.
783 1888 815 1922 3.
844 1886 886 1921 ἐν
910 1897 979 1920 om.
1003 1887 1039 1921 Ρ.
1112 1886 1146 1920 5.
1180 1882 1221 1918 τὸ
1247 1897 1317 1919 om.
1345 1885 1384 1920 P.
1456 1885 1488 1919 8.
1518 1883 1651 1928 ὀλίγου
1680 1883 1716 1918 Ρ.

272 1957 360 1990 tinis
386 1957 433 1990 ad
462 1957 639 2003 quaedam
661 1955 934 1990 occurrentibus
957 1960 994 1989 et
1011 1965 1105 2000 quae
1118 1954 1285 1997 Byzantii
1311 1953 1350 1987 iu
1375 1953 1510 1985 crimen
1534 1956 1717 1992 vocarent,

273 2003 582 2049 producentibus,
607 2003 804 2050 deditaque
830 2013 938 2049 opera
963 2000 1260 2041 facundioribus,
1287 2005 1329 2033 ut
1366 1999 1544 2045 liquidius
1582 2000 1716 2033 veritas

275 2051 546 2096 comperiretur.

369 2100 425 2131 83.
474 2097 553 2130 Hoc
583 2097 767 2142 colloquio
802 2096 926 2133 finito,
954 2094 1136 2128 Minorum
1161 2097 1276 2127 rector
1299 2091 1434 2136 Aregus
1460 2089 1621 2131 nomine,
1647 2089 1717 2124 Ae·-

277 2155 390 2189 quumv
420 2148 500 2184 est,
532 2144 679 2190 iuquit,
715 2154 797 2175 eum
832 2142 896 2188 qui
932 2139 1004 2173 sibi
1041 2141 1151 2174 vitam
1191 2150 1270 2172 cum
1307 2139 1442 2171 virtute
1486 2137 1716 2171 coniunctam

276 2191 481 2236 proposuit,
506 2193 639 2235 cuique
664 2190 828 2223 veritatis
846 2194 884 2221 et
909 2187 1071 2220 iustitiae
1095 2186 1153 2220 vel
1176 2185 1317 2218 modica
1343 2196 1426 2218 cura
1449 2190 1514 2224 est,
1529 2195 1716 2228 nunquam

280 2238 382 2281 prius
422 2236 537 2269 ullum
575 2235 835 2275 condemnare,
871 2245 978 2279 quam
1009 2234 1085 2266 eius
1110 2232 1156 2264 ad
1183 2231 1326 2264 obiecta
1353 2232 1624 2275 responsionem
1649 2241 1720 2263 au..

279 2283 400 2316 dierit.
458 2284 503 2316 Et
534 2283 683 2328 quidam
722 2282 766 2315 de
791 2280 939 2314 vetustis
976 2280 1118 2324 regibus
1150 2279 1292 2318 aiebat,
1326 2278 1473 2311 alteram
1506 2288 1628 2310 aiirem
1654 2286 1716 2309 reo

280 2330 455 2375 integram
492 2341 633 2363 servare
667 2334 846 2373 oportere.
875 2327 984 2372 Quod
1010 2337 1073 2371 ego
1099 2325 1311 2358 mortalibus
1337 2324 1374 2356 in
1403 2334 1590 2357 commune
1611 2333 1718 2368 prae-

281 2383 427 2420 ceptum
464 2381 502 2409 et.
535 2376 632 2411 vitae
659 2375 836 2409 humanae
864 2373 1030 2417 inprimis
1054 2371 1284 2405 conducibile
1311 2373 1452 2414 opinor.
1512 2371 1601 2403 Ram
1636 2380 1716 2401 cum

281 2423 397 2455 multa
432 2427 468 2456 et
501 2423 649 2468 pessimi
684 2422 840 2466 exempli
877 2418 947 2451 tibi
973 2418 1212 2452 obiiciantur:
1238 2418 1336 2463 quod
1362 2418 1533 2449 nimirum
1561 2416 1718 2449 admira-

281 2468 367 2502 bilis
396 2469 495 2502 illius
522 2468 730 2508 amicitiae,
756 2477 847 2513 quae
872 2465 940 2498 tibi
967 2477 1046 2499 cum
1073 2465 1289 2510 imperatore
1314 2465 1404 2504 fuit,
1441 2463 1598 2502 oblitus,
1633 2462 1718 2495 filiis

283 2516 384 2553 eius,
418 2526 437 2546 a
471 2515 605 2560 quibus
638 2526 824 2559 nunquam
862 2512 1017 2545 violatus
1043 2523 1101 2552 eS,
1130 2511 1281 2544 insidias
1306 2510 1454 2544 feceris:
1483 2515 1520 2542 et
1543 2519 1620 2541 cum
1644 2509 1720 2541 Ro-

281 2572 427 2594 manum
467 2562 658 2607 imperium
695 2561 828 2606 privati
862 2558 989 2592 habitu
1014 2558 1302 2597 administrares‚
1339 2556 1376 2589 id
1401 2557 1470 2589 tibi
1497 2555 1542 2588 ad
1571 2554 1722 2599 gloriam

282 2606 443 2640 sufficere
468 2620 540 2641 non
569 2609 729 2652 putariS‚
754 2607 826 2641 nisi
852 2606 923 2638 illis
950 2605 1200 2649 interempti-3,
1225 2610 1338 2638 totum
1370 2603 1415 2636 ad
1442 2609 1477 2636 te
1500 2601 1718 2635 attraheres:

283 2653 455 2700 quodque
490 2655 693 2698 patriarcha
732 2660 768 2687 et
799 2653 881 2686 aliis
908 2653 1054 2685 conatui
1078 2658 1141 2684 tuo
1167 2650 1461 2689 adversantibus,
1485 2654 1632 2694 propter
1656 2658 1719 2680 re-

282 2700 423 2746 pulsam
462 2700 608 2733 insanus
639 2707 676 2734 ct
706 2701 843 2734 bellum
879 2699 948 2731 hoc
973 2699 1130 2733 texueris
1156 2702 1193 2730 el:
1220 2696 1388 2730 barbaros
1415 2697 1452 2729 in
1478 2697 1565 2728 fines
1589 2694 1718 2729 Roma,-

284 2758 349 2780 nos
375 2745 556 2779 induxeris
588 2752 623 2779 et
647 2748 690 2780 dc
718 2758 802 2792 pace
827 2758 872 2779 ne
897 2745 1022 2779 audire
1050 2745 1197 2790 quidem
1227 2742 1371 2777 verbum
1397 2742 1630 2780 sustinuerim
1654 2739 1718 2773 sed

286 2795 371 2842 quia
396 2803 468 2827 uon
494 2794 614 2829 statim
640 2793 684 2826 ab
709 2794 816 2829 initio
844 2793 1011 2827 cedentes
1038 2803 1075 2827 sc
1099 2790 1167 2826 tibi
1191 2790 1433 2831 subiecerint,
1467 2789 1586 2823 omnia
1619 2797 1720 2824 ever-
