1800 3132
278 202 306 256 7
318 203 346 237 α
812 194 1184 238 CANTACUZENI

77 306 161 342 Aue
183 306 263 351 ¹34¹
282 302 498 344 κλείσαντα
528 297 574 342 ἒν
602 300 659 340 τῶ
688 299 889 355 φρουρίῳ,
943 295 1218 349 συνεβούλευέ
1251 309 1296 337 τε
1332 290 1598 349 παράδειγμα
1634 293 1717 334 τῶν

239 363 631 422 Οοῖπροσδοκήτων
640 366 724 406 τῶν
752 361 1004 417 πραγμάτων
1031 362 1275 414 μεταβολῶν
1310 355 1539 412 λαμβάνειν
1566 358 1612 408 ἐξ
1638 373 1717 398 αυ-

267 433 356 474 τοῦ.
410 448 480 472 και
526 428 729 486 πρότερόν
770 445 814 471 τε
854 428 934 483 γὰο
981 427 1098 483 αυτῶ
1141 424 1192 467 τὰ
1230 426 1404 467 τοιαῦτα
1433 421 1717 480 ὑποτίθεσθαι

269 496 474 574 ἔφασκεν,
505 497 544 537 εἰ
583 512 652 537 και
680 493 739 549 μὴ
781 492 949 545 ἔπειθε,
978 488 1278 544 συμβουλεύων
1303 488 1354 532 τὰ
1386 491 1605 543 λυσιτελῆ,
1642 501 1715 528 και

270 564 346 603 νῦν
375 555 537 602 οὐδὲνγ
515 576 645 614 ηττον
657 557 977 613 συιιβουλεύειν,
1000 559 1044 607 ἐξ
1066 553 1206 598 αυτῶν
1236 558 1319 597 τῶν
1339 551 1590 609 πραγμάτων
1605 552 1742 607 ἔχων5

272 628 348 680 τῆς
387 622 596 681 ὠφελείας
633 623 710 679 τὴν
751 621 966 673 ἀπόδειξιν
1004 624 1086 664 τῶν
1129 623 1385 675 λεγομενων,
1427 635 1497 660 και
1534 620 1619 664 τῶν
1645 610 1719 660 ὑπ’

271 691 388 747 av’rcfi
414 686 642 731 τελούντων
670 689 888 745 φρουρίων
918 689 982 739 ἓν,
1014 684 1172 741 (πολλα
1194 686 1240 726 δὲ
1271 681 1377 726 εἶναι
1396 687 1430 741 ,)
1459 682 1504 726 τὸ
1532 682 1719 737 μάλιστα

270 755 514 810 ἐπιτηδείως
543 753 640 808 ἔχον
668 753 773 808 πρός
800 769 843 795 τε
872 755 948 806 γῆς
977 754 1049 793 καί
1075 749 1293 805 θαλάσσης
1327 745 1509 805 ευφυΐαν
1552 749 1718 798 ἐκλεξά-

273 836 410 873 μενον,
437 825 714 867 κατασκευαῖς
754 814 1060 872 χειροποιήτοις
1101 813 1364 869 ὀχυρώτατον
1399 819 1558 866 ποιεῖν,
1599 815 1652 855 ΐν’
1679 812 1724 855 εἴ

271 902 315 926 τι
345 887 532 939 συμβαίη
560 887 643 926 τῶν
665 879 1012 939 ἀπροσδοκήτων,
1045 879 1314 936 ἀναχώρησιν
1334 878 1408 937 ἔχῃ
1429 881 1502 920 καί
1519 881 1603 921 τῶν
1631 880 1771 920 δἐι-ιο

270 953 353 991 νῶν
381 948 614 1006 ἀποφυγήν.
649 947 781 990 ἐδεῖτό
809 965 876 1000 τε,
906 949 945 989 εἰ
968 948 1042 988 καί
1066 945 1123 1002 μὴ
1145 943 1367 1002 πρότερον,
1395 941 1499 986 ἀλλὰ
1526 947 1601 987 νῦν
1629 946 1719 986 πεί-

269 1019 426 1057 θεσθαι
456 1015 585 1072 αῧτῷ,
616 1015 811 1063 εὐνοϊκῶς
840 1014 1087 1070 διακειμένῳ
1115 1009 1220 1067 πρὸς
1250 1007 1400 1064 αὐτὸν,
1440 1009 1512 1051 καὶ
1537 1009 1595 1066 μή
1627 1010 1718 1052 α’τι-

271 1080 423 1133 μιὶζειν
461 1078 537 1134 τήν
576 1078 746 1134 βουλήν.
801 1082 875 1120 καί
916 1076 997 1133 γὰρ
1041 1076 1114 1119 καί
1159 1078 1275 1134 αὐτῷ
1311 1078 1426 1127 νυνὶ,
1472 1077 1610 1117 καίτοι
1645 1077 1721 1118 καὶ

235 1147 451 1200 Βψευὸὤν
485 1141 614 1187 ὄντων
642 1147 723 1186 τῶν
751 1145 979 1199 εἰρημένων
1007 1146 1096 1184 κατ’
1138 1138 1291 1194 affrae,
1329 1143 1538 1196 μηδεμίαν
1574 1138 1719 1196 ἑτέραν

270 1209 378 1252 εἶναι
410 1210 619 1265 σωτηρίας
646 1207 870 1265 πρόφασιν,
899 1205 925 1264 ἢ
953 1207 1024 1250 τὸν
1052 1205 1227 1261 πύργον,
1258 1208 1316 1255 εἰς
1346 1205 1394 1247 ὃν
1422 1209 1628 1262 κατέφυγε
1644 1204 1770 1248 τόνιό

268 1278 458 1317 κιὟιὸυνον
488 1272 813 1330 διαδιδράσκων.
867 1290 904 1315 ει
937 1275 982 1314 δὲ
1010 1289 1079 1315 και
1109 1273 1261 1326 α’ληθῆ
1288 1274 1505 1324 συνέβαινε
1526 1270 1576 1313 τὰ
1606 1273 1720 1327 εἰρη-

268 1343 374 1394 μένα
415 1338 545 1391 εἶιαι,
589 1335 615 1393 ἢ
650 1337 756 1394 πρὸς
792 1337 836 1381 τὸ
870 1335 1064 1392 τόλμημα
1111 1353 1166 1378 αν
1206 1334 1412 1391 συνήρατο
1451 1332 1477 1391 ἢ
1505 1334 1717 1392 ἐρ’ρυσατο

269 1407 347 1447 τοῦ
373 1402 562 1446 θανάτου
593 1404 860 1459 φωραθέντα.
910 1401 1166 1450 Ἀπόκαυκος
1202 1403 1280 1454 μὲν
1309 1417 1385 1442 ουν
1411 1403 1584 1443 τοιαῦτα
1613 1417 1718 1445 συν-

269 1468 491 1524 εβούλευε·
550 1470 789 1523 δομέστικος
829 1470 933 1509 ὃὲο
982 1470 1113 1522 μέγας
1149 1465 1274 1508 πάλιν
1303 1469 1474 1520 πέμψας
1501 1465 1607 1522 πρὸς
1636 1468 1717 1509 αυ’-
1767 1463 1770 1466 ’

269 1535 365 1587 τὸν,
390 1533 486 1590 περὶ
510 1536 589 1587 μὲν
615 1550 698 1575 των
727 1508 969 1587 λεγομένων,
1002 1549 1109 1588 εφη,
1138 1536 1224 1573 κατ’
1241 1532 1376 1573 αυτοῦ
1399 1530 1587 1584 μαλιστα
1613 1531 1777 1586 ,Boni-20

270 1604 426 1643 λεσθαι
454 1598 528 1641 καὶ
572 1595 700 1641 adrem
728 1597 786 1652 w}
819 1595 923 1640 sliat
957 1598 1096 1652 α’ληθῆ
1113 1630 1126 1649 ,
1166 1594 1301 1651 ὥσπερ
1348 1599 1454 1653 δῆτα
1492 1597 1566 1640 καὶ
1591 1597 1719 1648 αὕτὸς

273 1667 599 1720 διϊσχυρίζεται.
646 1661 757 1706 οὕτω
803 1661 882 1719 γὰρ
926 1659 1052 1711 αὐτός
1098 1678 1143 1704 τε
1178 1656 1322 1711 εὔνους
1360 1662 1476 1705 ἔσται
1502 1665 1717 1705 duod-ssa-

271 1734 630 1786 γμένοςβασιλεῖ,
662 1728 735 1771 καί
768 1728 806 1770 οἱ
834 1726 1098 1784 συκοφάνται
1137 1727 1237 1770 αὐτὸ
1267 1729 1412 1782 τοῦθ’,
1443 1725 1543 1784 ὅπερ
1583 1728 1717 1782 εἰσίν,

272 1797 589 1850 ἐξεληλεγμένοι.
644 1796 684 1836 εἰ
711 1796 748 1836 δ’
776 1789 860 1851 ἄρα
889 1797 960 1836 καί
987 1793 1115 1842 αὐτὸς
1143 1791 1280 1835 ἐλπίσι
1308 1799 1445 1842 κεναῖς
1473 1789 1716 1850 ἀπατηθεὶς,

272 1946 377 1979 stello
402 1946 464 1979 illo
491 1946 691 1981 inclusisse.
739 1946 926 1981 Praeterea
963 1948 1127 1987 monuit,
1150 1948 1191 1979 ut
1221 1955 1240 1978 e
1267 1956 1331 1979 suo
1370 1955 1454 1978 casu
1486 1947 1594 1980 saluti
1629 1957 1716 1981 suae

270 1993 496 2037 prospiceret
527 1994 587 2027 'et
622 1993 838 2038 improvisae
879 2004 996 2026 rerum
1043 1992 1332 2026 commutationis
1381 1993 1586 2038 exemplum
1621 2005 1641 2026 a
1677 2003 1715 2026 se

274 2044 443 2072 sumeret.
502 2039 593 2072 Nam
629 2045 666 2074 et
701 2040 800 2084 piius
832 2051 869 2072 se
894 2040 991 2072 idem
1015 2039 1156 2072 utiliter
1180 2050 1261 2072 eum
1286 2039 1468 2072 monuisse
1503 2045 1540 2073 et
1584 2039 1715 2074 horta-⁴

271 2090 359 2118 tum
387 2095 486 2124 esse,
520 2096 738 2140 quamquam
767 2086 869 2121 nullo
896 2087 1047 2125 effectu,
1085 2091 1121 2118 et
1144 2096 1240 2118 nunc
1265 2085 1381 2118 nihilo
1407 2086 1524 2119 minus
1550 2085 1737 2127 suadere‚‘

270 2142 352 2164 cum
388 2143 431 2164 ex
465 2141 502 2163 re
535 2133 612 2175 ipsa
642 2133 821 2165 suasionis
846 2143 931 2164 suae
970 2132 1168 2166 utilitatem
1192 2133 1346 2176 probare
1373 2137 1503 2178 queat,
1530 2133 1716 2166 subiecto-

268 2189 349 2211 rum
374 2177 444 2222 ipsi
470 2178 701 2210 castellorum
728 2178 858 2222 (multa
884 2179 979 2212 enim
1006 2177 1156 2223 hahere)
1182 2178 1228 2211 ad
1252 2184 1369 2212 terrae
1401 2181 1580 2224 marisque
1615 2191 1719 2212 com—-

273 2224 466 2257 moditates
503 2225 696 2268 praecipuo
724 2226 795 2258 situ
838 2236 950 2258 unum
988 2224 1165 2270 deligeret
1200 2229 1237 2258 et
1271 2225 1365 2258 illud
1401 2226 1570 2268 operibus
1605 2237 1713 2270 quam

271 2269 517 2304 firmissimum
542 2270 729 2304 redderet:
755 2275 797 2303 ut
831 2272 862 2304 si
897 2270 986 2317 quid
1022 2271 1255 2316 improvisum
1288 2276 1511 2315 emergeret,
1553 2282 1715 2306 secessus

270 2317 519 2362 malorumque
549 2318 714 2362 effugium
762 2318 1018 2362 suppeditaret.
1076 2317 1236 2362 Rogabat
1262 2323 1403 2358 autem,
1429 2322 1470 2351 ut
1493 2318 1524 2351 si
1548 2329 1622 2351 non
1647 2329 1712 2351 an-

273 2362 400 2403 tehac,
434 2363 560 2396 saltem
598 2374 694 2397 nunc
741 2363 993 2398 benevolentis
1038 2365 1151 2398 animi
1192 2364 1383 2397 consilium
1420 2365 1709 2409 amplecteretur.

272 2409 417 2443 Etenim
443 2414 479 2442 et
503 2409 574 2442 sibi
599 2410 637 2443 in
660 2420 853 2454 praesens,
881 2411 1024 2444 tametsi
1049 2411 1150 2444 falsis
1176 2411 1387 2446 criminibus
1414 2410 1599 2456 appetito,
1622 2410 1709 2444 nul-

274 2456 348 2488 lam
384 2455 492 2488 aliam
537 2455 664 2488 salutis
697 2455 853 2490 tuendae
889 2457 1113 2491 occasionem
1139 2457 1318 2502 relinqui,
1343 2463 1487 2501 praeter
1512 2468 1650 2498 arcem,
1674 2456 1715 2490 in
1762 2496 1770 2505 ,

275 2513 382 2581 guam
418 2510 455 2533 sc
489 2502 643 2545 periculi
675 2502 814 2536 vitandi
840 2503 1052 2548 recepisset.
1099 2515 1193 2548 quae
1222 2503 1251 2536 si
1277 2513 1357 2536 vera
1387 2515 1463 2537 esse
1490 2504 1716 2549 contingeret

301 2558 320 2580 e
355 2557 392 2579 se
432 2548 588 2590 iactata,
623 2549 681 2582 vel
714 2549 896 2582 audaciam
932 2561 1030 2583 suam
1066 2549 1253 2582 adiuvaret
1286 2550 1343 2582 vel
1381 2549 1642 2592 deprehensum
1676 2553 1716 2582 et

276 2594 479 2627 convictum
507 2606 525 2626 a
553 2601 666 2628 morte
693 2595 874 2629 liberaret.
923 2596 1127 2639 Apocauchi
1154 2595 1300 2642 quidem
1326 2596 1516 2629 consilium
1540 2595 1611 2628 hoc
1628 2596 1719 2629 fuit

274 2640 331 2674 Ad
354 2650 461 2685 quem
486 2651 631 2684 magnus
661 2641 876 2676 domesticus
899 2643 1028 2675 iterato
1056 2643 1219 2681 mittens,
1248 2642 1414 2676 adversus
1440 2643 1543 2675 illum
1569 2642 1711 2686 vulgata

276 2697 313 2719 se
340 2698 486 2731 quoque
512 2686 599 2719 falsa
627 2690 774 2733 reperiri
803 2688 1120 2735 (quemadmodum
1151 2689 1319 2722 videlieet
1344 2689 1420 2743 ipse
1445 2699 1591 2743 quoque
1617 2687 1712 2721 affir-

274 2733 414 2776 maret)
455 2733 628 2777 imprimis
667 2745 796 2778 cupele
833 2741 982 2768 testatus
1014 2739 1086 2766 est:
1129 2736 1178 2767 sic
1213 2747 1367 2779 namque
1403 2736 1518 2779 ipsum
1554 2737 1711 2779 impera-

274 2780 347 2824 tori
371 2782 523 2816 amicum
549 2785 584 2814 et
614 2780 843 2822 benevolum,
870 2788 906 2816 at
938 2781 1173 2826 sycophantas
1214 2782 1281 2816 hoc
1317 2782 1456 2827 ipsum,
1477 2781 1575 2827 quod
1606 2786 1712 2822 sunt,
