1820 3152
304 170 414 226 528
838 181 1204 228 CANTACUZEM

108 298 291 346 A.C.1345
302 286 523 342 πολεμίους
556 283 923 339 γῦγὲνῆσθαῑ»ίῖλλ’
952 286 1013 328 ἐπ’
1046 289 1188 336 αὐτοῖς
1213 288 1288 344 τῆν
1317 289 1478 346 αἵρεσιν
1503 287 1610 334 εἶναι
1638 289 1733 335 {xa-

301 359 437 412 τέρου.
481 348 532 394 ἄν
562 367 607 393 τε
637 350 717 405 γὰρ
750 348 986 403 βούλωνται
1019 360 1229 407 συνεῖναι,
1270 352 1403 409 ἡδέως
1434 355 1572 411 ἔχειν·
1605 354 1657 400 ἄν
1685 373 1733 400 τε

301 420 407 477 πρὸς
437 416 671 470 Βυζάντιον
701 417 948 471 ἀναχωρεῖν,
977 418 1099 461 οὐδὲν
1126 416 1346 475 κωλύσειν,
1387 421 1489 463 ἀλλὰ
1516 425 1588 465 καί
1615 424 1732 478 δῶρα

169 484 643 542 ν.518η·αρασχόμενον,
670 484 756 534 μετ’
783 479 997 534 εὐμενείας
1044 486 1322 539 α’ποπέμψειν,
1388 490 1562 530 τοιαῦτα
1601 488 1733 542 μὲννό

298 549 496 607 βασιλεὺς
539 549 643 603 πρὸς
685 546 864 596 ἐκείνους
911 551 1148 605 ὃιειλέχθη,
1185 550 1258 592 καί
1286 555 1414 606 τριῶν
1455 553 1622 610 ἡμερῶν
1650 564 1759 607 noc-5

298 620 459 674 ρείχετο
495 615 783 670 προθεσμίαν,
831 611 888 664 (ὃς
918 615 963 656 ἐν
1000 613 1172 667 ταύταις
1210 616 1534 672 διασκεψάμενοι
1571 619 1623 662 τὰ
1659 621 1739 662 δυ·-

298 685 451 726 κοῦντα
482 683 634 724 ἕλοιντο
683 683 921 722 λυσιτελεῖν.
978 680 1017 722 οἱ
1050 683 1096 722 δὲ
1135 682 1290 731 πολλὰς
1329 682 1625 739 ὁμολογοῦντες
1649 684 1764 740 χά-,.,

298 764 418 806 ριτας
446 750 520 802 τῆς
553 746 767 798 εὐμενείας
794 748 963 799 βασιλεῖ’
1002 749 1075 788 καί
1102 749 1176 802 τῆς
1207 748 1305 803 περὶ
1331 749 1488 799 αυ’τούς
1519 755 1730 807 προνοίας,

295 814 641 867 ἐπισκεψαμένοις
678 812 863 853 ἐδέδοκτο
894 813 1052 864 μᾶλλον
1083 819 1267 855 συνεῖναι
1305 818 1496 869 βασιλεῖ’,
1523 815 1634 869 μετὰ
1655 816 1732 873 τὴν

294 883 435 936 τρίτην
494 875 794 933 προσελθόντες
853 875 1103 932 ἀπήγγελλον
1152 877 1228 933 τήν
1251 878 1439 935 γνώμην,
1489 882 1546 932 ὥς
1573 885 1785 936 μᾶλλονῐο

294 946 516 1001 αἱροῦνται
542 942 587 985 τὸ
618 939 1066 1000 αὕτῷσυνὸιατρίβειν
1104 942 1178 985 καί
1215 943 1430 1001 πρόθυμοι
1461 943 1569 990 εἶναι
1596 946 1732 991 πάντα

258 1013 487 1058 εκίνὸυνον
503 1010 607 1065 ὑπὲρ
641 1006 774 1050 αὖτοῦ
802 1008 876 1051 καὶ
904 1006 1025 1051 πόνον
1051 1010 1293 1064 ὑπομένειν,
1322 1009 1377 1062 ὥς
1403 1010 1456 1054 τοὶ
1478 1015 1628 1067 βελτίω
1659 1014 1734 1056 καὶ

290 1077 584 1120 λυσιτελοῦντα
624 1077 698 1116 καί
716 1076 940 1128 Ῥωμαίοις
967 1077 1084 1133 κοινῇ
1131 1078 1206 1118 καί
1240 1082 1324 1126 τοῖς
1357 1079 1563 1131 βασιλέως
1610 1082 1739 1122 παισὶ

291 1143 364 1184 καί
394 1139 619 1196 πράττοντι
657 1141 731 1182 καί
767 1143 1019 1200 βουλομένῳ.
1073 1142 1169 1190 τούς
1209 1141 1288 1196 γὰρ
1331 1143 1376 1185 ἐν
1403 1145 1622 1202 Βυζαντίῳ
1649 1148 1730 1187 τῶν

290 1207 547 1265 πραγμάτων
583 1201 790 1262 ἄρχοντας
822 1208 978 1249 εἰδέναι
1018 1206 1092 1248 καί
1120 1207 1245 1250 αὐτοὶ
1281 1205 1402 1250 οὐδὲν
1438 1201 1552 1262 ἰἷγιὲς
1591 1210 1784 1252 (leave-15

291 1276 542 1330 νοημένους,
575 1269 663 1314 ἄλλ’
692 1271 764 1315 ε’πί
791 1274 910 1328 κοινῇ
927 1276 1183 1331 κακοπραγίᾳ
1211 1272 1344 1316 πάντα
1375 1272 1631 1328 πράττοντας
1658 1275 1732 1318 καὶ

291 1341 449 1397 φθορᾷ.
502 1340 578 1381 τοῦ
622 1339 668 1379 δὲ
705 1339 836 1392 μηδὲν
868 1336 1005 1380 δεινὸν
1031 1341 1130 1393 περὶ
1161 1339 1300 1381 αὐτῶν
1340 1340 1530 1381 ὑπονοεῖν
1569 1342 1728 1382 ἐδέοντο

290 1406 495 1460 βασιλέως
525 1405 597 1445 καί
624 1405 784 1451 πίστεις
813 1404 870 1444 δι’
899 1399 1034 1458 ὅρκων
1061 1405 1385 1458 παρασχέσθαι,
1414 1403 1471 1453 ὥς
1499 1399 1595 1446 οὗτε
1623 1404 1730 1447 ‹ino-

291 1471 539 1525 στὴσονται,
586 1462 682 1510 οὔτε
710 1467 1082 1521 ἑπιβουλεύσουσιν
1122 1469 1235 1526 αὐτῷ
1263 1468 1481 1524 συνόντες,
1512 1469 1618 1512 ἀλλὰ
1647 1474 1734 1513 ποῖ--Δ

291 1552 372 1579 σαν
399 1536 672 1586 έπιὸείξονται
700 1529 866 1575 εὔνοιαν
893 1533 966 1590 καὶ
991 1533 1176 1589 σπουδὴν
1210 1534 1310 1591 περὶ
1334 1535 1477 1578 αὐτόν.
1532 1536 1785 1590 βασιλεύςαο

293 1603 341 1644 δὲ
372 1602 513 1650 αὐτοῖς
550 1598 625 1655 τήν
655 1601 818 1655 αἵρεσιν
856 1595 986 1650 αὖθις
1011 1602 1235 1656 προετίθει,
1280 1600 1337 1650 ὥς
1368 1598 1417 1643 οὖ
1446 1599 1654 1656 κωλύσων,
1677 1597 1730 1645 ἂν

252 1665 404 1723 Βπρὸς
435 1663 666 1717 Βυζάντιον
706 1663 940 1719 βούλωνται
977 1662 1214 1722 ἀποχωρεῖν
1241 1663 1331 1719 ἅμα
1357 1670 1522 1722 γυναιξί
1557 1668 1630 1710 καί
1661 1669 1731 1711 τέ-

290 1748 422 1782 κνοις·
458 1733 642 1787 συνῆσαν
669 1731 749 1788 γὰρ
775 1735 917 1782 αὐτοῖς
946 1731 1053 1775 κατὰ
1080 1730 1155 1782 τὰς
1181 1729 1335 1785 πόλεις,
1363 1727 1422 1775 ὧν
1447 1733 1659 1788 ἡγοῦντο..
1691 1735 1733 1776 εἰ

292 1800 340 1841 δὲ
366 1801 498 1841 ταῦτα
536 1797 761 1852 βούλονται
801 1798 1097 1847 καταλιπόντες
1134 1798 1257 1851 μόνοι
1285 1795 1401 1854 ἥκειν
1430 1797 1535 1855 πρὸς
1563 1795 1737 1850 Βυζάν-·

293 1934 390 1967 enim
424 1944 526 1967 suam
559 1933 729 1967 militiam
760 1932 959 1978 elegerint,
998 1932 1158 1966 libenter
1185 1933 1257 1966 suis
1290 1935 1628 1966 annumeraturum:
1652 1932 1728 1966 sive

291 1981 503 2023 Byzantium
538 1980 656 2014 redire
693 1980 911 2019 maluerint,
944 1979 1042 2013 nihil
1066 1980 1342 2024 impediturum3
1369 1978 1459 2023 quin
1483 1982 1519 2010 et
1543 1990 1623 2012 cum
1646 1990 1730 2013 mu-

291 2027 441 2060 neribus
467 2026 711 2064 dimissurum‚
744 2027 842 2059 Haec
865 2025 910 2058 ad
934 2026 1018 2059 illos
1044 2026 1240 2072 imperator
1255 2050 1266 2066 ,
1290 2025 1449 2059 triduum
1472 2027 1730 2068 praestituens,

294 2085 367 2119 quo
411 2074 567 2107 excussis
600 2074 793 2113 omnibus,
826 2072 865 2105 id
890 2072 989 2117 quod
1015 2085 1035 2108 e
1058 2083 1096 2105 re
1125 2083 1189 2105 sua
1213 2072 1452 2110 iudicassent,
1477 2077 1729 2117 sequerentur.

292 2120 356 2154 llli
383 2120 614 2164 imperatori,
643 2125 683 2153 ut
707 2120 762 2153 sui
790 2120 924 2152 amanti
948 2130 990 2152 ae
1016 2119 1198 2158 sollicito,
1222 2120 1352 2162 gratias
1378 2122 1488 2160 agunt
1508 2119 1626 2152 verbis
1650 2130 1730 2152 am·-

293 2167 486 2212 plissimis‚
512 2177 621 2212 reque
654 2165 872 2206 deliberata,
897 2166 1018 2210 potius
1045 2165 1089 2198 ab
1117 2165 1365 2198 cantaeuzeno
1401 2164 1568 2197 standum
1602 2165 1730 2199 decer-

293 2218 407 2252 nunt,
437 2219 490 2247 et‘
509 2213 569 2249 die
605 2213 712 2246 tertio
741 2212 944 2253 accedunt,
978 2213 1196 2246 sententiam
1231 2222 1330 2243 suam
1356 2211 1588 2253 renuntiant,
1621 2211 1728 2245 malle
1781 2212 1783 2214 ’

293 2259 464 2295 nimirum
496 2271 560 2303 pro
597 2260 675 2304 ipso
717 2265 810 2292 stare
863 2264 899 2297 et
939 2258 1016 2292 eius
1049 2268 1154 2291 eausa
1180 2258 1383 2302 periculum
1412 2258 1564 2302 quodvis
1601 2263 1638 2292 et
1670 2258 1732 2298 lae

294 2304 420 2339 horem
446 2307 606 2352 quemvis
631 2306 776 2340 subire:
802 2306 938 2350 quippe
964 2306 1026 2349 qui
1053 2310 1089 2338 et
1123 2305 1360 2337 Romanorum
1410 2304 1648 2338 communiter
1692 2308 1731 2338 et

294 2353 454 2386 filiorum
493 2353 720 2397 imperatoris
749 2352 962 2398 dignitatem
988 2350 1255 2396 Vtilitatemque
1281 2355 1317 2383 et
1341 2350 1502 2384 consiliis
1525 2356 1562 2384 et
1585 2351 1729 2384 actione

296 2409 435 2443 semper
478 2404 640 2444 quaerat.
701 2398 792 2432 Nam
831 2408 897 2431 nec
927 2407 964 2430 se
997 2398 1156 2435 nescire,
1194 2397 1258 2442 qui
1287 2397 1451 2440 Byzantii
1489 2397 1730 2442 gubernacula

295 2455 430 2477 summa
457 2450 620 2486 teneant,
648 2455 708 2478 eos
733 2444 826 2478 nihil
850 2444 1005 2488 cogitare
1029 2443 1232 2483 laudabile,
1258 2443 1321 2476 sed
1344 2453 1438 2489 quae
1465 2449 1587 2488 agunt,
1608 2443 1730 2478 omnia

294 2490 340 2523 ad
373 2492 556 2534 publicam
606 2491 743 2529 cladem
769 2490 1040 2536 perniciemque
1065 2489 1231 2534 dirigere.
1279 2489 1333 2522 Ne
1366 2489 1510 2534 quando
1544 2495 1662 2523 autem
1688 2491 1730 2524 in.

292 2537 532 2580 suspicionem
567 2538 664 2581 apud
702 2549 782 2570 eum
815 2538 1007 2576 venirent,
1052 2536 1251 2580 rogabant,
1292 2540 1333 2568 ut
1365 2536 1492 2569 liceret
1528 2536 1615 2580 ipsis
1648 2547 1730 2568 eum

291 2590 512 2618 sacramento
542 2585 648 2617 fidem
677 2583 861 2627 obligare,
883 2593 1068 2628 nunquam
1095 2582 1139 2614 ab
1169 2594 1211 2615 eo
1238 2582 1466 2622 defecturos,
1493 2593 1614 2627 neque
1638 2583 1730 2616 insi-

290 2628 368 2662 dias
402 2630 610 2671 molituros,
654 2630 717 2663 sed
751 2630 850 2664 omni
884 2640 966 2662 eum
1006 2628 1260 2662 benevolentia
1317 2628 1522 2673 studiisque
1558 2628 1726 2662 omnibus

289 2681 552 2723 prosecuturos,
602 2678 798 2721 Imperator
824 2676 867 2709 tle
896 2677 1035 2719 integro
1063 2675 1115 2707 eis
1145 2679 1362 2718 potestatem
1388 2674 1491 2713 facit,
1518 2676 1728 2719 Byzantium

291 2734 374 2756 cum
414 2722 585 2755 uxoribus
612 2729 647 2756 et
686 2723 834 2762 liberis,
862 2733 951 2766 quos
979 2732 1098 2754 secum
1126 2721 1304 2755 haherent
1331 2721 1368 2754 in
1393 2720 1565 2762 urbibus,
1595 2721 1728 2766 quibus

293 2769 549 2814 praefuerant,
576 2780 612 2803 se
638 2767 801 2803 conferre
817 2794 827 2812 ,
849 2770 880 2803 si
904 2767 1028 2803 velint.
1090 2767 1153 2802 Sin
1181 2774 1217 2802 et
1254 2767 1319 2802 hos
1347 2767 1551 2814 relinquere
1586 2768 1729 2814 solique
