1800 3138
283 174 387 230 252
801 193 1170 237 CANTActhEm

87 294 352 343 A.C.134nnal
375 291 458 334 ὖπό
492 294 679 347 πολέμων
708 295 920 351 ἐμφυλίων
947 296 1306 348 ἐπιβουλευθέντες
1320 328 1333 348 ,
1371 295 1702 352 ἐξεκρούσθησαν

245 360 353 411 Οτῆς
381 354 527 413 ἀρχῆς.
586 360 673 402 ἀλλ’
701 356 830 410 αὖθις
855 358 1038 414 ἑκάτεροι
1065 358 1141 414 τῆν
1170 362 1375 415 σωτηρίαν
1405 360 1479 402 otiu
1507 360 1705 416 a’noyrdv4

142 425 263 469 V-392
278 438 355 475 τες,
386 426 457 477 τῆς
488 439 531 465 τε
559 423 692 480 ἀρχῆς
720 426 916 479 ἐπέτυχον
941 427 1011 466 καί
1038 422 1136 473 τούς
1161 425 1380 476 πολεμίους
1395 429 1549 479 πλείω,
1579 423 1606 482 ἢ
1629 425 1708 468 αύ-

274 487 339 530 τοί
374 486 631 542 πεπόνθασι,
675 488 1023 546 προσειργάσαντο
1052 486 1170 531 κακά.
1225 489 1264 530 εἰ
1289 491 1335 530 δὲ
1366 489 1438 530 καί
1462 489 1566 545 πρὸς
1593 488 1706 532 θειό-

275 553 373 606 τερά
410 569 500 595 τινα
540 555 855 609 παραδείγματα
898 554 1128 608 ἀνάγεσθαι
1156 552 1317 608 δεήσει,
1360 553 1431 596 τὸν
1451 554 1606 610 Ἰωσὴφ
1638 553 1729 597 «ἔν-5

277 617 487 673 νοήσωμεν
526 622 594 660 καὶ
632 618 705 674 την
741 618 895 675 πικράν
936 622 1093 673 ἐκείνην
1129 620 1319 660 δουλείαν
1346 621 1418 660 καί
1442 618 1515 673 τήν
1539 621 1709 674 χρόνιον

276 683 486 740 κάθειρξιν
515 684 587 726 καί
612 685 685 727 τὸν
712 680 835 727 ἄλλον
863 682 1047 741 φορυτόν
1079 687 1162 725 τῶν
1190 680 1389 737 ἀλγεινῶν
1416 685 1489 724 καί
1517 683 1574 733 ὥς
1598 682 1706 736 μετὰ

277 752 409 791 ταῦτα
438 748 570 792 πάντα
599 750 691 792 άντί
717 749 867 792 δούλου
896 751 969 791 καί
995 746 1206 802 δεσμώτου
1233 746 1431 801 βασιλεὺς
1449 745 1710 791 α’νεδείκνυτο

269 813 500 869 Αἰγύπτου,
557 815 630 857 χαί
654 817 795 872 Λαβῐδ
821 813 892 858 τὸν
918 814 1095 864 βασιλέα
1123 811 1230 866 μετὰ
1260 811 1336 867 την
1365 813 1519 868 πλάνην
1536 812 1611 868 τήν
1625 831 1710 866 μα·-

279 878 383 932 κροὶν
423 879 495 919 καί
530 879 574 921 τό
603 881 737 934 μυρία
764 876 846 919 ὑπὸ
880 880 958 919 τοῦ
988 877 1321 933 εύεργετηθὲντος
1359 881 1563 931 βασιλέως
1611 879 1766 923 ὕπο-ιο

279 946 424 997 στῆναι
464 942 517 984 τοὶ
545 942 688 993 δεινὰ,
733 940 902 997 ὕστερον
946 944 1003 992 εἰς
1040 940 1118 996 τὴν
1160 943 1315 984 οἰκείαν
1344 944 1614 985 ἀνασωθέντα
1643 945 1716 986 καὶ

277 1010 456 1060 βεβαίως
498 1005 800 1060 βασιλεύσαντα
838 1009 923 1050 τῶν
961 1004 1198 1062 ὁμοφύλων.
1260 1007 1290 1048 οἳ
1316 1007 1450 1050 πάντα
1476 1007 1560 1064 χρὴ
1589 1011 1715 1051 ἐνθυ-
1771 1023 1776 1028 ’

238 1075 513 1126 Βμουμένους
532 1071 590 1127 μὴ
621 1074 827 1126 α’θυμεῖν,
862 1072 966 1114 ἄλλα
993 1075 1154 1125 μᾶλλον
1180 1070 1230 1114 τὰ
1249 1072 1505 1128 χρηστότερα
1523 1075 1713 1125 ἐλπίζειν·

280 1138 557 1192 βουλεύεσθαι
586 1139 632 1180 δὲ
662 1138 734 1180 καί
773 1137 802 1180 ἃ
827 1137 909 1194 χρή
942 1137 1195 1193 πράττοντας
1222 1137 1340 1190 νυνί,
1366 1137 1424 1193 μὴ
1454 1140 1529 1180 τοῦ
1557 1135 1714 1194 προσήὲ

281 1218 418 1251 κοντος
446 1202 752 1255 διαμαρτάνειν.
807 1202 928 1257 δρᾶτε
956 1202 1036 1258 γὰρ
1054 1235 1066 1254 ,
1095 1201 1151 1251 ὥς
1178 1202 1276 1258 περὶ
1289 1205 1363 1258 γῆν
1383 1203 1768 1256 οἷπολελεᾲιμεθαιὸ

282 1270 492 1320 πολεμίαν,
519 1262 545 1324 ᾗ
571 1268 677 1322 τό,τε
707 1268 999 1323 προσεδρεύειν
1028 1267 1105 1308 οὐκ
1133 1268 1343 1323 ἆσφαλὲς,
1384 1269 1586 1320 πολεμίων
1614 1267 1714 1310 πάν-

282 1336 402 1375 τοθεν
442 1335 727 1386 ἐπικειμένων,
771 1332 847 1374 καί
882 1331 928 1374 τὸ
965 1333 1022 1382 εἰς
1047 1331 1121 1387 τήν
1151 1334 1304 1374 οἰκείαν
1335 1333 1611 1389 ἀναστρέφειν
1637 1332 1710 1375 καὶ

282 1401 625 1452 ε’γκλεισαμένους
653 1401 977 1453 πολιορκεῖσθαι,
1012 1399 1086 1439 οὐκ
1113 1398 1275 1452 ἀγεννὲς
1305 1396 1378 1440 καί
1397 1394 1542 1450 ἄτιμον
1566 1398 1715 1450 μόνον,

284 1462 390 1505 ἀλλὰ
423 1463 495 1504 καὶ
520 1463 714 1505 κινδύνου
742 1462 930 1516 ὑποψίαν
957 1464 1008 1504 οὔ
1034 1465 1261 1516 παρέχεται
1286 1462 1463 1517 μικράν,
1506 1463 1544 1504 εἰ
1574 1462 1713 1516 δεήσει

284 1526 502 1577 τοσούτους
552 1530 688 1586 ἐνδείᾳ
735 1531 980 1577 πιεσθέντας
1029 1525 1177 1579 οἷνάξια
1215 1529 1288 1582 τῆς
1327 1529 1529 1583 προτέρας
1573 1525 1694 1580 δόξης
1712 1543 1763 1570 20

286 1591 680 1648 ἆναγκασθήσεσθαι
733 1599 878 1636 ποιεῖν.
959 1596 1188 1642 Μελενίκος
1232 1591 1310 1648 γὰρ
1354 1593 1435 1646 οὐχ
1475 1589 1537 1634 ὅτι
1575 1608 1620 1645 γε
1669 1588 1717 1646 ἦε-

285 1660 394 1711 μᾶς,
429 1660 515 1701 ἄλλ’
543 1660 639 1703 οὐδὲ
669 1659 765 1709 τούς
783 1661 994 1708 οἰκοῦντας
1012 1659 1181 1716 τρέφειν
1202 1657 1377 1701 δύναται
1395 1657 1608 1705 άνενδεῶς.
1663 1648 1714 1698 οὗ

162 1729 196 1764 Ρ-
216 1728 280 1774 487
296 1723 344 1781 δὴ
393 1723 509 1768 ἕνεκα
562 1723 686 1774 αὐτός
733 1741 777 1767 τε
827 1723 1026 1781 πρότερον
1069 1723 1247 1779 ἐμαυτὸν
1287 1724 1458 1766 πέπεικα
1499 1721 1583 1765 καὶΔ
1617 1722 1716 1777 ὑμῖν

391 1851 403 1874 ι
411 1841 443 1874 8.
469 1838 766 1885 ἔγκλησαμένοας
791 1838 826 1873 Ρ.

290 1954 422 1984 ratores
446 1959 520 1982 non
547 1950 673 1995 pauci,
697 1948 762 1981 alii
787 1947 949 1980 barbaris
973 1946 1109 1980 bellum
1133 1945 1328 1981 inferentes
1351 1946 1508 1990 superati
1534 1950 1571 1979 et
1596 1946 1713 1988 capti,

290 1997 356 2030 alii
378 1996 544 2030 civilibus
570 1996 676 2029 armis
701 1994 851 2040 imperio
877 1993 1018 2037 depulsi
1043 1996 1146 2026 sunt:
1180 1992 1243 2026 sed
1265 2002 1402 2025 rursum
1430 1993 1574 2036 utrique
1600 1991 1714 2024 salute

289 2053 515 2088 nequaquam
538 2042 578 2075 in
602 2040 799 2086 desperatis
824 2040 967 2080 habita,
1003 2044 1040 2073 et
1076 2039 1264 2084 imperium
1287 2043 1544 2082 recuperarunt
1576 2042 1614 2070 et
1638 2048 1716 2082 gra-

288 2091 404 2122 viores
428 2088 565 2129 clades,
595 2099 700 2133 quam
727 2091 953 2130 acceperant,
989 2085 1154 2118 hostibus
1178 2084 1430 2128 rependerunt.
1487 2083 1626 2127 Quodsi
1653 2082 1710 2116 di·
1736 2104 1740 2106 -

288 2135 429 2170 viniora
469 2134 646 2180 quaedam
681 2134 842 2176 exempla
878 2133 1115 2178 requirimus,
1148 2129 1340 2174 Iosephum
1368 2135 1405 2163 et
1425 2130 1587 2162 acerbam
1614 2128 1714 2164 illam

290 2182 496 2214 servitutem
522 2181 805 2224 diuturnumque
831 2190 1006 2213 carcerem
1040 2184 1077 2212 et
1112 2177 1287 2221 reliquam
1321 2176 1483 2209 dolorum
1520 2175 1713 2208 colluviem

290 2232 328 2260 et
354 2227 533 2272 quomodo
558 2231 640 2273 post
663 2225 753 2259 haec
777 2226 896 2259 omnia
932 2236 996 2269 pro
1028 2235 1127 2258 servo
1152 2227 1188 2255 et
1209 2223 1330 2256 vincto
1355 2221 1506 2266 Aegypti
1542 2221 1707 2264 princeps

290 2272 489 2306 declaratus
520 2274 589 2314 sit,
612 2278 695 2306 ante
724 2273 845 2306 oculos
870 2281 1119 2316 proponamuS.
1146 2269 1190 2302 Et
1216 2267 1331 2301 David
1355 2278 1495 2310 regem,
1516 2273 1709 2312 postquam

289 2318 353 2352 diu
376 2318 547 2363 fugiendo
575 2319 756 2353 oberravit
779 2323 815 2352 et
838 2323 1004 2353 sexcenta
1029 2328 1050 2350 a
1074 2314 1201 2355 Saule,
1231 2316 1289 2347 cui
1322 2314 1574 2353 benefecerat,
1612 2312 1709 2345 mala

289 2376 476 2409 perpessus
501 2365 590 2406 fuit,
616 2364 758 2398 tandem
781 2365 822 2398 iu
845 2365 996 2410 patriam
1019 2363 1184 2396 tellurem
1208 2362 1342 2394 salvum
1368 2359 1572 2403 pervenisse
1595 2357 1708 2390 stabi-

290 2411 397 2455 leque
419 2411 458 2444 in
482 2422 544 2444 sua
568 2418 673 2456 gente
697 2422 842 2455 regnum
871 2411 1038 2454 adeptum
1063 2417 1150 2440 esse.
1196 2407 1299 2451 Quae
1334 2406 1454 2439 omnia
1479 2402 1707 2449 perpenden-

289 2461 364 2496 tes,
390 2468 531 2501 sperare
566 2459 712 2491 meliora
740 2462 898 2501 oportet,
936 2452 1196 2499 cogitandoque
1228 2458 1264 2486 et
1297 2451 1447 2496 agendo,
1479 2461 1572 2496 quae
1610 2459 1709 2484 nune

290 2513 380 2546 opus
406 2508 480 2544 est,
504 2515 524 2537 a
549 2509 645 2537 recto
669 2505 811 2537 tramite
838 2514 910 2536 non
937 2501 1112 2534 aberrare.
1161 2498 1301 2532 Videtis
1326 2499 1445 2537 enim,
1479 2494 1710 2542 quemadmo-

292 2547 376 2579 dum
406 2549 444 2582 in
470 2555 565 2582 terra
587 2549 714 2583 hostili
738 2550 854 2582 relicti
877 2548 1009 2585 simus,
1044 2547 1083 2579 in
1107 2555 1178 2589 qua
1202 2555 1268 2577 nec
1291 2544 1439 2578 haerere
1470 2546 1607 2580 tutum,
1639 2539 1709 2572 ho-

290 2593 404 2627 stibus
429 2595 589 2640 undique
619 2596 846 2640 urgentibus,
872 2599 909 2627 et
933 2592 1077 2627 ‹lomum
1101 2590 1231 2624 reverti
1257 2591 1382 2635 ibique
1414 2588 1572 2621 inclusos
1606 2585 1707 2619 obsi-

291 2639 391 2679 deri,
414 2650 488 2673 non
513 2642 618 2674 modo
643 2640 849 2674 timiditatis
877 2645 911 2672 et
937 2637 1106 2672 infamiae
1131 2637 1277 2680 plenum
1303 2641 1382 2677 est,
1405 2634 1468 2668 sed
1493 2639 1529 2666 et
1551 2631 1705 2677 periculi

290 2686 527 2729 suspicionem
553 2699 624 2720 non
649 2698 789 2732 parvam
817 2685 950 2723 habet,
979 2695 1024 2716 ue
1048 2687 1118 2715 tam
1142 2682 1246 2716 multi
1271 2683 1363 2715 fame
1395 2679 1552 2718 subacti,
1582 2676 1708 2722 pristi-

289 2742 372 2765 nam
405 2731 553 2776 gloriam
588 2745 684 2765 suam
716 2733 859 2768 foedare
890 2729 1158 2772 compellantur.
1209 2729 1408 2762 Melenicus
1443 2725 1540 2759 euim
1570 2722 1702 2757 nedum

291 2788 356 2813 nos
371 2802 382 2819 ,
407 2777 469 2812 sed
494 2789 560 2813 nec
581 2778 715 2814 incolas
741 2789 823 2812 suos
845 2775 1025 2813 commode
1047 2780 1167 2821 potest
1189 2775 1297 2810 alere.
1345 2774 1461 2820 Quam
1490 2770 1537 2806 ob
1561 2777 1703 2802 causam
