1754 3146
415 704 1251 766 PRAEMONITUM'.

111 1132 263 1200 Cum
299 1147 400 1196 iam
434 1148 487 1195 in
519 1164 574 1195 eo
609 1146 726 1203 sim,
762 1157 843 1203 ut,
879 1142 1004 1211 quid
1043 1143 1097 1190 in
1121 1142 1216 1191 hoc
1242 1143 1399 1191 altero
1420 1143 1549 1191 Cau-‘-

113 1231 334 1278 tacuzeni
364 1229 618 1277 volumine
640 1227 939 1296 praestitum
967 1225 1048 1283 sit,
1085 1242 1353 1291 exponam,
1389 1225 1552 1275 facere·

111 1330 216 1360 nou
251 1329 471 1379 possum,
517 1310 647 1378 quin
682 1308 1051 1357 acerbissimam
1096 1324 1234 1354 casus
1277 1307 1418 1355 illius·
1450 1324 1551 1354 me-

110 1394 326 1442 moriam
360 1410 614 1450 renovem,
652 1391 743 1459 qui
780 1391 1079 1458 necopinato
1109 1406 1276 1457 nuper
1308 1389 1432 1437 honi
1467 1406 1552 1437 cu-

114 1476 293 1542 iusque
338 1477 568 1524 animum
619 1474 838 1542 perculit
883 1485 934 1520 et
977 1472 1167 1520 afflixit.
1235 1471 1390 1519 Cuius
1414 1472 1552 1520 enim

113 1558 322 1605 consilio
357 1557 670 1625 auspiciique
704 1555 942 1603 felicitate
979 1555 1100 1602 haec
1130 1555 1233 1621 ipsa
1258 1554 1555 1619 Byzantino-

115 1658 232 1687 rum
265 1639 568 1707 scriptorum
602 1637 830 1686 collectio
866 1649 919 1684 et
954 1636 1156 1685 condita
1186 1639 1258 1683 e'st
1290 1647 1341 1683 et
1369 1635 1423 1683 in
1457 1635 1555 1682 lae-

117 1736 218 1771 tam
259 1740 400 1791 spem
443 1722 682 1778 accrevit,
728 1737 846 1768 eum
885 1721 1051 1768 subita
1095 1732 1247 1785 atque
1281 1718 1553 1765 immatura

115 1818 278 1854 morte
312 1819 546 1872 ereptum
580 1805 724 1853 nobis
759 1822 880 1862 esse,
929 1804 1044 1871 quis
1077 1814 1175 1856 est,
1222 1816 1375 1867 quem
1412 1817 1555 1848 nunc

115 1887 321 1935 demum
355 1887 551 1936 edoceri
587 1889 846 1955 oporteat?
913 1886 1118 1953 Quippe
1153 1882 1464 1931 Niebuhrius
1497 1898 1554 1929 ea

114 1983 224 2018 erat
257 1970 476 2018 nominis
509 1970 692 2036 gloria,
729 1968 1098 2017 immortalibus
1133 1968 1187 2014 in
1222 1983 1329 2014 rem
1363 1964 1555 2014 littera-

115 2054 245 2102 riam
266 2053 457 2101 meritis
478 2065 620 2121 parta
636 2092 647 2111 ,
689 2065 749 2101 ut
775 2065 826 2101 et
844 2050 1003 2110 vivus,
1039 2051 1078 2099 si
1103 2051 1217 2117 quis
1243 2047 1392 2106 alius,
1419 2047 1556 2096 inter

117 2135 449 2183 humanitatis
474 2134 677 2183 decora
732 2132 1133 2203 splendidissima
1188 2129 1554 2188 celebraretur,

118 2209 192 2275 et,
227 2216 318 2264 ubi
352 2216 454 2265 vita
489 2215 717 2274 decessit,
755 2217 905 2282 longe
937 2215 1139 2282 lateque
1175 2216 1314 2265 triste
1359 2216 1437 2265 sui
1471 2215 1555 2265 de·

118 2298 362 2347 siderium
403 2298 716 2348 diffunderet
761 2298 1143 2364 communisque
1193 2298 1416 2347 iacturae
1448 2316 1556 2348 sen-

120 2401 232 2431 sum
280 2383 530 2432 excitaret.
608 2385 674 2431 Et
715 2399 831 2430 vero
876 2383 1091 2430 nuntius
1135 2382 1224 2430 iste
1257 2399 1314 2431 eo
1358 2383 1557 2450 gravius

122 2465 354 2522 omnium
386 2467 580 2515 animos
601 2466 794 2524 affecit,
832 2464 971 2532 quod
1006 2466 1061 2513 in
1088 2484 1267 2533 magna
1301 2479 1351 2516 et
1383 2468 1557 2516 multi-

122 2549 244 2617 plici
290 2549 591 2608 calamitate,
638 2567 819 2616 quam‚
863 2561 938 2597 tot
969 2548 1089 2596 viris
1121 2548 1391 2616 praeclaris
1424 2567 1557 2598 sum-

121 2648 305 2699 maque
327 2623 586 2680 doctrinae
616 2630 768 2679 laude
790 2631 1093 2699 conspicuis,
1129 2631 1292 2680 nescio
1326 2649 1428 2698 qua
1464 2631 1557 2681 fati

121 2714 417 2782 iniquitate,
453 2714 587 2763 intra
620 2712 716 2762 hoc
748 2713 897 2762 breve
942 2713 1180 2782 temporis
1212 2714 1432 2782 spatium
1478 2731 1556 2762 ex-
