1800 3132
298 163 404 219 332
816 181 1183 225 CANTACUZENI

100 292 370 337 A,C,13420·ra
398 278 649 336 συνοι’σειν,>
680 282 966 332 ἑσκέψατοείς
993 282 1166 338 Κράλην
1187 285 1461 343 ἀναστρέφειν
1489 286 1562 327 καί
1588 301 1717 341 στρα-

294 343 387 386 τιοὶν
415 343 642 399 α’ξιόχρεων
670 347 819 396 αἰτεῖν,
857 342 962 388 ὥστε
990 348 1050 395 εἰς
1078 347 1378 402 Διδυμότειχον
1409 349 1591 405 φοβερόν
1631 357 1716 400 τοῖς

290 410 500 461 πολεμίοις
537 410 709 451 ἐλθόντα
747 407 872 464 εἶναι,
917 411 1022 453 ἄλλα
1064 410 1120 466 μή
1151 419 1503 469 καταφρονεῖσθαι
1532 414 1602 458 διὰ
1639 415 1718 470 τήν

291 473 541 526 ἀδυναμίαν.
595 475 686 516 ε’πεί
722 477 767 517 δὲ
805 479 879 517 καί
913 483 1000 526 τοῖς
1035 479 1207 519 συνοῦσι
1243 478 1465 530 Ῥωμαίοις
1507 482 1719 522 ἐκοινοῦτο

290 537 365 593 την
391 538 545 592 βουλήν
559 573 570 591 ,
598 538 745 589 πάντες
774 538 909 597 ὥσπερ
938 544 984 583 ἐκ
1004 538 1267 595 συνθήματος
1285 541 1419 585 πάντα
1439 546 1596 596 μᾶλλον
1614 543 1745 600 ἔφα-5

291 620 372 646 σαν
399 604 615 658 αἱρεῖσθαι
652 605 874 657 ὑπομένειν
917 604 990 647 καί
1014 606 1175 660 μυρίων
1217 605 1410 648 θανάτων
1436 610 1734 664 κατατολμᾷν,-

290 665 319 723 ἢ
347 670 405 716 εἰς
434 668 509 723 την
547 671 624 723 γῆν
667 665 793 719 αὖθις
834 672 1113 727 ἀναστρέφειν
1147 674 1375 727 Τριβαλῶν.
1432 674 1484 713 ου’
1508 671 1587 727 γὰρ
1632 672 1720 715 ε’νό-

291 737 413 787 μιζον
454 735 512 781 εἰς
549 736 624 788 γῆν
661 734 940 790 πορεύσεσθαι
978 736 1077 792 ἡλίῳ
1125 737 1487 791 περιλαμπομένην
1521 736 1593 778 καὶ
1635 731 1718 778 ‘uno'

253 796 524 851 ςοῖνθρώπων
552 800 814 854 οἰκουμένην,
843 801 935 842 ἀλλ’
966 803 1024 848 εἰς
1051 797 1153 856 ᾅδου
1183 803 1428 853 κευθμῶνας
1457 799 1533 853 καὶι
1567 803 1722 856 νεκρῶν

291 862 506 919 διατριβὰς
524 864 595 904 καί
614 861 712 905 ἄλλο
733 864 824 906 εἴτι
843 866 1176 920 δυσχερέστερον.
1204 864 1335 907 πολλὰ
1356 867 1401 906 δὲ
1419 867 1623 918 βασιλέως
1640 882 1774 908 ποι-ιο

291 929 530 983 ραινοῦντος
546 962 557 980 ,
586 926 642 977 ὥς
668 931 814 981 βελτίω
844 928 915 970 καί
942 933 1253 985 λυσιτελέστερα
1280 929 1531 984 βουλεύοιτο,
1559 931 1629 971 καί
1655 932 1723 972 δε-

291 997 442 1045 ομένου
501 993 751 1046 πείθεσθαι,
803 994 896 1035 οὐδ’
935 989 1076 1049 ἄκροις
1115 996 1392 1049 παρεδέχοντο
1442 994 1567 1048 doh,
1616 992 1722 1037 α’λλὰ

291 1055 418 1100 πάνθ’
449 1055 528 1098 ὅσα
568 1053 619 1099 ἄν
659 1074 721 1107 τις
759 1057 866 1100 εἴποι
909 1057 1023 1100 δεινὰ
1063 1058 1324 1115 φορητότερα
1365 1057 1560 1116 ἡγοῦντο,
1595 1055 1624 1113 ἢ
1664 1059 1745 1108 εἰς,

299 1121 532 1179 Τριβαλοὺς
565 1117 688 1172 αὖθις
717 1125 1005 1179 α’ναστρέφειν.
1059 1124 1257 1177 βασιλεύς
1285 1125 1331 1165 δὲ
1358 1124 1430 1165 τόν
1461 1139 1503 1165 τε
1531 1122 1722 1167 κίνδυνον

293 1188 402 1240 ὁρῶν
419 1220 429 1238 ,
463 1185 519 1235 ὥς
547 1189 597 1228 ου’
620 1186 768 1242 μικρὸς
794 1190 839 1230 ἐκ
865 1190 940 1230 τοῦ
967 1180 1195 1230 πείθεσθαι
1225 1195 1309 1236 τοῖς
1346 1191 1558 1239 συνοῦσιν,
1589 1186 1776 1237 οὕτωςιό

295 1255 515 1306 α’λ-υσιτελῆ
554 1252 627 1293 καί
651 1256 966 1305 βουλευομένοις
1015 1255 1088 1294 καί
1113 1252 1307 1308 πράττειν
1344 1250 1424 1307 ἤδη
1463 1253 1729 1307 ὡρμημένοις

297 1317 522 1370 ἀλογίστως
531 1348 543 1368 ,
579 1313 661 1365 ὅ,τι
689 1333 731 1358 τε
756 1315 960 1372 χρήσαιτο
988 1324 1070 1366 τοῖς
1099 1317 1338 1372 πράγμασιν
1368 1317 1441 1358 οῦκ
1466 1315 1603 1371 ἔχων,
1631 1319 1715 1358 τῶν

297 1378 503 1422 συνόντων
540 1381 763 1422 πείθεσθαι
789 1381 847 1435 μὴ
877 1382 1116 1434 δυναμένων
1126 1415 1138 1434 ,
1175 1381 1367 1435 πρότερον
1409 1381 1551 1430 αὐτοῖς
1588 1379 1718 1423 πολλὰ

263 1445 540 1498 Βδιαλεχθείς
566 1447 634 1486 καὶ
664 1445 846 1500 φανερὸν
875 1446 1073 1499 ποιήσας,
1116 1445 1171 1493 ὥς
1201 1444 1270 1486 διὰ
1296 1443 1371 1500 τὴν
1413 1445 1553 1487 αὔτῶν
1577 1461 1726 1501 μικρο-

297 1512 458 1563 ψυχίαν
484 1512 556 1550 καί
582 1510 782 1562 α’βουλιάν
809 1509 956 1560 ἀνάξια
985 1507 1136 1550 ἑαυτοῦ
1164 1511 1236 1550 καί
1267 1510 1340 1563 τῆς
1380 1511 1629 1564 στρατηγίας
1654 1508 1778 1555 amizo

298 1578 372 1627 τῆς
400 1577 543 1628 πείρας
571 1574 761 1628 πράττει,
803 1574 990 1616 ἐπείθετό
1019 1590 1063 1616 τε
1095 1569 1207 1616 ἄκων
1234 1571 1374 1622 αὖτοῖς
1400 1572 1504 1629 πρὸς
1530 1573 1606 1629 τήν
1631 1578 1727 1630 βου-

299 1637 376 1692 λὴν
396 1638 468 1679 καί
490 1637 784 1693 παρεκελεύετο
813 1638 1009 1694 θαρῥεῖν,
1038 1639 1093 1687 ὥς
1123 1641 1201 1680 τοῦ
1227 1641 1332 1680 θεοῦ
1357 1641 1696 1693 προστησομένου
1710 1671 1724 1691 ,

300 1700 435 1758 ὥσπερ
467 1702 518 1757 δὴ
554 1706 626 1745 καί
664 1699 809 1745 ἄλλοτε
836 1703 1030 1753 πολλάκις
1069 1705 1113 1745 ἐν
1139 1703 1341 1752 κινδύνοις
1368 1703 1418 1744 025
1438 1708 1624 1758 μικροῖς,
1654 1705 1728 1746 καί

391 1792 423 1825 8.
447 1785 518 1836 γῆν
541 1792 602 1832 Μ.,
626 1783 692 1833 τὴν
716 1792 750 1825 Ρ.

303 1875 413 1909 retur,
448 1870 529 1913 (nec
563 1870 658 1902 enim
692 1870 763 1903 sibi
797 1871 943 1916 suisque
977 1870 1017 1903 id
1039 1871 1193 1903 multum
1227 1870 1488 1916 profuturum3)
1513 1870 1559 1904 ad
1584 1870 1725 1905 cratem

302 1915 420 1948 redire
449 1920 485 1947 et
509 1925 528 1946 a
557 1915 659 1948 Crale
697 1916 870 1950 sufficiens
899 1917 1077 1949 auxilium
1105 1922 1226 1961 petere
1254 1917 1438 1960 cogitavit:
1469 1921 1519 1956 ut,
1547 1928 1627 1949 cum
1651 1917 1719 1949 Di-

304 1960 546 2004 dymotichum
573 1964 746 2002 venisset,
769 1962 935 1996 hostibus
960 1962 1100 2002 terrori,
1125 1973 1198 1995 nou
1225 1962 1458 2006 comtemptui
1485 1967 1586 1995 esset.
1613 1963 1720 1996 Com-

305 2007 486 2040 munieata
510 2019 546 2041 re
572 2019 650 2040 cum
684 2009 873 2049 Romanis,
911 2018 1033 2041 omnes
1060 2008 1159 2041 velut
1183 2008 1227 2041 de
1254 2013 1449 2052 compacto,
1477 2019 1726 2055 quaecumque

303 2054 427 2097 potius
453 2063 489 2084 se
514 2064 742 2097 perpessuros
768 2059 804 2087 et
829 2054 928 2086 mille
953 2053 1129 2088 mortibus
1154 2059 1260 2098 caput
1283 2054 1485 2087 obiecturos
1502 2079 1512 2094 ,
1539 2065 1647 2099 quam
1679 2054 1725 2087 ad

303 2099 485 2133 Triballos
510 2099 686 2134 redituros
713 2100 976 2133 confirmarunt.
1026 2100 1107 2132 Non
1141 2101 1235 2131 enim
1261 2099 1307 2132 ad
1334 2105 1485 2138 terram,
1521 2111 1615 2144 quae
1639 2101 1726 2134 solis

304 2144 415 2178 radiis
449 2146 638 2179 vestiretur
688 2150 724 2179 et
755 2145 800 2177 ab
836 2144 1044 2178 hominibus
1089 2145 1328 2185 incoleretur,
1367 2144 1429 2178 sed
1459 2144 1503 2177 ad
1529 2145 1726 2180 inferorum

303 2191 413 2225 valles
447 2192 628 2236 vitamque
662 2202 741 2223 cum
773 2192 922 2224 mortuis
955 2191 1144 2236 agendam,
1179 2197 1216 2223 et
1247 2190 1277 2222 si
1310 2191 1399 2235 quid
1431 2191 1657 2225 inamoenius
1682 2202 1725 2224 nc

304 2237 444 2269 tristius
484 2242 559 2278 est,
602 2248 639 2270 se
664 2247 866 2270 reversuros
902 2236 1106 2271 credebant.
1163 2236 1360 2280 Impensius
1397 2242 1516 2269 autem
1556 2237 1734 2277 hortante,

305 2283 543 2326 imperatore,
588 2289 628 2316 ut
661 2283 790 2316 melius
826 2289 863 2316 et
896 2283 1022 2316 utilius
1056 2292 1179 2325 sapere
1223 2282 1376 2322 vellent,
1411 2287 1652 2327 regnumque,
1684 2287 1728 2316 ut

303 2333 490 2373 parerent,
522 2340 579 2363 eas
601 2340 705 2362 voces
731 2329 876 2362 auribus
895 2334 1106 2366 aversantes,
1132 2329 1250 2360 omnia
1278 2329 1406 2372 gravia,
1435 2338 1527 2372 quae
1545 2328 1615 2362 dici
1643 2339 1726 2372 pos-

303 2379 405 2413 sunt,
446 2374 563 2408 isthoc
600 2375 639 2408 in
671 2375 853 2407 Triballos
886 2374 1004 2407 reditu
1028 2375 1161 2407 leviora
1187 2373 1373 2406 ducebant.
1422 2375 1619 2417 Imperator
1644 2384 1725 2408 eum

302 2420 500 2464 periculum
525 2431 597 2454 non
614 2420 794 2454 modicum
817 2420 1032 2464 provideret,
1057 2421 1099 2458 si,
1122 2419 1194 2452 suis
1220 2424 1290 2451 tam
1317 2431 1438 2463 parum
1457 2419 1625 2463 frugifera
1646 2420 1724 2453 vol-

303 2466 471 2499 ventibus
490 2472 525 2500 et
551 2472 622 2499 tam
646 2467 849 2500 inconsulto
879 2466 1019 2510 aggredi
1045 2465 1257 2509 parantibus
1274 2465 1545 2511 obsequeretur,
1573 2470 1610 2498 et
1633 2464 1723 2510 quid

305 2517 425 2554 ageret
449 2513 620 2551 nesciret,
664 2512 955 2558 quandoquidem
977 2512 1118 2544 flectere
1144 2512 1277 2543 milites
1305 2523 1378 2544 nou
1415 2516 1578 2556 poterat,
1610 2511 1723 2544 multa

309 2556 510 2600 praefatus,
536 2558 667 2602 quibus
690 2559 836 2601 planum
863 2557 967 2597 feeit,
996 2568 1033 2589 se
1058 2561 1203 2600 propter
1228 2557 1372 2589 illorum
1396 2557 1561 2590 imbelles
1585 2557 1724 2590 animos

312 2606 349 2633 et
378 2605 615 2637 temeritatem
648 2603 795 2647 indigna
831 2615 895 2637 suo
931 2603 1075 2635 nomine
1103 2604 1387 2648 auctoritateque
1423 2602 1649 2646 imperatoria
1679 2607 1723 2635 et

311 2658 376 2679 usu
402 2648 547 2681 militari
572 2651 814 2687 committere,
841 2660 962 2682 eorum
986 2647 1165 2681 desiderio
1191 2649 1322 2681 invitus
1348 2649 1488 2693 paruit,
1520 2646 1723 2687 cohortans,

311 2692 365 2724 uti
390 2693 464 2726 Deo
492 2695 661 2735 fiderent,
687 2697 761 2740 qui,
787 2695 965 2740 quomodo
989 2693 1139 2728 antehac
1162 2704 1267 2737 saepe
1292 2696 1330 2727 in
1354 2693 1521 2738 periculis
1545 2703 1617 2725 non
1640 2704 1722 2736 par·

310 2739 382 2779 vis,
408 2743 562 2774 tutorem
587 2752 623 2774 se
647 2742 876 2787 praebiturus
904 2744 1006 2774 esset.
1062 2740 1180 2784 Atque
1206 2741 1261 2774 his
1288 2740 1412 2781 dictis,
1438 2743 1566 2784 coepto
1593 2739 1723 2774 itinere
