1800 3146
253 152 363 225 472
783 167 1158 211 CANTACUZENJ

55 273 240 320 Δ.0.ι343
255 269 393 325 ductim
435 271 510 311 καὶ
545 269 890 327 πρωτοστράτορα
926 269 997 313 τὸν
1039 270 1278 324 Συναδηνόν
1314 272 1563 313 πεπονθέναι
1608 273 1697 320 νῦν.

214 334 325 377 Βκαί
356 335 384 389 ἢ
413 333 591 388 στρατιὰ
624 336 671 376 δὲ
718 335 743 390 ἦ
775 335 852 387 μὲν
880 337 1110 392 διέφθαρτο
1151 336 1330 377 δοκοῦσα
1372 336 1530 377 effracta·
1565 334 1686 389 ἐμοὶ,

252 401 281 460 ἦ
312 401 358 442 δὲ
411 400 725 454 ὑποπτευομένη
756 402 972 452 α’μελεῖται
990 434 1001 453 ,
1029 398 1074 442 τὸ
1101 398 1342 452 λειπόμενον
1372 403 1417 442 δὲ
1446 397 1593 455 ὀλίγον.
1623 397 1700 443 πό-

257 471 338 508 θεν
367 461 444 506 οὖν
471 463 610 506 οἴεσθε
639 464 716 519 τὴν
748 463 883 520 ἀρχὴν
923 464 1205 519 συστήσεσθαι
1242 464 1343 522 ὑμῖν
1378 467 1510 520 μηδὲν
1536 463 1702 519 ἔχοντες

263 533 348 573 τῶν
375 531 523 581 σώζειν
553 531 826 582 δυναμένων,·
862 529 890 570 ἂ
917 528 1050 572 πάντα
1067 528 1148 584 χρὴ
1171 531 1244 571 καί
1262 529 1374 582 ὑμᾶς
1393 529 1722 583 σκεψαμένους,5

260 595 334 639 καί
373 594 563 650 βασιλίδι
612 595 686 636 καί
722 592 957 652 πατριάρχῃ
1007 594 1081 636 καί
1121 599 1208 642 τοῖς
1246 589 1386 643 ἄλλοις
1428 591 1702 649 ἀπαγγείλαν-

259 679 364 716 τας,
404 660 479 715 την
521 658 685 719 εἰρήνην
712 663 988 716 ψηφίσασθαι
1017 663 1156 717 κοινῇ,
1197 659 1271 701 καί
1306 658 1365 714 μή
1396 658 1467 702 διὰ
1501 663 1703 713 κακοβου-

260 730 356 770 λιάν
401 729 474 768 καί
508 724 559 768 τά
588 723 719 781 μικροὶ
750 724 931 779 λείψανα
961 727 1121 777 ταῦτα,
1151 722 1179 766 ἃ
1209 727 1283 780 τῆς
1304 725 1523 778 Ῥωμαίων
1554 725 1704 767 ὑπολέ-

260 798 428 835 λειπται
455 789 700 847 ἡγεμονίας,
728 792 1016 847 διαφθεῖραι.”
1046 793 1130 833 τῶν
1158 792 1375 846 πρέσβεων
1405 792 1452 832 δὲ
1494 789 1599 846 πρὸς
1629 786 1704 831 οὖ·-

264 860 334 900 δὲν
363 860 501 912 ἕτερον
529 853 803 899 ἀντειπόντων
821 856 903 897 τῶν
934 857 1187 911 εἰρημένων,
1220 851 1247 910 ἢ
1278 852 1344 896 ὅτι
1373 855 1399 909 ἦ
1432 857 1598 909 βασιλίς
1626 856 1760 909 οὕχιο

265 918 602 978 ὥσπερ-ἤγγελτο
633 919 774 979 αὐτῷ,
819 926 903 970 τοῖς
940 918 1201 974 βουλεύμασι
1240 922 1323 962 τῶν
1361 918 1576 975 ἀρχόντων
1611 921 1706 962 ἕπε-

262 992 368 1031 σθαι
397 986 577 1042 ἀνάγκην
604 987 692 1041 ἔχει
709 1020 722 1039 ,
764 987 855 1029 ἀλλ’
882 985 987 1041 αὕτη
1026 988 1111 1028 τῶν
1138 983 1389 1041 πραγμάτων
1417 982 1524 1027 οὖσα
1552 988 1706 1041 κυρία,

263 1052 315 1095 τοὶ
351 1054 556 1095 δοκοῦντα
583 1052 783 1107 πράττει,
810 1049 977 1093 πάντων
1004 1049 1284 1092 δουλευόντων
1315 1051 1522 1105 ἀκριβῶς,
1555 1050 1709 1105 „wider

229 1122 258 1155 C
273 1115 351 1159 ἀν’
373 1114 485 1159 εἶπεν
506 1118 626 1173 ,,ει’κῇ
645 1116 719 1158 καί
732 1115 867 1172 μάτην
887 1115 1120 1171 ἐξενήνεκτο
1137 1119 1237 1170 παρ’
1255 1117 1361 1168 ἐμοῦ
1378 1148 1390 1168 ‚
1421 1116 1460 1157 εἰ
1483 1114 1542 1170 μὴ
1574 1117 1709 1171 σαφέ-

264 1199 398 1225 στατα
429 1179 544 1239 Ιτ’ξὸειν
573 1179 714 1236 ὥσπερ
744 1180 833 1235 ἔχει
870 1181 1150 1236 εἶρησόμενον.
1205 1181 1245 1221 εἰ
1276 1182 1314 1221 δ’
1347 1182 1472 1221 αὐτοὶ
1495 1180 1762 1236 ,ἅγνοεῖτε,ι5

265 1254 413 1303 πεῖραν
441 1245 522 1301 ἐγώ
550 1246 778 1302 ποιήσομαι
804 1248 880 1288 τοῦ
909 1244 1179 1301 πράγματος,
1209 1247 1254 1296 ἐξ
1279 1240 1330 1300 ἧς
1357 1244 1476 1294 ἔσται
1506 1244 1579 1287 καὶ
1605 1245 1708 1299 ὑμῖν

266 1314 507 1368 καταφανὲς
537 1314 775 1366 εἰρημένον,
805 1307 946 1365 ὥσπερ
979 1309 1082 1363 ἔχει.
1113 1312 1391 1366 Χρυσοβέργῃ
1419 1310 1498 1365 γὰρ
1527 1313 1584 1367 τῷ
1610 1313 1711 1366 παρ’

268 1380 374 1432 ἐμοῦ
403 1376 678 1431 πρεσβεύοντι
707 1372 853 1429 λόγους
885 1372 1088 1429 α’ναθησω
1105 1373 1249 1426 τινας,
1279 1372 1380 1416 ὥστ’
1401 1369 1560 1424 αὐτους
1584 1373 1712 1428 μόνος

266 1445 370 1500 μόνῃ
400 1443 588 1496 βασιλίδι
616 1442 918 1494 ἀπαγγέλλειν,
957 1435 1096 1494 ὥσπερ
1129 1439 1261 1481 εἴωθα
1291 1442 1364 1482 καί
1388 1440 1586 1496 πρότερον
1618 1455 1712 1482 ποι-

92 1507 94 1510 ”
136 1516 257 1562 V.493
270 1515 346 1550 εἴν.
402 1508 440 1549 εἰ
467 1508 544 1559 μὲν
574 1502 649 1547 οὖν
675 1503 757 1546 ὑπό
789 1507 872 1547 τῶν
910 1504 1128 1559 α’ρχόντων
1168 1507 1293 1546 τοῦτο
1326 1504 1522 1561 πράττειν
1547 1519 1769 1560 συγχω-αθ

270 1577 406 1631 ρηθῇ,
435 1568 636 1627 εὔδηλον,
665 1568 722 1620 ὥς
766 1568 927 1620 ἔξεστιν
967 1566 1074 1626 αὐτῇ
1113 1570 1305 1625 πράττειν
1349 1569 1453 1614 ἅττα
1491 1567 1543 1614 ἂν
1569 1572 1709 1630 ἐθέλῃ.

270 1636 323 1681 ἂν
363 1639 484 1680 δ’ἐπ’
515 1636 656 1679 αὐταῖν
696 1633 897 1677 κελεύωσι
935 1634 1032 1684 ’τοὺς
1074 1633 1221 1690 λόγους
1253 1635 1546 1691 ἀπαγγέλλειν,
1585 1639 1714 1692 μηδε-

274 1706 376 1758 μιάν
412 1700 558 1758 ἑτέραν
592 1700 805 1752 ἀπόδειξιν
845 1703 979 1756 ζητεῖν
1017 1702 1091 1743 τοῦ
1127 1702 1294 1757 τάληθῆ
1321 1703 1418 1758 περὶ
1445 1703 1572 1757 αὐτῆς
1599 1705 1713 1758 εἰρῆ-

231 1770 416 1813 Βσθαι.”
442 1770 620 1811 τοιαῦτα
649 1765 778 1811 εἰπών
806 1768 1106 1820 συνεξέπεμπεν
1134 1766 1277 1816 αὐτοῖς
1306 1764 1396 1820 ἅμα
1415 1766 1574 1811 καὶτὸν
1592 1771 1716 1824 Χρυ-

276 1931 375 1954 nunc
409 1921 507 1954 iussu
551 1921 725 1966 praefecti
757 1920 918 1955 cubiculi
951 1920 1101 1955 sedent:
1137 1920 1237 1967 quod
1265 1926 1301 1955 et
1327 1922 1582 1966 protostratori
1606 1919 1728 1956 modo'

277 1967 469 2011 contigisse
501 1967 686 2012 intelligo:
726 1972 762 2001 et
793 1978 874 2013 pars
913 1968 1113 2007 exercitus,
1148 1978 1240 2013 quae
1276 1967 1366 2001 mihi
1405 1968 1523 2002 favere
1547 1970 1622 2001 visa
1649 1974 1718 2009 est,

275 2014 407 2059 periit3
446 2014 560 2046 altera
597 2025 692 2059 pars,
725 2019 765 2047 ut
790 2019 968 2058 suspecta,
1002 2015 1263 2056 contemnitur;
1290 2025 1380 2059 quae
1408 2019 1538 2055 restat,
1574 2014 1717 2048 modica

279 2064 345 2092 est.
394 2059 496 2092 Unde
523 2060 651 2106 igitur,
678 2071 832 2107 quaeso,
860 2061 1055 2104 imperium
1082 2060 1310 2093 constituetis
1336 2071 1376 2093 ac
1399 2061 1608 2102 firmabitis,
1636 2072 1717 2095 cum

279 2106 379 2151 quod
412 2117 473 2141 vos
509 2108 605 2141 tueri
642 2117 682 2138 ac
715 2117 853 2140 servare
887 2108 1003 2151 possit
1036 2105 1130 2139 nihil
1165 2106 1357 2139 habeatis?
1403 2107 1506 2152 Quae
1532 2108 1652 2141 omnia
1680 2114 1718 2141 et

278 2163 342 2186 vos
388 2152 610 2196 ponderare,
651 2158 688 2187 et
720 2153 940 2198 imperatrici
978 2163 1017 2186 ac
1048 2151 1273 2196 patriarchae
1309 2155 1510 2200 ceterisque
1545 2155 1717 2187 nuntiare

281 2199 595 2245 communiterque
632 2210 754 2244 pacem
790 2198 1007 2240 decernere,
1038 2209 1106 2231 nec
1129 2199 1254 2232 insano
1281 2201 1432 2233 consilio
1459 2202 1566 2234 etiam
1591 2202 1718 2245 parvas

280 2246 368 2278 istas
402 2247 625 2290 principatus
658 2246 808 2278 Romani
844 2246 1018 2290 reliquias
1054 2244 1263 2288 disperdere
1288 2252 1440 2290 oportet.
1491 2247 1579 2280 Cum
1604 2247 1721 2292 legati

282 2291 323 2323 in
351 2302 424 2324 uno
449 2296 589 2325 tantum
615 2291 922 2325 contradixissent
946 2291 1264 2335 affirmassentque,
1287 2292 1551 2336 imperatricem
1578 2303 1652 2326 non
1677 2297 1719 2325 ut

283 2339 318 2369 ci
343 2340 587 2372 renuntiatum
628 2343 744 2378 esset,
782 2338 826 2371 ab
858 2338 1067 2371 archontum
1093 2336 1229 2370 iudicio
1263 2349 1304 2370 ac
1333 2339 1510 2372 sententia
1534 2338 1719 2384 pendere,

283 2383 349 2419 sed
373 2395 438 2427 per
463 2396 501 2417 se
527 2394 603 2417 esse
632 2395 750 2418 rerum
777 2383 972 2424 dominam,
994 2392 1160 2428 quaeque
1183 2383 1255 2416 sibi
1283 2386 1505 2426 viderentur,
1524 2397 1565 2419 ea
1590 2386 1719 2425 sacere‚'

284 2429 456 2463 omnibus
482 2431 516 2464 ei
541 2436 706 2464 accurate
733 2429 1011 2464 obedientibus:
1040 2431 1084 2462 At
1109 2440 1186 2474 ego,
1212 2430 1352 2475 inquit,
1377 2433 1448 2465 nisi
1477 2431 1719 2477 liquidissime

284 2476 481 2518 scivissem,
505 2477 595 2522 quid
623 2477 790 2516 dicerem,
815 2476 910 2509 nihil
937 2476 1069 2509 frustra
1097 2481 1304 2521 temereque
1330 2479 1570 2522 protulissem.
1608 2477 1719 2522 Quod

284 2522 315 2553 si
353 2532 414 2554 vos
451 2524 646 2568 ignoratis,
681 2525 732 2557 rei
770 2523 968 2567 periculum
1003 2522 1141 2555 faciam.
1203 2522 1444 2569 Chrysobergi
1478 2526 1574 2558 enim
1598 2524 1718 2568 legato

284 2577 367 2600 meo
393 2572 636 2609 committam,
675 2581 768 2615 quae
793 2570 889 2603 solus
916 2568 984 2602 soli
1009 2568 1230 2614 imperatrici
1255 2570 1411 2611 indicet,
1445 2570 1543 2616 quod
1568 2574 1604 2602 et
1629 2570 1719 2602 alias

286 2617 466 2648 consuevi.
528 2616 633 2650 Sica
668 2616 784 2648 facere
820 2615 864 2648 ab
899 2615 986 2661 ipsis
1033 2615 1266 2648 archontibus
1300 2618 1550 2661 permittetur,
1580 2621 1719 2649 certum

289 2660 382 2699 erit,
421 2662 529 2695 licere
568 2663 602 2696 ei
639 2673 732 2707 quac
764 2662 863 2697 velit.
929 2661 992 2694 Sin
1029 2662 1075 2696 ad
1110 2673 1149 2695 se
1184 2665 1309 2696 referri
1339 2662 1528 2703 iusserint,
1553 2672 1626 2694 non
1649 2662 1721 2695 alia

286 2704 456 2750 probatio
484 2709 711 2752 requiretur,
736 2719 807 2754 qua
832 2719 889 2741 me
912 2718 1035 2741 verum
1060 2708 1103 2742 de
1128 2709 1189 2741 illa
1214 2709 1346 2744 dixisse
1371 2710 1599 2754 cognoscatis.
1626 2708 1723 2742 Haec

291 2753 461 2795 loeutus,
509 2753 618 2787 simul
651 2765 732 2788 cum
769 2755 843 2789 illis
887 2753 1167 2800 Chrysobergem
1197 2757 1318 2798 mitti,
1351 2756 1478 2790 diebus
1515 2754 1724 2801 quindecim
