1754 3146
633 186 775 228 LIBRI
815 187 890 226 111.
1460 182 1479 217 1
1499 183 1519 219 1

83 288 345 330 Monomaclms
367 284 420 322 ad
445 284 588 324 caedem
616 286 852 334 Imperatoris
871 284 1111 326 subornatus,
1144 283 1371 320 monentibus
1400 283 1530 317 amicis

84 335 377 386 deprehenditur.
431 335 486 370 De
517 334 741 383 efficacitate
770 333 907 367 veneni
929 332 975 366 ab
1007 344 1049 367 eo
1074 333 1201 378 parati
1232 331 1387 366 historia
1420 337 1529 364 nota-

85 387 181 421 bilis.
239 384 401 428 Zyraces
430 389 465 416 et
499 382 741 417 Phaceolatus
780 378 825 414 de
853 378 941 413 urbe
977 378 1161 414 tradenda
1190 390 1267 413 cum
1305 379 1528 423 Imperatore

85 439 212 478 agunt.
273 428 568 474 Microcephalus
596 428 641 462 ab
687 427 745 461 his
779 425 985 468 Selybriam
1019 425 1089 459 hac
1123 424 1167 460 de
1207 436 1319 459 causa
1347 424 1529 462 mittitur,

85 490 188 526 quem
223 474 424 512 Archontes
459 474 583 510 eodem
609 475 653 509 ob
689 474 802 508 aliam
830 483 979 507 causam
1005 473 1152 505 mittunt
1173 472 1263 518 (97),
1311 471 1433 510 Ratio,
1461 480 1532 504 cut·

84 523 303 570 imperatrix
326 524 435 554 Anna
458 534 481 556 a
495 521 715 568 patriarcha
733 520 924 559 alienata,
949 519 1022 553 alte
1049 518 1217 564 repetita.
1263 516 1436 552 Eiusdem
1456 527 1530 561 pa-

83 569 271 605 triarchae
297 568 415 615 furor
443 569 484 602 in
515 566 735 602 damnandis
768 563 1038 611 puniendisque
1080 564 1282 609 episcopis,
1333 576 1355 597 a
1397 564 1532 610 quibus

82 615 183 663 apud
206 617 463 661 Imperatorem
485 623 703 649 accusatur.
761 610 930 657 Synodus
960 612 1001 645 in
1024 612 1205 658 palatium
1234 609 1416 644 indicitur
1437 611 1528 654 (98),

80 662 271 698 Adventus
315 662 566 695 Cantacuzeni
595 660 815 702 Byzantium
848 658 1063 698 nuntiatus,
1111 669 1178 693 nec
1206 657 1252 691 ab
1292 657 1529 703 imperatrice

82 708 256 744 creditus.
302 707 422 741 Dolor
443 715 478 742 et
495 705 709 742 sollicitudo
733 705 985 739 Cantacuzeni
1008 704 1052 739 de
1084 704 1233 742 amicis,
1267 716 1312 737 ne
1333 703 1531 738 discrimen

82 755 257 791 adierint.
285 755 431 789 Portam
451 765 600 789 auream
615 751 832 800 perfodiunt
848 750 899 786 ad
916 752 1131 796 ingressum.
1170 750 1391 784 Patriarcha
1410 747 1531 795 gradu

81 810 259 837 movetur.
311 801 588 835 Cantacuzenus
611 811 688 834 cum
714 801 848 844 plausu
877 798 1008 844 populi
1037 798 1162 831 urbem
1191 798 1321 832 intrat.
1370 798 1533 842 Impera·-

83 850 160 884 tris:
180 847 361 895 palatium
399 848 616 881 communit.-
658 847 856 880 Galataeos
888 845 1030 879 auxilio
1064 851 1189 878 vocat.
1232 844 1438 888 Imperator
1469 855 1531 877 co-

83 908 162 931 ram
194 894 372 940 episcopis
403 901 439 928 et
470 893 663 939 primariis
698 891 742 926 de
772 892 871 926 clero
902 902 1004 924 suam
1041 902 1187 925 causam
1210 891 1312 936 agit.-
1346 889 1398 924 ad
1419 891 1531 936 impe-

83 942 255 977 ratricem
277 941 412 980 mittit,
441 940 507 985 qui
524 939 675 977 doceat,
696 950 803 986 quam
820 938 1030 985 periculoso
1055 938 1137 972 loco
1159 938 1237 972 eius
1266 948 1325 971 res
1346 937 1421 971 sint
1439 936 1532 981 (99).

85 985 366 1023 commendatur
399 987 521 1020 virtus
557 987 804 1032 Imperatoris.
861 985 1083 1030 Imperatrix
1111 985 1331 1029 legationem
1366 982 1530 1029 despicit.

82 1034 225 1072 Palatii
243 1041 535 1079 propugnatores
559 1033 795 1078 dejectionem
819 1034 1005 1077 cogitant.>
1043 1031 1199 1065 Ioannis
1216 1030 1303 1078 filii
1325 1042 1435 1064 suasu
1463 1030 1534 1063 im-

80 1081 248 1128 peratrix
273 1091 310 1113 se
336 1080 555 1125 Imperatori
581 1082 838 1114 Cantacuzeno
863 1078 1050 1112 submittit.
1098 1081 1236 1112 Asanes
1260 1087 1363 1111 socer
1388 1077 1534 1122 legatus

83 1129 130 1162 ab
149 1139 191 1161 eo
222 1135 262 1160 ut
284 1127 453 1172 ingratus
477 1127 656 1171 culpatur.
714 1126 899 1166 Palamas,
937 1126 1035 1158 alter
1056 1125 1222 1168 legatus,
1245 1123 1290 1159 de
1319 1124 1533 1157 constantia

80 1172 331 1220 praedicatur.
394 1171 633 1207 Conditiones
657 1173 762 1218 pacis
797 1180 832 1206 et
864 1171 1046 1218 utrimque
1078 1172 1298 1205 iuramenta.
1350 1170 1534 1206 Cantacu-

83 1233 194 1254 zenus
209 1219 388 1266 palatium
412 1218 624 1266 ingreditur
645 1220 758 1264 (100).
782 1219 856 1252 Hic
876 1219 972 1252 liber
987 1226 1027 1257 ut
1043 1218 1206 1263 reliquos
1218 1218 1332 1258 mole,
1357 1218 1410 1250 sic
1425 1228 1538 1262 prae-

84 1268 202 1314 cipuis
232 1264 445 1311 quibusdam
468 1274 503 1300 et
536 1266 690 1301 maxime
718 1264 894 1299 notandis
926 1265 1106 1309 capitibus
1130 1272 1293 1309 superat.
1347 1264 1438 1296 Sunt
1468 1276 1538 1297 au·

82 1323 152 1348 tem
187 1315 259 1347 ista
283 1311 382 1360 jere.
439 1312 567 1346 Funus
602 1320 637 1346 et
664 1312 840 1359 exequiae
867 1312 1103 1358 Imperatoris
1138 1310 1344 1345 Andronici
1367 1311 1536 1345 minoris.

82 1361 206 1394 Dolor
238 1367 272 1393 et
309 1358 486 1392 lacrimae
522 1359 766 1404 imperatricis
795 1357 932 1392 viduae
980 1366 1133 1404 propter
1159 1356 1431 1392 abdicationem
1456 1370 1538 1391 ma-

82 1409 151 1452 gni
181 1405 397 1446 domestici,
423 1404 655 1452 eiusdemque
695 1404 747 1438 ad
787 1405 934 1450 imperii
960 1405 1323 1438 administrationem
1344 1405 1536 1450 regressio.

83 1454 130 1488 In
155 1453 358 1498 Sismanum
380 1453 520 1486 exulem
546 1463 592 1486 ac
620 1452 816 1498 supplicem
835 1451 1126 1496 Byzantinorum
1144 1451 1366 1486 humanitas.
1418 1452 1540 1485 Frau-

84 1498 147 1532 des
165 1498 408 1543 inexpiabiles
436 1507 472 1533 et
503 1499 643 1533 scelera
666 1498 883 1543 Apocauclzi
904 1499 945 1532 in
963 1510 1133 1544 magnum
1159 1498 1419 1537 domesticum,
1452 1499 1539 1545 qui-

85 1545 149 1578 bus
173 1542 276 1578 ittam
313 1545 354 1578 in
377 1553 531 1579 summas
555 1555 662 1592 saepe
699 1544 937 1591 difficultates
975 1557 1021 1579 ex
1051 1543 1203 1578 invidia
1233 1545 1404 1579 coniecit.
1463 1545 1536 1580 Pro

85 1592 142 1625 rei
157 1591 326 1637 publicae
347 1591 601 1625 incolumitate
619 1604 642 1625 a
663 1603 795 1638 magno
818 1591 1014 1627 domestico
1044 1590 1176 1625 induta
1196 1603 1374 1636 purpura.
1422 1592 1538 1626 Eius-

84 1637 163 1671 dem
186 1638 298 1671 varia
326 1647 393 1670 nec
421 1637 525 1671 levia
544 1639 776 1684 infortunia.
836 1640 915 1672 Pax
945 1638 989 1671 ab
1015 1649 1058 1672 eo
1073 1638 1381 1684 frequentissime
1417 1638 1536 1682 petita

85 1695 154 1717 nec
179 1684 383 1730 impetrata.
430 1686 599 1718 Honores
621 1684 977 1729 magnificentissimi
1002 1685 1043 1717 in
1067 1696 1145 1717 eum
1175 1696 1197 1717 a
1222 1684 1330 1717 Crale
1355 1685 1486 1717 collati
1502 1688 1538 1718 et

83 1729 244 1765 eiusdem
269 1730 388 1764 Gratis
405 1729 579 1775 perfidia.
625 1733 767 1765 Amurii
781 1732 930 1772 Persae,
952 1739 1124 1776 satrapae
1137 1730 1280 1770 Ioniae,
1299 1731 1478 1777 mirificus
1489 1742 1534 1765 ac

82 1785 277 1822 perpetuus
292 1777 331 1809 in
351 1776 643 1811 Cantacuzenum
665 1790 769 1812 amor
788 1778 935 1824 eiusque
960 1775 1124 1811 iuvandi
1138 1776 1295 1810 studium
1316 1777 1534 1811 incitatissi-

85 1836 188 1858 mum.
237 1823 399 1856 Duarum
413 1823 624 1863 mulierum,
644 1824 771 1858 Irenes
799 1824 1045 1868 imperatricis
1067 1830 1102 1856 et
1132 1824 1299 1858 Helenae
1329 1824 1535 1859 Cralaenae

82 1869 280 1915 prudentia
307 1877 341 1903 et
371 1870 665 1914 magnanimitas.
726 1871 894 1914 Diligens
927 1869 1118 1903 admodum
1145 1877 1180 1903 et
1209 1870 1336 1903 crebra
1368 1869 1534 1917 defensio

87 1915 344 1950 Cantacuzeni
360 1925 490 1950 contra
515 1917 803 1950 calumniatores
832 1916 875 1949 de
899 1926 975 1950 non
986 1916 1106 1963 factis
1135 1915 1283 1950 insidi-is
1307 1918 1536 1962 imperatrioe‘

84 1973 131 1996 ac
155 1963 246 2004 liliis
277 1962 354 1996 eius
379 1973 446 1996 nec
477 1961 654 2008 affectata
684 1962 895 2006 tyrannide·-
955 1964 1024 1997 Res
1051 1971 1172 2008 gestae
1201 1961 1379 1997 adversus
1404 1965 1539 1999 Memi—

84 2009 233 2049 tzilum,
260 2010 410 2055 eiusque
423 2020 550 2054 pugna
572 2018 607 2043 et
632 2011 815 2044 interitus.
867 2010 1208 2056 Constantinopolis
1226 2022 1251 2043 a
1274 2010 1535 2047 camacuzeno

85 2064 195 2101 capta
221 2063 257 2091 et
276 2055 332 2091 ibi
358 2054 516 2091 eiusdem
542 2056 684 2102 pietas,
716 2055 940 2103 prudentia,
978 2057 1170 2104 aequitas,
1204 2057 1410 2092 clementia·

190 2338 244 2381 α’.
278 2321 335 2377 T
330 2335 358 2379 ἀ
385 2340 465 2391 μὲν
493 2335 545 2393 δὴ
575 2339 660 2380 τῶν
679 2336 989 2393 Παλαιολόγων
1007 2340 1241 2392 βασιλέων,
1275 2334 1356 2381 ὅσα
1381 2354 1427 2382 τε
1442 2341 1726 2397 περίΑ-Ο-Ι34ι

85 2405 158 2459 τῆς
171 2405 306 2460 ἀρχῆς
315 2403 421 2459 τ’ῑρὸς
433 2404 638 2458 ἀλλήλους
653 2406 946 2459 διηνέχθησαν,
970 2403 1045 2446 καί
1056 2401 1136 2445 ὅσα
1152 2406 1252 2446 καθ’
1263 2403 1413 2447 ἑαυτὸν
1430 2405 1452 2447 ὅ
1473 2407 1539 2448 1¹⁸¹-
1552 2413 1588 2446 Ρ.
1604 2410 1674 2456 348

83 2485 132 2519 ος
158 2467 265 2523 μετὰ
293 2468 340 2511 τὸ
363 2468 435 2512 τὸν
463 2470 747 2526 πρεσβύτερον
773 2472 856 2512 ταῖν
884 2468 1140 2526 πραγμάτων
1167 2472 1331 2513 παῦσαι
1358 2475 1431 2528 τῆς
1458 2474 1534 2530 α’ρ-
1546 2478 1673 2515 v.283

179 2571 212 2605 3.
238 2561 280 2604 τὸ
307 2569 389 2604 add.
413 2573 464 2607 u.

185 2706 214 2727 ι.
261 2664 600 2740 Quemadmodum
627 2697 738 2741 igitur
767 2697 973 2742 palaeologi
1002 2697 1239 2742 Imperatores
1264 2698 1358 2731 inter
1385 2709 1423 2732 se
1450 2709 1538 2735 con-

85 2739 290 2780 tenderint,
316 2747 353 2775 et
372 2753 466 2787 quae
490 2744 680 2789 separatim
699 2744 840 2784 iunior,
868 2749 1065 2789 ροεῑῐεμιειιιιῥ
1079 2745 1201 2778 senior
1222 2744 1374 2790 imperio
1401 2744 1539 2788 abivit,

86 2791 210 2823 contra
235 2785 408 2823 barbaros
437 2789 542 2824 armis
562 2791 730 2835 gesserit,
756 2802 828 2837 quo
845 2789 952 2825 modo
977 2790 1075 2825 domi
1092 2803 1232 2837 semper
1258 2802 1332 2826 rem
1352 2791 1537 2838 publicam
