<?xml version="1.0" encoding="UTF-8"?>
<!DOCTYPE html PUBLIC "-//W3C//DTD XHTML 1.0 Transitional//EN"
    "http://www.w3.org/TR/xhtml1/DTD/xhtml1-transitional.dtd">
<html xmlns="http://www.w3.org/1999/xhtml" xml:lang="en" lang="en">
 <head>
  <title>
</title>
<meta http-equiv="Content-Type" content="text/html;charset=utf-8" />
  <meta name='ocr-system' content='tesseract 3.04.00' />
  <meta name='ocr-capabilities' content='ocr_page ocr_carea ocr_par ocr_line ocrx_word'/>
</head>
<body>
  <div class='ocr_page' id='page_1' title='image "./corpusscriptorum24niebuoft_0572.png"; bbox 0 0 1820 3152; ppageno 0'>
   <div class='ocr_carea' id='block_1_1' title="bbox 248 154 1175 219">
    <p class='ocr_par' dir='ltr' id='par_1_1' title="bbox 248 154 1175 219">
     <span class='ocr_line' id='line_1_1' title="bbox 248 154 1175 219; baseline 0.004 -10"><span class='ocrx_word' id='word_1_1' title='bbox 248 216 251 219; x_wconf 55' lang='grc'><em>,</em></span> <span class='ocrx_word' id='word_1_2' title='bbox 277 154 389 210; x_wconf 82' lang='lat'><strong>560</strong></span> <span class='ocrx_word' id='word_1_3' title='bbox 804 171 1175 214; x_wconf 71' lang='lat' dir='ltr'><strong>CANTAcUzEM</strong></span> 
     </span>
    </p>
   </div>
   <div class='ocr_carea' id='block_1_2' title="bbox 81 265 1783 1906">
    <p class='ocr_par' dir='ltr' id='par_1_2' title="bbox 81 265 1718 523">
     <span class='ocr_line' id='line_1_2' title="bbox 81 265 1717 326; baseline -0.002 -8"><span class='ocrx_word' id='word_1_4' title='bbox 81 281 267 326; x_wconf 74' lang='lat' dir='ltr'><strong>A.C.1346</strong></span> <span class='ocrx_word' id='word_1_5' title='bbox 280 273 362 313; x_wconf 78' lang='grc' dir='ltr'><em>τῶν</em></span> <span class='ocrx_word' id='word_1_6' title='bbox 393 266 531 313; x_wconf 69' lang='grc' dir='ltr'><em>ἄλλων</em></span> <span class='ocrx_word' id='word_1_7' title='bbox 559 265 633 324; x_wconf 76' lang='grc' dir='ltr'><em>ἧκε</em></span> <span class='ocrx_word' id='word_1_8' title='bbox 666 272 929 323; x_wconf 74' lang='grc' dir='ltr'><em>στρατιωτῶν</em></span> <span class='ocrx_word' id='word_1_9' title='bbox 958 272 1017 319; x_wconf 78' lang='grc' dir='ltr'><strong>εἷς</strong></span> <span class='ocrx_word' id='word_1_10' title='bbox 1047 270 1093 312; x_wconf 82' lang='grc' dir='ltr'><strong>τὸ</strong></span> <span class='ocrx_word' id='word_1_11' title='bbox 1124 267 1417 325; x_wconf 83' lang='grc' dir='ltr'><em>στρατόπεδον.</em></span> <span class='ocrx_word' id='word_1_12' title='bbox 1473 274 1644 324; x_wconf 79' lang='grc' dir='ltr'><em>βασιλεῖ</em></span> <span class='ocrx_word' id='word_1_13' title='bbox 1670 273 1717 314; x_wconf 80' lang='grc' dir='ltr'><strong>δὲ</strong></span> 
     </span>
     <span class='ocr_line' id='line_1_3' title="bbox 277 333 1717 393; baseline -0.001 -14"><span class='ocrx_word' id='word_1_14' title='bbox 277 340 316 379; x_wconf 89' lang='grc' dir='ltr'><strong>οἱ</strong></span> <span class='ocrx_word' id='word_1_15' title='bbox 358 339 473 393; x_wconf 78' lang='grc' dir='ltr'><em>φίλοι</em></span> <span class='ocrx_word' id='word_1_16' title='bbox 514 333 567 377; x_wconf 74' lang='grc' dir='ltr'><strong>τὰ</strong></span> <span class='ocrx_word' id='word_1_17' title='bbox 609 335 707 390; x_wconf 78' lang='grc' dir='ltr'><em>περὶ</em></span> <span class='ocrx_word' id='word_1_18' title='bbox 726 335 906 390; x_wconf 75' lang='grc' dir='ltr'><em>Ἱέρακος</em></span> <span class='ocrx_word' id='word_1_19' title='bbox 936 336 1085 377; x_wconf 73' lang='grc' dir='ltr'><em>αὖτίκα</em></span> <span class='ocrx_word' id='word_1_20' title='bbox 1114 338 1279 378; x_wconf 75' lang='grc' dir='ltr'><em>ἐποίουν</em></span> <span class='ocrx_word' id='word_1_21' title='bbox 1312 338 1444 390; x_wconf 71' lang='grc' dir='ltr'><em>δῆλα,</em></span> <span class='ocrx_word' id='word_1_22' title='bbox 1479 336 1535 386; x_wconf 79' lang='grc' dir='ltr'><strong>ὥς</strong></span> <span class='ocrx_word' id='word_1_23' title='bbox 1565 336 1717 392; x_wconf 86' lang='grc' dir='ltr'><strong><em>ταύτης</em></strong></span> 
     </span>
     <span class='ocr_line' id='line_1_4' title="bbox 275 395 1717 458; baseline -0.001 -12"><span class='ocrx_word' id='word_1_24' title='bbox 275 406 350 458; x_wconf 82' lang='grc' dir='ltr'><strong>τῆς</strong></span> <span class='ocrx_word' id='word_1_25' title='bbox 377 400 523 451; x_wconf 76' lang='grc' dir='ltr'><em>νυκτὸς</em></span> <span class='ocrx_word' id='word_1_26' title='bbox 561 399 678 449; x_wconf 80' lang='grc' dir='ltr'><em>ἐντὸς</em></span> <span class='ocrx_word' id='word_1_27' title='bbox 715 402 874 453; x_wconf 80' lang='grc' dir='ltr'><em>γένοιτο</em></span> <span class='ocrx_word' id='word_1_28' title='bbox 911 402 1151 452; x_wconf 80' lang='grc' dir='ltr'><em>Βυζαντίου</em></span> <span class='ocrx_word' id='word_1_29' title='bbox 1194 401 1267 442; x_wconf 83' lang='grc' dir='ltr'><em>καί</em></span> <span class='ocrx_word' id='word_1_30' title='bbox 1293 406 1379 450; x_wconf 82' lang='grc' dir='ltr'><em>τοῖς</em></span> <span class='ocrx_word' id='word_1_31' title='bbox 1409 395 1592 456; x_wconf 72' lang='grc' dir='ltr'><em>ἄρχουσι</em></span> <span class='ocrx_word' id='word_1_32' title='bbox 1624 403 1717 444; x_wconf 87' lang='grc' dir='ltr'><em>δια-</em></span> 
     </span>
     <span class='ocr_line' id='line_1_5' title="bbox 277 463 1718 523; baseline 0.001 -14"><span class='ocrx_word' id='word_1_33' title='bbox 277 467 448 523; x_wconf 77' lang='grc' dir='ltr'><em>λεχθείη</em></span> <span class='ocrx_word' id='word_1_34' title='bbox 468 499 479 520; x_wconf 89' lang='grc'><em>,</em></span> <span class='ocrx_word' id='word_1_35' title='bbox 509 465 721 523; x_wconf 82' lang='grc' dir='ltr'><em>παρῄνουν</em></span> <span class='ocrx_word' id='word_1_36' title='bbox 750 482 795 508; x_wconf 86' lang='grc' dir='ltr'><strong>τε</strong></span> <span class='ocrx_word' id='word_1_37' title='bbox 823 465 1112 522; x_wconf 80' lang='grc' dir='ltr'><em>φυλάττεσθαι</em></span> <span class='ocrx_word' id='word_1_38' title='bbox 1139 466 1209 509; x_wconf 85' lang='grc' dir='ltr'><em>τὸν</em></span> <span class='ocrx_word' id='word_1_39' title='bbox 1238 463 1386 522; x_wconf 70' lang='grc' dir='ltr'><em>ἄνδρα.</em></span> <span class='ocrx_word' id='word_1_40' title='bbox 1441 465 1641 521; x_wconf 76' lang='grc' dir='ltr'><em>βασιλεύς</em></span> <span class='ocrx_word' id='word_1_41' title='bbox 1670 469 1718 510; x_wconf 84' lang='grc' dir='ltr'><strong>δὲ</strong></span> 
     </span>
    </p>

    <p class='ocr_par' dir='ltr' id='par_1_3' title="bbox 241 527 1777 983">
     <span class='ocr_line' id='line_1_6' title="bbox 241 527 1745 593; baseline -0.003 -18"><span class='ocrx_word' id='word_1_42' title='bbox 241 527 383 593; x_wconf 66' lang='grc' dir='ltr'><em>(Ζιῖἷετο</em></span> <span class='ocrx_word' id='word_1_43' title='bbox 414 531 570 582; x_wconf 68' lang='grc' dir='ltr'><em>αὐτοὺς</em></span> <span class='ocrx_word' id='word_1_44' title='bbox 598 533 901 587; x_wconf 80' lang='grc' dir='ltr'><em>ἐξηπατῆσθαι,</em></span> <span class='ocrx_word' id='word_1_45' title='bbox 943 531 1101 588; x_wconf 77' lang='grc' dir='ltr'><em>ἔφασκέ</em></span> <span class='ocrx_word' id='word_1_46' title='bbox 1138 549 1184 574; x_wconf 87' lang='grc' dir='ltr'><strong>τε</strong></span> <span class='ocrx_word' id='word_1_47' title='bbox 1215 531 1320 589; x_wconf 87' lang='grc' dir='ltr'><em>πρὸς</em></span> <span class='ocrx_word' id='word_1_48' title='bbox 1345 531 1417 581; x_wconf 80' lang='grc' dir='ltr'><strong>οὓς</strong></span> <span class='ocrx_word' id='word_1_49' title='bbox 1450 530 1623 589; x_wconf 64' lang='grc' dir='ltr'><em>ἐθὰρᾘει</em></span> <span class='ocrx_word' id='word_1_50' title='bbox 1657 530 1745 581; x_wconf 61' lang='lat'><strong>1125</strong></span> 
     </span>
     <span class='ocr_line' id='line_1_7' title="bbox 274 593 1720 654; baseline -0.001 -13"><span class='ocrx_word' id='word_1_51' title='bbox 274 601 476 652; x_wconf 76' lang='grc' dir='ltr'><em>τοιαῦτα,</em></span> <span class='ocrx_word' id='word_1_52' title='bbox 507 597 566 647; x_wconf 75' lang='grc' dir='ltr'><strong>ὥς</strong></span> <span class='ocrx_word' id='word_1_53' title='bbox 593 603 681 646; x_wconf 83' lang='grc' dir='ltr'><em>τοῖς</em></span> <span class='ocrx_word' id='word_1_54' title='bbox 711 593 892 653; x_wconf 73' lang='grc' dir='ltr'><em>ἄρχουσι</em></span> <span class='ocrx_word' id='word_1_55' title='bbox 920 597 1025 654; x_wconf 85' lang='grc' dir='ltr'><em>πρὸς</em></span> <span class='ocrx_word' id='word_1_56' title='bbox 1056 597 1219 654; x_wconf 77' lang='grc' dir='ltr'><em>ιῖπάτην</em></span> <span class='ocrx_word' id='word_1_57' title='bbox 1264 595 1416 652; x_wconf 80' lang='grc' dir='ltr'><em>ὅ·περι“</em></span> <span class='ocrx_word' id='word_1_58' title='bbox 1438 598 1618 654; x_wconf 81' lang='grc' dir='ltr'><em>Ἱέρακος</em></span> <span class='ocrx_word' id='word_1_59' title='bbox 1655 600 1720 640; x_wconf 84' lang='grc' dir='ltr'><em>δι-</em></span> 
     </span>
     <span class='ocr_line' id='line_1_8' title="bbox 277 660 1719 720; baseline -0.001 -12"><span class='ocrx_word' id='word_1_60' title='bbox 277 667 450 720; x_wconf 86' lang='grc' dir='ltr'><em>αδοθειή</em></span> <span class='ocrx_word' id='word_1_61' title='bbox 479 663 625 718; x_wconf 76' lang='grc' dir='ltr'><em>λόγος,</em></span> <span class='ocrx_word' id='word_1_62' title='bbox 665 661 808 719; x_wconf 76' lang='grc' dir='ltr'><em>ἕτερόν</em></span> <span class='ocrx_word' id='word_1_63' title='bbox 845 680 938 705; x_wconf 87' lang='grc' dir='ltr'><em>τινα</em></span> <span class='ocrx_word' id='word_1_64' title='bbox 978 666 1294 718; x_wconf 82' lang='grc' dir='ltr'><em>εἰσαγαγοῦσιν,</em></span> <span class='ocrx_word' id='word_1_65' title='bbox 1335 665 1386 706; x_wconf 79' lang='grc' dir='ltr'><em>ἵν’</em></span> <span class='ocrx_word' id='word_1_66' title='bbox 1421 660 1448 719; x_wconf 80' lang='grc' dir='ltr'><em>ἢ</em></span> <span class='ocrx_word' id='word_1_67' title='bbox 1478 663 1610 706; x_wconf 66' lang='grc' dir='ltr'><em>αὐτὸν</em></span> <span class='ocrx_word' id='word_1_68' title='bbox 1638 663 1719 720; x_wconf 73' lang='grc' dir='ltr'><strong>ἐγώ</strong></span> 
     </span>
     <span class='ocr_line' id='line_1_9' title="bbox 277 721 1723 787; baseline -0.001 -15"><span class='ocrx_word' id='word_1_69' title='bbox 277 731 495 783; x_wconf 78' lang='grc' dir='ltr'><em>διάθωμαι</em></span> <span class='ocrx_word' id='word_1_70' title='bbox 524 730 660 778; x_wconf 81' lang='grc' dir='ltr'><em>κακῶς</em></span> <span class='ocrx_word' id='word_1_71' title='bbox 687 726 944 782; x_wconf 87' lang='grc' dir='ltr'><em>πυθόμενος,</em></span> <span class='ocrx_word' id='word_1_72' title='bbox 985 725 1012 783; x_wconf 79' lang='grc' dir='ltr'><em>ἢ</em></span> <span class='ocrx_word' id='word_1_73' title='bbox 1050 732 1203 778; x_wconf 78' lang='grc' dir='ltr'><em>ἐκεῖνος</em></span> <span class='ocrx_word' id='word_1_74' title='bbox 1252 731 1394 778; x_wconf 79' lang='grc' dir='ltr'><em>δείσας</em></span> <span class='ocrx_word' id='word_1_75' title='bbox 1433 729 1552 787; x_wconf 74' lang='grc' dir='ltr'><em>περὶ’</em></span> <span class='ocrx_word' id='word_1_76' title='bbox 1567 721 1723 772; x_wconf 71' lang='grc' dir='ltr'><em>ἑαυτοῦ</em></span> 
     </span>
     <span class='ocr_line' id='line_1_10' title="bbox 277 791 1723 851; baseline -0.002 -12"><span class='ocrx_word' id='word_1_77' title='bbox 277 796 487 850; x_wconf 86' lang='grc' dir='ltr'><em>α’ποσταιή</em></span> <span class='ocrx_word' id='word_1_78' title='bbox 516 794 621 851; x_wconf 78' lang='grc' dir='ltr'><em>πρὸς</em></span> <span class='ocrx_word' id='word_1_79' title='bbox 649 797 847 845; x_wconf 78' lang='grc' dir='ltr'><strong><em>ἐκείνους.</em></strong></span> <span class='ocrx_word' id='word_1_80' title='bbox 905 795 961 844; x_wconf 79' lang='grc' dir='ltr'><strong>ὥς</strong></span> <span class='ocrx_word' id='word_1_81' title='bbox 1007 797 1053 837; x_wconf 80' lang='grc' dir='ltr'><strong>δὲ</strong></span> <span class='ocrx_word' id='word_1_82' title='bbox 1081 795 1120 837; x_wconf 83' lang='grc' dir='ltr'><strong>οἱ</strong></span> <span class='ocrx_word' id='word_1_83' title='bbox 1151 797 1267 851; x_wconf 82' lang='grc' dir='ltr'><em>φίλοι</em></span> <span class='ocrx_word' id='word_1_84' title='bbox 1310 797 1572 851; x_wconf 81' lang='grc' dir='ltr'><em>ἰσχυρίζοντο</em></span> <span class='ocrx_word' id='word_1_85' title='bbox 1613 791 1723 848; x_wconf 81' lang='grc' dir='ltr'><em>εἶναι</em></span> 
     </span>
     <span class='ocr_line' id='line_1_11' title="bbox 280 858 1777 918; baseline -0.001 -14"><span class='ocrx_word' id='word_1_86' title='bbox 280 865 421 918; x_wconf 74' lang='grc' dir='ltr'><em>α’ληθῆ</em></span> <span class='ocrx_word' id='word_1_87' title='bbox 459 860 512 903; x_wconf 78' lang='grc' dir='ltr'><strong>τοὶ</strong></span> <span class='ocrx_word' id='word_1_88' title='bbox 556 863 779 917; x_wconf 81' lang='grc' dir='ltr'><em>εἰρημένα,</em></span> <span class='ocrx_word' id='word_1_89' title='bbox 822 863 905 904; x_wconf 74' lang='grc' dir='ltr'><em>τῶν</em></span> <span class='ocrx_word' id='word_1_90' title='bbox 945 864 1160 917; x_wconf 77' lang='grc' dir='ltr'><strong><em>προτέρων</em></strong></span> <span class='ocrx_word' id='word_1_91' title='bbox 1198 858 1330 915; x_wconf 76' lang='grc' dir='ltr'><em>λόγων</em></span> <span class='ocrx_word' id='word_1_92' title='bbox 1374 861 1674 916; x_wconf 58' lang='grc' dir='ltr'><em>α’νεμιζιινησκεν</em></span> <span class='ocrx_word' id='word_1_93' title='bbox 1701 858 1777 909; x_wconf 79' lang='grc' dir='ltr'><strong>ὅιο</strong></span> 
     </span>
     <span class='ocr_line' id='line_1_12' title="bbox 276 926 1727 983; baseline -0.001 -13"><span class='ocrx_word' id='word_1_94' title='bbox 276 927 477 983; x_wconf 74' lang='grc' dir='ltr'><em>βασιλευς</em></span> <span class='ocrx_word' id='word_1_95' title='bbox 514 926 897 981; x_wconf 81' lang='grc' dir='ltr'><em>μεταπεμψάμενος</em></span> <span class='ocrx_word' id='word_1_96' title='bbox 931 926 1097 983; x_wconf 81' lang='grc' dir='ltr'><em>Ἱέρακα</em></span> <span class='ocrx_word' id='word_1_97' title='bbox 1136 928 1211 969; x_wconf 84' lang='grc' dir='ltr'>καί</span> <span class='ocrx_word' id='word_1_98' title='bbox 1256 928 1341 968; x_wconf 71' lang='grc' dir='ltr'><em>τῶν</em></span> <span class='ocrx_word' id='word_1_99' title='bbox 1395 929 1613 982; x_wconf 73' lang='grc' dir='ltr'><strong>συνθηκῶν</strong></span> <span class='ocrx_word' id='word_1_100' title='bbox 1654 928 1727 980; x_wconf 78' lang='grc' dir='ltr'><em>καὶ</em></span> 
     </span>
    </p>

    <p class='ocr_par' dir='ltr' id='par_1_4' title="bbox 137 988 1778 1312">
     <span class='ocr_line' id='line_1_13' title="bbox 137 988 1725 1048; baseline -0.006 -7"><span class='ocrx_word' id='word_1_101' title='bbox 137 1006 178 1040; x_wconf 91' lang='lat' dir='ltr'><strong>V.</strong></span> <span class='ocrx_word' id='word_1_102' title='bbox 197 1005 261 1040; x_wconf 82' lang='lat'><strong>533</strong></span> <span class='ocrx_word' id='word_1_103' title='bbox 279 998 368 1037; x_wconf 73' lang='grc' dir='ltr'><em>τῶν</em></span> <span class='ocrx_word' id='word_1_104' title='bbox 384 990 530 1048; x_wconf 79' lang='grc' dir='ltr'><em>ὅρκων,</em></span> <span class='ocrx_word' id='word_1_105' title='bbox 562 991 635 1041; x_wconf 81' lang='grc' dir='ltr'><strong>οὕς</strong></span> <span class='ocrx_word' id='word_1_106' title='bbox 664 995 905 1048; x_wconf 80' lang='grc' dir='ltr'><em>παρείχετο,</em></span> <span class='ocrx_word' id='word_1_107' title='bbox 932 994 1142 1047; x_wconf 81' lang='grc' dir='ltr'><em>μηδέποτε</em></span> <span class='ocrx_word' id='word_1_108' title='bbox 1164 990 1494 1047; x_wconf 73' lang='grc' dir='ltr'><em>ἆγνωμονήσειν·</em></span> <span class='ocrx_word' id='word_1_109' title='bbox 1526 988 1653 1042; x_wconf 76' lang='grc' dir='ltr'><em>αὖθίς</em></span> <span class='ocrx_word' id='word_1_110' title='bbox 1679 1007 1725 1034; x_wconf 82' lang='grc' dir='ltr'><strong>τε</strong></span> 
     </span>
     <span class='ocr_line' id='line_1_14' title="bbox 279 1055 1724 1116; baseline -0.002 -13"><span class='ocrx_word' id='word_1_111' title='bbox 279 1059 353 1116; x_wconf 77' lang='grc' dir='ltr'><em>τὴν</em></span> <span class='ocrx_word' id='word_1_112' title='bbox 381 1059 474 1115; x_wconf 85' lang='grc' dir='ltr'><em>ἴσην</em></span> <span class='ocrx_word' id='word_1_113' title='bbox 503 1060 667 1113; x_wconf 79' lang='grc' dir='ltr'><em>αἵρεσιν</em></span> <span class='ocrx_word' id='word_1_114' title='bbox 695 1058 917 1114; x_wconf 76' lang='grc' dir='ltr'><em>προύτίθει</em></span> <span class='ocrx_word' id='word_1_115' title='bbox 979 1057 1052 1101; x_wconf 81' lang='grc' dir='ltr'>καί</span> <span class='ocrx_word' id='word_1_116' title='bbox 1089 1056 1280 1116; x_wconf 80' lang='grc' dir='ltr'><em>παρῄνει,</em></span> <span class='ocrx_word' id='word_1_117' title='bbox 1315 1056 1398 1111; x_wconf 77' lang='grc' dir='ltr'><em>εἴγε</em></span> <span class='ocrx_word' id='word_1_118' title='bbox 1428 1055 1618 1111; x_wconf 77' lang='grc' dir='ltr'><em>βούλοιτο</em></span> <span class='ocrx_word' id='word_1_119' title='bbox 1644 1061 1724 1112; x_wconf 84' lang='grc' dir='ltr'><em>βα·-</em></span> 
     </span>
     <span class='ocr_line' id='line_1_15' title="bbox 278 1121 1724 1181; baseline -0.001 -13"><span class='ocrx_word' id='word_1_120' title='bbox 278 1128 408 1169; x_wconf 79' lang='grc' dir='ltr'><em>σιλίδι</em></span> <span class='ocrx_word' id='word_1_121' title='bbox 436 1129 723 1181; x_wconf 76' lang='grc' dir='ltr'><em>προσχωρεῖν,</em></span> <span class='ocrx_word' id='word_1_122' title='bbox 756 1123 814 1180; x_wconf 79' lang='grc' dir='ltr'><strong>μὴ</strong></span> <span class='ocrx_word' id='word_1_123' title='bbox 848 1121 1011 1181; x_wconf 77' lang='grc' dir='ltr'><em>λάθρα,</em></span> <span class='ocrx_word' id='word_1_124' title='bbox 1043 1123 1149 1166; x_wconf 76' lang='grc' dir='ltr'><em>ἀλλὰ</em></span> <span class='ocrx_word' id='word_1_125' title='bbox 1184 1126 1378 1180; x_wconf 75' lang='grc' dir='ltr'><em>φανερῶς</em></span> <span class='ocrx_word' id='word_1_126' title='bbox 1419 1126 1724 1176; x_wconf 82' lang='grc' dir='ltr'><em>συνταξάμενον</em></span> 
     </span>
     <span class='ocr_line' id='line_1_16' title="bbox 281 1185 1778 1246; baseline -0.003 -12"><span class='ocrx_word' id='word_1_127' title='bbox 281 1193 540 1246; x_wconf 72' lang='grc' dir='ltr'><em>ἀναχωρεῖν·</em></span> <span class='ocrx_word' id='word_1_128' title='bbox 583 1187 631 1231; x_wconf 78' lang='grc' dir='ltr'><strong>οὗ</strong></span> <span class='ocrx_word' id='word_1_129' title='bbox 664 1189 744 1246; x_wconf 73' lang='grc' dir='ltr'><em>γὰρ</em></span> <span class='ocrx_word' id='word_1_130' title='bbox 777 1188 905 1231; x_wconf 72' lang='grc' dir='ltr'><em>αὐτὸν</em></span> <span class='ocrx_word' id='word_1_131' title='bbox 933 1187 1137 1232; x_wconf 76' lang='grc' dir='ltr'><em>κωλύσειν</em></span> <span class='ocrx_word' id='word_1_132' title='bbox 1165 1189 1270 1244; x_wconf 81' lang='grc' dir='ltr'><em>πρός</em></span> <span class='ocrx_word' id='word_1_133' title='bbox 1302 1185 1440 1230; x_wconf 63' lang='grc' dir='ltr'><em>οὶίδέν.</em></span> <span class='ocrx_word' id='word_1_134' title='bbox 1494 1189 1647 1230; x_wconf 62' lang='grc' dir='ltr'><em>αὐτίκα</em></span> <span class='ocrx_word' id='word_1_135' title='bbox 1677 1191 1778 1234; x_wconf 67' lang='grc' dir='ltr'><strong>δὲιὸ</strong></span> 
     </span>
     <span class='ocr_line' id='line_1_17' title="bbox 279 1251 1745 1312; baseline -0.003 -12"><span class='ocrx_word' id='word_1_136' title='bbox 279 1261 431 1307; x_wconf 76' lang='grc' dir='ltr'><em>ἐκεῖνος</em></span> <span class='ocrx_word' id='word_1_137' title='bbox 462 1252 601 1310; x_wconf 70' lang='grc' dir='ltr'><em>α’)’μνυε</em></span> <span class='ocrx_word' id='word_1_138' title='bbox 622 1253 847 1311; x_wconf 77' lang='grc' dir='ltr'><em>φρικώδεις</em></span> <span class='ocrx_word' id='word_1_139' title='bbox 868 1251 1031 1310; x_wconf 75' lang='grc' dir='ltr'><em>ὅρκους,</em></span> <span class='ocrx_word' id='word_1_140' title='bbox 1061 1256 1193 1310; x_wconf 80' lang='grc' dir='ltr'><em>μηδὲν</em></span> <span class='ocrx_word' id='word_1_141' title='bbox 1221 1253 1336 1312; x_wconf 73' lang='grc' dir='ltr'><em>αὑτῷ</em></span> <span class='ocrx_word' id='word_1_142' title='bbox 1367 1256 1447 1296; x_wconf 78' lang='grc' dir='ltr'><em>τῶν</em></span> <span class='ocrx_word' id='word_1_143' title='bbox 1476 1270 1745 1310; x_wconf 49' lang='grc' dir='ltr'><strong>κατηγορου--Ἰ</strong></span> 
     </span>
    </p>

    <p class='ocr_par' dir='ltr' id='par_1_5' title="bbox 239 1315 1783 1836">
     <span class='ocr_line' id='line_1_18' title="bbox 239 1315 1726 1378; baseline -0.003 -12"><span class='ocrx_word' id='word_1_144' title='bbox 239 1327 417 1378; x_wconf 82' lang='grc' dir='ltr'><em>Βμένων</em></span> <span class='ocrx_word' id='word_1_145' title='bbox 454 1324 713 1373; x_wconf 74' lang='grc' dir='ltr'><em>συνειδέναι,</em></span> <span class='ocrx_word' id='word_1_146' title='bbox 758 1318 864 1363; x_wconf 74' lang='grc' dir='ltr'><em>ἄλλα</em></span> <span class='ocrx_word' id='word_1_147' title='bbox 903 1327 990 1369; x_wconf 85' lang='grc' dir='ltr'><em>τοῖς</em></span> <span class='ocrx_word' id='word_1_148' title='bbox 1034 1337 1078 1362; x_wconf 88' lang='grc' dir='ltr'><strong>τε</strong></span> <span class='ocrx_word' id='word_1_149' title='bbox 1121 1323 1335 1376; x_wconf 85' lang='grc' dir='ltr'><em>προτέροις</em></span> <span class='ocrx_word' id='word_1_150' title='bbox 1365 1315 1504 1374; x_wconf 77' lang='grc' dir='ltr'><em>ὅρκοις</em></span> <span class='ocrx_word' id='word_1_151' title='bbox 1533 1321 1726 1378; x_wconf 73' lang='grc' dir='ltr'><em>ἐμμένειν</em></span> 
     </span>
     <span class='ocr_line' id='line_1_19' title="bbox 284 1384 1729 1443; baseline -0.001 -13"><span class='ocrx_word' id='word_1_152' title='bbox 284 1390 470 1443; x_wconf 72' lang='grc' dir='ltr'><em>α’κριβαῖς</em></span> <span class='ocrx_word' id='word_1_153' title='bbox 504 1389 575 1429; x_wconf 85' lang='grc' dir='ltr'><em>καί</em></span> <span class='ocrx_word' id='word_1_154' title='bbox 592 1392 685 1435; x_wconf 83' lang='grc' dir='ltr'><em>ταῖς</em></span> <span class='ocrx_word' id='word_1_155' title='bbox 711 1384 966 1440; x_wconf 70' lang='grc' dir='ltr'><em>συνθήκαις,</em></span> <span class='ocrx_word' id='word_1_156' title='bbox 997 1385 1067 1427; x_wconf 84' lang='grc' dir='ltr'><em>καί</em></span> <span class='ocrx_word' id='word_1_157' title='bbox 1093 1384 1138 1426; x_wconf 79' lang='grc' dir='ltr'><strong>τὸ</strong></span> <span class='ocrx_word' id='word_1_158' title='bbox 1170 1386 1285 1442; x_wconf 68' lang='grc' dir='ltr'><em>αὐτῷ</em></span> <span class='ocrx_word' id='word_1_159' title='bbox 1313 1390 1501 1426; x_wconf 83' lang='grc' dir='ltr'><em>συνεῖναι</em></span> <span class='ocrx_word' id='word_1_160' title='bbox 1519 1388 1594 1427; x_wconf 81' lang='grc' dir='ltr'><strong>τοῦ</strong></span> <span class='ocrx_word' id='word_1_161' title='bbox 1621 1402 1729 1428; x_wconf 60' lang='grc' dir='ltr'><em>παν-ι</em></span> 
     </span>
     <span class='ocr_line' id='line_1_20' title="bbox 281 1451 1727 1507; baseline -0.002 -12"><span class='ocrx_word' id='word_1_162' title='bbox 281 1453 351 1502; x_wconf 76' lang='grc' dir='ltr'><strong>τὸς</strong></span> <span class='ocrx_word' id='word_1_163' title='bbox 381 1456 611 1506; x_wconf 77' lang='grc' dir='ltr'><em>τιμᾶσθαι·</em></span> <span class='ocrx_word' id='word_1_164' title='bbox 642 1453 826 1500; x_wconf 80' lang='grc' dir='ltr'><em>πλείονος</em></span> <span class='ocrx_word' id='word_1_165' title='bbox 873 1452 918 1492; x_wconf 81' lang='grc' dir='ltr'><strong>δὲ</strong></span> <span class='ocrx_word' id='word_1_166' title='bbox 964 1451 1201 1505; x_wconf 80' lang='grc' dir='ltr'><em>α’σφαλείας</em></span> <span class='ocrx_word' id='word_1_167' title='bbox 1233 1452 1354 1491; x_wconf 74' lang='grc' dir='ltr'><em>ἕνεκα</em></span> <span class='ocrx_word' id='word_1_168' title='bbox 1381 1451 1425 1491; x_wconf 81' lang='grc' dir='ltr'><em>ἐν</em></span> <span class='ocrx_word' id='word_1_169' title='bbox 1454 1453 1513 1507; x_wconf 71' lang='grc' dir='ltr'><strong>τῷ</strong></span> <span class='ocrx_word' id='word_1_170' title='bbox 1551 1451 1727 1506; x_wconf 84' lang='grc' dir='ltr'><em>παρόντι</em></span> 
     </span>
     <span class='ocr_line' id='line_1_21' title="bbox 280 1512 1783 1572; baseline -0.001 -11"><span class='ocrx_word' id='word_1_171' title='bbox 280 1523 355 1562; x_wconf 86' lang='grc' dir='ltr'><em>καί</em></span> <span class='ocrx_word' id='word_1_172' title='bbox 395 1521 468 1560; x_wconf 79' lang='grc' dir='ltr'><strong>τοῦ</strong></span> <span class='ocrx_word' id='word_1_173' title='bbox 516 1517 699 1572; x_wconf 76' lang='grc' dir='ltr'><em>μεγάλου</em></span> <span class='ocrx_word' id='word_1_174' title='bbox 737 1519 814 1558; x_wconf 79' lang='grc' dir='ltr'><strong>τοῦ</strong></span> <span class='ocrx_word' id='word_1_175' title='bbox 852 1519 1044 1572; x_wconf 78' lang='grc' dir='ltr'><em>Χριστοῦ</em></span> <span class='ocrx_word' id='word_1_176' title='bbox 1083 1516 1298 1571; x_wconf 80' lang='grc' dir='ltr'><em>μάρτυρος</em></span> <span class='ocrx_word' id='word_1_177' title='bbox 1338 1512 1477 1557; x_wconf 82' lang='grc' dir='ltr'><em>εἰκόνα</em></span> <span class='ocrx_word' id='word_1_178' title='bbox 1505 1520 1783 1571; x_wconf 62' lang='grc' dir='ltr'><em>παρείχετοαο</em></span> 
     </span>
     <span class='ocr_line' id='line_1_22' title="bbox 282 1580 1728 1641; baseline -0.002 -14"><span class='ocrx_word' id='word_1_179' title='bbox 282 1589 322 1629; x_wconf 87' lang='grc' dir='ltr'><strong><em>Γ</em></strong></span> <span class='ocrx_word' id='word_1_180' title='bbox 321 1586 495 1641; x_wconf 76' lang='grc' dir='ltr'><em>εωργιόυ</em></span> <span class='ocrx_word' id='word_1_181' title='bbox 524 1585 702 1631; x_wconf 76' lang='grc' dir='ltr'><em>πίστεως</em></span> <span class='ocrx_word' id='word_1_182' title='bbox 738 1585 935 1637; x_wconf 80' lang='grc' dir='ltr'><em>ἐνέχυρον</em></span> <span class='ocrx_word' id='word_1_183' title='bbox 962 1583 1034 1623; x_wconf 82' lang='grc' dir='ltr'><em>καί</em></span> <span class='ocrx_word' id='word_1_184' title='bbox 1060 1584 1133 1636; x_wconf 78' lang='grc' dir='ltr'><strong>τῆς</strong></span> <span class='ocrx_word' id='word_1_185' title='bbox 1161 1581 1260 1636; x_wconf 71' lang='grc' dir='ltr'><em>περὶ</em></span> <span class='ocrx_word' id='word_1_186' title='bbox 1287 1580 1416 1623; x_wconf 77' lang='grc' dir='ltr'><em>αὐτὸν</em></span> <span class='ocrx_word' id='word_1_187' title='bbox 1442 1582 1598 1624; x_wconf 74' lang='grc' dir='ltr'><em>ἀδόλου</em></span> <span class='ocrx_word' id='word_1_188' title='bbox 1621 1583 1728 1637; x_wconf 75' lang='grc' dir='ltr'><em>γνώ-</em></span> 
     </span>
     <span class='ocr_line' id='line_1_23' title="bbox 274 1643 1728 1706; baseline -0.001 -15"><span class='ocrx_word' id='word_1_189' title='bbox 274 1667 370 1706; x_wconf 87' lang='grc' dir='ltr'><em>μης.</em></span> <span class='ocrx_word' id='word_1_190' title='bbox 425 1647 624 1704; x_wconf 75' lang='grc' dir='ltr'><em>βασιλεὺς</em></span> <span class='ocrx_word' id='word_1_191' title='bbox 650 1649 729 1701; x_wconf 77' lang='grc' dir='ltr'><em>μὲν</em></span> <span class='ocrx_word' id='word_1_192' title='bbox 751 1643 824 1689; x_wconf 74' lang='grc' dir='ltr'><em>οὖν</em></span> <span class='ocrx_word' id='word_1_193' title='bbox 852 1647 1068 1689; x_wconf 76' lang='grc' dir='ltr'><em>ἐπαύσατο</em></span> <span class='ocrx_word' id='word_1_194' title='bbox 1098 1648 1248 1688; x_wconf 72' lang='grc' dir='ltr'><em>αὖτίκα</em></span> <span class='ocrx_word' id='word_1_195' title='bbox 1275 1647 1539 1689; x_wconf 69' lang='grc' dir='ltr'><em>ὑποπτεύων.</em></span> <span class='ocrx_word' id='word_1_196' title='bbox 1568 1648 1728 1702; x_wconf 69' lang='grc' dir='ltr'><em>”“Ῑε’ραξ</em></span> 
     </span>
     <span class='ocr_line' id='line_1_24' title="bbox 275 1707 1728 1769; baseline -0.002 -11"><span class='ocrx_word' id='word_1_197' title='bbox 275 1718 322 1759; x_wconf 84' lang='grc' dir='ltr'><strong>δὲ</strong></span> <span class='ocrx_word' id='word_1_198' title='bbox 350 1713 454 1768; x_wconf 69' lang='grc' dir='ltr'><em>μετὰ</em></span> <span class='ocrx_word' id='word_1_199' title='bbox 485 1712 637 1768; x_wconf 85' lang='grc' dir='ltr'><em>μικρὸν</em></span> <span class='ocrx_word' id='word_1_200' title='bbox 668 1708 794 1762; x_wconf 72' lang='grc' dir='ltr'><em>αὖθις</em></span> <span class='ocrx_word' id='word_1_201' title='bbox 821 1711 967 1769; x_wconf 81' lang='grc' dir='ltr'><em>καιρὸν</em></span> <span class='ocrx_word' id='word_1_202' title='bbox 995 1713 1270 1767; x_wconf 77' lang='grc' dir='ltr'><em>ἐπιτηρήσας,</em></span> <span class='ocrx_word' id='word_1_203' title='bbox 1298 1707 1402 1767; x_wconf 80' lang='grc' dir='ltr'><em>ἦλθε</em></span> <span class='ocrx_word' id='word_1_204' title='bbox 1428 1711 1534 1767; x_wconf 84' lang='grc' dir='ltr'><em>πρὸς</em></span> <span class='ocrx_word' id='word_1_205' title='bbox 1560 1713 1728 1764; x_wconf 76' lang='grc' dir='ltr'><em>Βυζάν-</em></span> 
     </span>
     <span class='ocr_line' id='line_1_25' title="bbox 275 1774 1729 1836; baseline -0.002 -11"><span class='ocrx_word' id='word_1_206' title='bbox 275 1798 389 1835; x_wconf 80' lang='grc' dir='ltr'><em>τιον,</em></span> <span class='ocrx_word' id='word_1_207' title='bbox 429 1779 486 1830; x_wconf 78' lang='grc' dir='ltr'><strong>ὥς</strong></span> <span class='ocrx_word' id='word_1_208' title='bbox 531 1775 659 1829; x_wconf 69' lang='grc' dir='ltr'><em>αὖθις</em></span> <span class='ocrx_word' id='word_1_209' title='bbox 700 1785 786 1829; x_wconf 79' lang='grc' dir='ltr'><em>τοῖς</em></span> <span class='ocrx_word' id='word_1_210' title='bbox 831 1774 1015 1834; x_wconf 67' lang='grc' dir='ltr'><em>ἄρχουσι</em></span> <span class='ocrx_word' id='word_1_211' title='bbox 1052 1775 1355 1832; x_wconf 74' lang='grc' dir='ltr'><em>διαλεξόμενος.</em></span> <span class='ocrx_word' id='word_1_212' title='bbox 1408 1780 1481 1834; x_wconf 81' lang='grc' dir='ltr'><strong>τῆς</strong></span> <span class='ocrx_word' id='word_1_213' title='bbox 1525 1775 1654 1836; x_wconf 77' lang='grc' dir='ltr'><em>αὖτῆς</em></span> <span class='ocrx_word' id='word_1_214' title='bbox 1681 1780 1729 1822; x_wconf 79' lang='grc' dir='ltr'><strong>δὲ</strong></span> 
     </span>
    </p>

    <p class='ocr_par' dir='ltr' id='par_1_6' title="bbox 371 1855 1013 1906">
     <span class='ocr_line' id='line_1_26' title="bbox 371 1855 1013 1906; baseline -0.002 -14"><span class='ocrx_word' id='word_1_215' title='bbox 371 1873 401 1906; x_wconf 87' lang='lat'><strong>7.</strong></span> <span class='ocrx_word' id='word_1_216' title='bbox 429 1859 631 1905; x_wconf 79' lang='grc' dir='ltr'><em>εἰσάγουσι</em></span> <span class='ocrx_word' id='word_1_217' title='bbox 655 1861 692 1894; x_wconf 89' lang='grc' dir='ltr'><strong>Ρ.</strong></span> <span class='ocrx_word' id='word_1_218' title='bbox 760 1875 764 1879; x_wconf 66' lang='lat'><strong><em>¹</em></strong></span> <span class='ocrx_word' id='word_1_219' title='bbox 790 1860 844 1893; x_wconf 82' lang='lat'><strong>23.</strong></span> <span class='ocrx_word' id='word_1_220' title='bbox 871 1855 946 1904; x_wconf 83' lang='grc' dir='ltr'><strong>πρὸ</strong></span> <span class='ocrx_word' id='word_1_221' title='bbox 978 1859 1013 1893; x_wconf 91' lang='grc' dir='ltr'><strong>Ρ.</strong></span> 
     </span>
    </p>
   </div>
   <div class='ocr_carea' id='block_1_3' title="bbox 276 1925 1771 2812">
    <p class='ocr_par' dir='ltr' id='par_1_7' title="bbox 276 1925 1771 2812">
     <span class='ocr_line' id='line_1_27' title="bbox 282 1925 1725 1971; baseline -0.003 -7"><span class='ocrx_word' id='word_1_222' title='bbox 282 1931 368 1964; x_wconf 89' lang='lat' dir='ltr'><strong>dum</strong></span> <span class='ocrx_word' id='word_1_223' title='bbox 407 1929 545 1963; x_wconf 85' lang='lat' dir='ltr'><strong>scilicet</strong></span> <span class='ocrx_word' id='word_1_224' title='bbox 576 1933 682 1962; x_wconf 84' lang='lat' dir='ltr'><strong>nocte</strong></span> <span class='ocrx_word' id='word_1_225' title='bbox 719 1926 958 1971; x_wconf 81' lang='lat' dir='ltr'><strong>praecedente</strong></span> <span class='ocrx_word' id='word_1_226' title='bbox 993 1927 1090 1959; x_wconf 83' lang='lat' dir='ltr'><strong>intus</strong></span> <span class='ocrx_word' id='word_1_227' title='bbox 1136 1936 1215 1959; x_wconf 89' lang='lat' dir='ltr'><strong>cum</strong></span> <span class='ocrx_word' id='word_1_228' title='bbox 1251 1925 1486 1960; x_wconf 80' lang='lat' dir='ltr'><strong>archontibus</strong></span> <span class='ocrx_word' id='word_1_229' title='bbox 1524 1936 1725 1960; x_wconf 86' lang='lat' dir='ltr'><strong>sermonem</strong></span> 
     </span>
     <span class='ocr_line' id='line_1_28' title="bbox 278 1972 1726 2017; baseline -0.003 -7"><span class='ocrx_word' id='word_1_230' title='bbox 278 1977 498 2017; x_wconf 80' lang='lat' dir='ltr'><strong>contulerit,</strong></span> <span class='ocrx_word' id='word_1_231' title='bbox 532 1979 743 2014; x_wconf 83' lang='lat' dir='ltr'><strong>monentes,</strong></span> <span class='ocrx_word' id='word_1_232' title='bbox 786 1979 827 2006; x_wconf 87' lang='lat' dir='ltr'><strong>ut</strong></span> <span class='ocrx_word' id='word_1_233' title='bbox 860 1978 1000 2008; x_wconf 80' lang='lat' dir='ltr'><strong>caveret</strong></span> <span class='ocrx_word' id='word_1_234' title='bbox 1025 1973 1096 2006; x_wconf 89' lang='lat' dir='ltr'><strong>sibi</strong></span> <span class='ocrx_word' id='word_1_235' title='bbox 1123 1972 1167 2006; x_wconf 83' lang='lat' dir='ltr'><strong>ab</strong></span> <span class='ocrx_word' id='word_1_236' title='bbox 1194 1972 1352 2006; x_wconf 89' lang='lat' dir='ltr'><strong>homine.</strong></span> <span class='ocrx_word' id='word_1_237' title='bbox 1421 1973 1618 2017; x_wconf 79' lang='lat' dir='ltr'><strong>Imperator</strong></span> <span class='ocrx_word' id='word_1_238' title='bbox 1642 1973 1726 2006; x_wconf 82' lang='lat' dir='ltr'><strong>illos</strong></span> 
     </span>
     <span class='ocr_line' id='line_1_29' title="bbox 279 2018 1726 2065; baseline -0.002 -9"><span class='ocrx_word' id='word_1_239' title='bbox 279 2023 371 2057; x_wconf 83' lang='lat' dir='ltr'><strong>falli&#39;</strong></span> <span class='ocrx_word' id='word_1_240' title='bbox 390 2028 487 2055; x_wconf 81' lang='lat' dir='ltr'><strong>ratus</strong></span> <span class='ocrx_word' id='word_1_241' title='bbox 505 2048 513 2063; x_wconf 91' lang='lat'>‚</span> <span class='ocrx_word' id='word_1_242' title='bbox 551 2023 603 2055; x_wconf 80' lang='lat' dir='ltr'><strong>ait</strong></span> <span class='ocrx_word' id='word_1_243' title='bbox 627 2022 671 2054; x_wconf 87' lang='lat' dir='ltr'><strong>iis</strong></span> <span class='ocrx_word' id='word_1_244' title='bbox 691 2046 700 2061; x_wconf 88' lang='lat'><strong>,</strong></span> <span class='ocrx_word' id='word_1_245' title='bbox 739 2031 894 2065; x_wconf 87' lang='lat' dir='ltr'><strong>quorum</strong></span> <span class='ocrx_word' id='word_1_246' title='bbox 926 2022 964 2053; x_wconf 89' lang='lat' dir='ltr'><strong>in</strong></span> <span class='ocrx_word' id='word_1_247' title='bbox 994 2020 1128 2053; x_wconf 74' lang='lat' dir='ltr'><strong>talibus</strong></span> <span class='ocrx_word' id='word_1_248' title='bbox 1158 2018 1266 2053; x_wconf 87' lang='lat' dir='ltr'><strong>fidem</strong></span> <span class='ocrx_word' id='word_1_249' title='bbox 1292 2019 1564 2063; x_wconf 78' lang='lat' dir='ltr'><strong>exploraverat,</strong></span> <span class='ocrx_word' id='word_1_250' title='bbox 1591 2019 1636 2052; x_wconf 85' lang='lat' dir='ltr'><strong>ab</strong></span> <span class='ocrx_word' id='word_1_251' title='bbox 1668 2031 1726 2053; x_wconf 85' lang='lat' dir='ltr'><strong>ar·-</strong></span> 
     </span>
     <span class='ocr_line' id='line_1_30' title="bbox 280 2064 1725 2111; baseline -0.004 -7"><span class='ocrx_word' id='word_1_252' title='bbox 280 2068 474 2104; x_wconf 86' lang='lat' dir='ltr'><strong>chontibus</strong></span> <span class='ocrx_word' id='word_1_253' title='bbox 508 2074 651 2102; x_wconf 79' lang='lat' dir='ltr'><strong>versute</strong></span> <span class='ocrx_word' id='word_1_254' title='bbox 692 2077 872 2100; x_wconf 84' lang='lat' dir='ltr'><strong>rumorem</strong></span> <span class='ocrx_word' id='word_1_255' title='bbox 908 2077 1068 2110; x_wconf 80' lang='lat' dir='ltr'><strong>sparsum</strong></span> <span class='ocrx_word' id='word_1_256' title='bbox 1107 2076 1206 2106; x_wconf 82' lang='lat' dir='ltr'><strong>esse,</strong></span> <span class='ocrx_word' id='word_1_257' title='bbox 1249 2071 1290 2099; x_wconf 85' lang='lat' dir='ltr'><strong>ut</strong></span> <span class='ocrx_word' id='word_1_258' title='bbox 1325 2077 1367 2099; x_wconf 86' lang='lat' dir='ltr'><strong>eo</strong></span> <span class='ocrx_word' id='word_1_259' title='bbox 1403 2064 1554 2106; x_wconf 84' lang='lat' dir='ltr'><strong>audito,</strong></span> <span class='ocrx_word' id='word_1_260' title='bbox 1582 2066 1725 2111; x_wconf 86' lang='lat' dir='ltr'><strong>ipsein</strong></span> 
     </span>
     <span class='ocr_line' id='line_1_31' title="bbox 280 2111 1725 2160; baseline -0.002 -11"><span class='ocrx_word' id='word_1_261' title='bbox 280 2118 382 2150; x_wconf 90' lang='lat' dir='ltr'><strong>illum</strong></span> <span class='ocrx_word' id='word_1_262' title='bbox 429 2117 594 2160; x_wconf 85' lang='lat' dir='ltr'><strong>exempla</strong></span> <span class='ocrx_word' id='word_1_263' title='bbox 631 2113 777 2153; x_wconf 80' lang='lat' dir='ltr'><strong>ederet,</strong></span> <span class='ocrx_word' id='word_1_264' title='bbox 815 2117 877 2144; x_wconf 83' lang='lat' dir='ltr'><strong>aut</strong></span> <span class='ocrx_word' id='word_1_265' title='bbox 914 2118 954 2145; x_wconf 87' lang='lat' dir='ltr'><strong>ut</strong></span> <span class='ocrx_word' id='word_1_266' title='bbox 987 2113 1051 2145; x_wconf 80' lang='lat' dir='ltr'><strong>ille</strong></span> <span class='ocrx_word' id='word_1_267' title='bbox 1089 2113 1160 2145; x_wconf 88' lang='lat' dir='ltr'><strong>sibi</strong></span> <span class='ocrx_word' id='word_1_268' title='bbox 1193 2113 1322 2145; x_wconf 85' lang='lat' dir='ltr'><strong>timens</strong></span> <span class='ocrx_word' id='word_1_269' title='bbox 1372 2111 1417 2145; x_wconf 81' lang='lat' dir='ltr'><strong>ad</strong></span> <span class='ocrx_word' id='word_1_270' title='bbox 1450 2122 1574 2144; x_wconf 88' lang='lat' dir='ltr'><strong>eorum</strong></span> <span class='ocrx_word' id='word_1_271' title='bbox 1603 2117 1725 2157; x_wconf 67' lang='lat' dir='ltr'><strong>partes</strong></span> 
     </span>
     <span class='ocr_line' id='line_1_32' title="bbox 279 2158 1724 2205; baseline -0.003 -10"><span class='ocrx_word' id='word_1_272' title='bbox 279 2164 457 2196; x_wconf 82' lang='lat' dir='ltr'><strong>transiret.</strong></span> <span class='ocrx_word' id='word_1_273' title='bbox 508 2162 579 2195; x_wconf 85' lang='lat' dir='ltr'><strong>Sed</strong></span> <span class='ocrx_word' id='word_1_274' title='bbox 604 2166 793 2205; x_wconf 85' lang='lat' dir='ltr'><strong>postquam</strong></span> <span class='ocrx_word' id='word_1_275' title='bbox 821 2160 927 2192; x_wconf 80' lang='lat' dir='ltr'><strong>amici</strong></span> <span class='ocrx_word' id='word_1_276' title='bbox 953 2158 1077 2193; x_wconf 88' lang='lat' dir='ltr'><strong>eadem</strong></span> <span class='ocrx_word' id='word_1_277' title='bbox 1103 2159 1370 2198; x_wconf 83' lang='lat' dir='ltr'><strong>confirmarunt,</strong></span> <span class='ocrx_word' id='word_1_278' title='bbox 1397 2158 1607 2202; x_wconf 83' lang='lat' dir='ltr'><strong>Imperator,</strong></span> <span class='ocrx_word' id='word_1_279' title='bbox 1635 2158 1724 2191; x_wconf 86' lang='lat' dir='ltr'><strong>Hie-</strong></span> 
     </span>
     <span class='ocr_line' id='line_1_33' title="bbox 278 2204 1724 2251; baseline -0.003 -8"><span class='ocrx_word' id='word_1_280' title='bbox 278 2221 357 2243; x_wconf 88' lang='lat' dir='ltr'><strong>race</strong></span> <span class='ocrx_word' id='word_1_281' title='bbox 390 2210 505 2242; x_wconf 85' lang='lat' dir='ltr'><strong>accito</strong></span> <span class='ocrx_word' id='word_1_282' title='bbox 522 2234 531 2249; x_wconf 84' lang='lat'><strong>,</strong></span> <span class='ocrx_word' id='word_1_283' title='bbox 558 2209 736 2242; x_wconf 85' lang='lat' dir='ltr'><strong>dictorum</strong></span> <span class='ocrx_word' id='word_1_284' title='bbox 770 2207 940 2251; x_wconf 80' lang='lat' dir='ltr'><strong>pactique</strong></span> <span class='ocrx_word' id='word_1_285' title='bbox 964 2217 1003 2238; x_wconf 84' lang='lat' dir='ltr'><strong>ac</strong></span> <span class='ocrx_word' id='word_1_286' title='bbox 1036 2205 1254 2245; x_wconf 81' lang='lat' dir='ltr'><strong>iuramenti,</strong></span> <span class='ocrx_word' id='word_1_287' title='bbox 1284 2204 1383 2248; x_wconf 88' lang='lat' dir='ltr'><strong>quod</strong></span> <span class='ocrx_word' id='word_1_288' title='bbox 1423 2205 1605 2246; x_wconf 80' lang='lat' dir='ltr'><strong>dedisset,</strong></span> <span class='ocrx_word' id='word_1_289' title='bbox 1629 2205 1724 2239; x_wconf 82' lang='lat' dir='ltr'>nihil</span> 
     </span>
     <span class='ocr_line' id='line_1_34' title="bbox 280 2252 1724 2297; baseline -0.002 -9"><span class='ocrx_word' id='word_1_290' title='bbox 280 2268 317 2289; x_wconf 87' lang='lat' dir='ltr'><strong>se</strong></span> <span class='ocrx_word' id='word_1_291' title='bbox 353 2256 498 2288; x_wconf 86' lang='lat' dir='ltr'><strong>sceleris</strong></span> <span class='ocrx_word' id='word_1_292' title='bbox 535 2255 579 2288; x_wconf 87' lang='lat' dir='ltr'><strong>de</strong></span> <span class='ocrx_word' id='word_1_293' title='bbox 615 2258 735 2287; x_wconf 85' lang='lat' dir='ltr'><strong>cetero</strong></span> <span class='ocrx_word' id='word_1_294' title='bbox 771 2253 951 2285; x_wconf 82' lang='lat' dir='ltr'><strong>facturum</strong></span> <span class='ocrx_word' id='word_1_295' title='bbox 983 2252 1172 2286; x_wconf 81' lang='lat' dir='ltr'><strong>admonuit</strong></span> <span class='ocrx_word' id='word_1_296' title='bbox 1208 2252 1444 2296; x_wconf 79' lang='lat' dir='ltr'><strong>eamdemque</strong></span> <span class='ocrx_word' id='word_1_297' title='bbox 1481 2263 1587 2297; x_wconf 78' lang='lat' dir='ltr'><strong>quam</strong></span> <span class='ocrx_word' id='word_1_298' title='bbox 1622 2253 1724 2296; x_wconf 69' lang='lat' dir='ltr'><strong>prius</strong></span> 
     </span>
     <span class='ocr_line' id='line_1_35' title="bbox 279 2297 1771 2346; baseline -0.002 -12"><span class='ocrx_word' id='word_1_299' title='bbox 279 2303 465 2346; x_wconf 83' lang='lat' dir='ltr'><strong>optionem</strong></span> <span class='ocrx_word' id='word_1_300' title='bbox 500 2301 702 2346; x_wconf 89' lang='lat' dir='ltr'><strong>proposuit,</strong></span> <span class='ocrx_word' id='word_1_301' title='bbox 726 2299 902 2339; x_wconf 79' lang='lat' dir='ltr'><strong>hortatus,</strong></span> <span class='ocrx_word' id='word_1_302' title='bbox 936 2300 966 2332; x_wconf 90' lang='lat' dir='ltr'><strong>si</strong></span> <span class='ocrx_word' id='word_1_303' title='bbox 997 2298 1107 2331; x_wconf 84' lang='lat' dir='ltr'><strong>vellet</strong></span> <span class='ocrx_word' id='word_1_304' title='bbox 1132 2297 1351 2341; x_wconf 79' lang='lat' dir='ltr'><strong>imperatrici</strong></span> <span class='ocrx_word' id='word_1_305' title='bbox 1376 2298 1554 2338; x_wconf 74' lang='lat' dir='ltr'><strong>militare,</strong></span> <span class='ocrx_word' id='word_1_306' title='bbox 1576 2309 1623 2332; x_wconf 86' lang='lat' dir='ltr'><strong>ne</strong></span> <span class='ocrx_word' id='word_1_307' title='bbox 1646 2298 1724 2332; x_wconf 84' lang='lat' dir='ltr'><strong>fur-</strong></span> <span class='ocrx_word' id='word_1_308' title='bbox 1762 2303 1771 2317; x_wconf 82' lang='grc'><strong>”·</strong></span> 
     </span>
     <span class='ocr_line' id='line_1_36' title="bbox 278 2343 1724 2392; baseline -0.002 -11"><span class='ocrx_word' id='word_1_309' title='bbox 278 2350 345 2381; x_wconf 84' lang='lat' dir='ltr'><strong>tim</strong></span> <span class='ocrx_word' id='word_1_310' title='bbox 371 2359 390 2380; x_wconf 90' lang='lat' dir='ltr'><strong>a</strong></span> <span class='ocrx_word' id='word_1_311' title='bbox 417 2359 473 2389; x_wconf 87' lang='lat' dir='ltr'><strong>se,</strong></span> <span class='ocrx_word' id='word_1_312' title='bbox 513 2348 575 2381; x_wconf 88' lang='lat' dir='ltr'><strong>sed</strong></span> <span class='ocrx_word' id='word_1_313' title='bbox 610 2347 730 2392; x_wconf 81' lang='lat' dir='ltr'><strong>palam</strong></span> <span class='ocrx_word' id='word_1_314' title='bbox 763 2346 967 2378; x_wconf 83' lang='lat' dir='ltr'><strong>valedicens</strong></span> <span class='ocrx_word' id='word_1_315' title='bbox 992 2343 1193 2378; x_wconf 84' lang='lat' dir='ltr'><strong>recederet:</strong></span> <span class='ocrx_word' id='word_1_316' title='bbox 1220 2345 1320 2377; x_wconf 85' lang='lat' dir='ltr'><strong>nullo</strong></span> <span class='ocrx_word' id='word_1_317' title='bbox 1347 2347 1442 2376; x_wconf 87' lang='lat' dir='ltr'><strong>enim</strong></span> <span class='ocrx_word' id='word_1_318' title='bbox 1469 2344 1576 2377; x_wconf 89' lang='lat' dir='ltr'><strong>modo</strong></span> <span class='ocrx_word' id='word_1_319' title='bbox 1607 2346 1724 2389; x_wconf 89' lang='lat' dir='ltr'><strong>impe-</strong></span> 
     </span>
     <span class='ocr_line' id='line_1_37' title="bbox 279 2389 1723 2431; baseline -0.003 -3"><span class='ocrx_word' id='word_1_320' title='bbox 279 2395 450 2428; x_wconf 78' lang='lat' dir='ltr'><strong>diturum.</strong></span> <span class='ocrx_word' id='word_1_321' title='bbox 502 2395 631 2428; x_wconf 80' lang='lat' dir='ltr'><strong>Statim</strong></span> <span class='ocrx_word' id='word_1_322' title='bbox 655 2393 719 2425; x_wconf 82' lang='lat' dir='ltr'><strong>ille</strong></span> <span class='ocrx_word' id='word_1_323' title='bbox 745 2392 968 2426; x_wconf 86' lang='lat' dir='ltr'><strong>tremendum</strong></span> <span class='ocrx_word' id='word_1_324' title='bbox 996 2395 1258 2424; x_wconf 83' lang='lat' dir='ltr'><strong>sacramentum</strong></span> <span class='ocrx_word' id='word_1_325' title='bbox 1285 2390 1395 2431; x_wconf 87' lang='lat' dir='ltr'><strong>dicit,</strong></span> <span class='ocrx_word' id='word_1_326' title='bbox 1420 2389 1516 2423; x_wconf 86' lang='lat' dir='ltr'><strong>nihil</strong></span> <span class='ocrx_word' id='word_1_327' title='bbox 1544 2390 1621 2424; x_wconf 86' lang='lat' dir='ltr'><strong>eius</strong></span> <span class='ocrx_word' id='word_1_328' title='bbox 1650 2390 1723 2424; x_wconf 75' lang='lat' dir='ltr'><strong>sibi</strong></span> 
     </span>
     <span class='ocr_line' id='line_1_38' title="bbox 276 2437 1724 2485; baseline -0.001 -12"><span class='ocrx_word' id='word_1_329' title='bbox 276 2451 354 2473; x_wconf 88' lang='lat' dir='ltr'><strong>esse</strong></span> <span class='ocrx_word' id='word_1_330' title='bbox 387 2442 592 2482; x_wconf 86' lang='lat' dir='ltr'><strong>conscium,</strong></span> <span class='ocrx_word' id='word_1_331' title='bbox 626 2439 726 2485; x_wconf 89' lang='lat' dir='ltr'><strong>quod</strong></span> <span class='ocrx_word' id='word_1_332' title='bbox 760 2439 1005 2478; x_wconf 87' lang='lat' dir='ltr'><strong>obiiceretur,</strong></span> <span class='ocrx_word' id='word_1_333' title='bbox 1038 2442 1255 2482; x_wconf 85' lang='lat' dir='ltr'><strong>pactumque</strong></span> <span class='ocrx_word' id='word_1_334' title='bbox 1284 2448 1326 2470; x_wconf 86' lang='lat' dir='ltr'><strong>ae</strong></span> <span class='ocrx_word' id='word_1_335' title='bbox 1352 2437 1596 2471; x_wconf 86' lang='lat' dir='ltr'><strong>iuramentum</strong></span> <span class='ocrx_word' id='word_1_336' title='bbox 1621 2438 1724 2482; x_wconf 77' lang='lat' dir='ltr'><strong>prius</strong></span> 
     </span>
     <span class='ocr_line' id='line_1_39' title="bbox 279 2482 1721 2529; baseline -0.003 -9"><span class='ocrx_word' id='word_1_337' title='bbox 279 2498 417 2520; x_wconf 80' lang='lat' dir='ltr'><strong>servare</strong></span> <span class='ocrx_word' id='word_1_338' title='bbox 455 2488 602 2527; x_wconf 88' lang='lat' dir='ltr'><strong>sedulo,</strong></span> <span class='ocrx_word' id='word_1_339' title='bbox 635 2491 672 2519; x_wconf 91' lang='lat' dir='ltr'><strong>et</strong></span> <span class='ocrx_word' id='word_1_340' title='bbox 704 2490 744 2518; x_wconf 82' lang='lat' dir='ltr'><strong>ut</strong></span> <span class='ocrx_word' id='word_1_341' title='bbox 769 2485 977 2529; x_wconf 87' lang='lat' dir='ltr'><strong>imperatori</strong></span> <span class='ocrx_word' id='word_1_342' title='bbox 1003 2483 1218 2522; x_wconf 79' lang='lat' dir='ltr'><strong>adhaereat,</strong></span> <span class='ocrx_word' id='word_1_343' title='bbox 1253 2483 1291 2515; x_wconf 88' lang='lat' dir='ltr'><strong>in</strong></span> <span class='ocrx_word' id='word_1_344' title='bbox 1317 2494 1359 2516; x_wconf 87' lang='lat' dir='ltr'><strong>eo</strong></span> <span class='ocrx_word' id='word_1_345' title='bbox 1386 2482 1458 2515; x_wconf 83' lang='lat' dir='ltr'><strong>sibi</strong></span> <span class='ocrx_word' id='word_1_346' title='bbox 1484 2495 1560 2518; x_wconf 85' lang='lat' dir='ltr'><strong>esse</strong></span> <span class='ocrx_word' id='word_1_347' title='bbox 1588 2485 1721 2517; x_wconf 86' lang='lat' dir='ltr'><strong>omnia.</strong></span> 
     </span>
     <span class='ocr_line' id='line_1_40' title="bbox 279 2529 1722 2578; baseline -0.002 -11"><span class='ocrx_word' id='word_1_348' title='bbox 279 2534 382 2567; x_wconf 86' lang='lat' dir='ltr'><strong>lllico</strong></span> <span class='ocrx_word' id='word_1_349' title='bbox 408 2534 602 2578; x_wconf 84' lang='lat' dir='ltr'><strong>imaginem</strong></span> <span class='ocrx_word' id='word_1_350' title='bbox 627 2532 801 2577; x_wconf 84' lang='lat' dir='ltr'><strong>praeclari</strong></span> <span class='ocrx_word' id='word_1_351' title='bbox 826 2530 992 2575; x_wconf 83' lang='lat' dir='ltr'><strong>martyris</strong></span> <span class='ocrx_word' id='word_1_352' title='bbox 1019 2530 1152 2564; x_wconf 83' lang='lat' dir='ltr'><strong>Christi</strong></span> <span class='ocrx_word' id='word_1_353' title='bbox 1180 2529 1327 2574; x_wconf 85' lang='lat' dir='ltr'><strong>Georgii</strong></span> <span class='ocrx_word' id='word_1_354' title='bbox 1355 2529 1439 2563; x_wconf 87' lang='lat' dir='ltr'><strong>fidei</strong></span> <span class='ocrx_word' id='word_1_355' title='bbox 1474 2541 1559 2563; x_wconf 84' lang='lat' dir='ltr'><strong>suae</strong></span> <span class='ocrx_word' id='word_1_356' title='bbox 1605 2530 1722 2564; x_wconf 81' lang='lat' dir='ltr'><strong>since·-</strong></span> 
     </span>
     <span class='ocr_line' id='line_1_41' title="bbox 281 2575 1722 2624; baseline -0.002 -13"><span class='ocrx_word' id='word_1_357' title='bbox 281 2590 414 2624; x_wconf 83' lang='lat' dir='ltr'><strong>raeque</strong></span> <span class='ocrx_word' id='word_1_358' title='bbox 447 2592 527 2623; x_wconf 77' lang='lat' dir='ltr'><strong>erga</strong></span> <span class='ocrx_word' id='word_1_359' title='bbox 562 2581 817 2623; x_wconf 84' lang='lat' dir='ltr'><strong>imperatorem</strong></span> <span class='ocrx_word' id='word_1_360' title='bbox 853 2578 1049 2610; x_wconf 82' lang='lat' dir='ltr'><strong>voluntatis</strong></span> <span class='ocrx_word' id='word_1_361' title='bbox 1083 2575 1265 2622; x_wconf 81' lang='lat' dir='ltr'><strong>quoddam</strong></span> <span class='ocrx_word' id='word_1_362' title='bbox 1299 2577 1427 2621; x_wconf 80' lang='lat' dir='ltr'><strong>pignus</strong></span> <span class='ocrx_word' id='word_1_363' title='bbox 1462 2576 1571 2610; x_wconf 84' lang='lat' dir='ltr'><strong>dedit.</strong></span> <span class='ocrx_word' id='word_1_364' title='bbox 1628 2577 1722 2611; x_wconf 85' lang='lat' dir='ltr'><strong>Hine</strong></span> 
     </span>
     <span class='ocr_line' id='line_1_42' title="bbox 282 2623 1722 2670; baseline -0.002 -11"><span class='ocrx_word' id='word_1_365' title='bbox 282 2627 479 2670; x_wconf 84' lang='lat' dir='ltr'><strong>imperator</strong></span> <span class='ocrx_word' id='word_1_366' title='bbox 505 2638 587 2659; x_wconf 80' lang='lat' dir='ltr'><strong>mox</strong></span> <span class='ocrx_word' id='word_1_367' title='bbox 612 2625 855 2670; x_wconf 82' lang='lat' dir='ltr'><strong>suspicionem</strong></span> <span class='ocrx_word' id='word_1_368' title='bbox 885 2623 1062 2668; x_wconf 85' lang='lat' dir='ltr'><strong>deposuit.</strong></span> <span class='ocrx_word' id='word_1_369' title='bbox 1111 2623 1245 2655; x_wconf 78' lang='lat' dir='ltr'><strong>merax</strong></span> <span class='ocrx_word' id='word_1_370' title='bbox 1274 2633 1345 2656; x_wconf 89' lang='lat' dir='ltr'><strong>nou</strong></span> <span class='ocrx_word' id='word_1_371' title='bbox 1382 2623 1443 2656; x_wconf 89' lang='lat' dir='ltr'><strong>diu</strong></span> <span class='ocrx_word' id='word_1_372' title='bbox 1477 2627 1560 2668; x_wconf 76' lang='lat' dir='ltr'><strong>post</strong></span> <span class='ocrx_word' id='word_1_373' title='bbox 1591 2625 1722 2661; x_wconf 75' lang='lat' dir='ltr'><strong>iterum</strong></span> 
     </span>
     <span class='ocr_line' id='line_1_43' title="bbox 284 2668 1722 2717; baseline -0.003 -11"><span class='ocrx_word' id='word_1_374' title='bbox 284 2677 424 2717; x_wconf 80' lang='lat' dir='ltr'><strong>captata</strong></span> <span class='ocrx_word' id='word_1_375' title='bbox 459 2674 658 2712; x_wconf 76' lang='lat' dir='ltr'><strong>occasione,</strong></span> <span class='ocrx_word' id='word_1_376' title='bbox 697 2673 906 2715; x_wconf 82' lang='lat' dir='ltr'><strong>Byzantium</strong></span> <span class='ocrx_word' id='word_1_377' title='bbox 944 2681 1023 2703; x_wconf 84' lang='lat' dir='ltr'><strong>cum</strong></span> <span class='ocrx_word' id='word_1_378' title='bbox 1060 2668 1294 2702; x_wconf 84' lang='lat' dir='ltr'><strong>archontibus</strong></span> <span class='ocrx_word' id='word_1_379' title='bbox 1333 2668 1452 2702; x_wconf 85' lang='lat' dir='ltr'><strong>denuo</strong></span> <span class='ocrx_word' id='word_1_380' title='bbox 1489 2669 1722 2715; x_wconf 81' lang='lat' dir='ltr'><strong>colloquendi</strong></span> 
     </span>
     <span class='ocr_line' id='line_1_44' title="bbox 285 2715 1723 2762; baseline -0.002 -10"><span class='ocrx_word' id='word_1_381' title='bbox 285 2730 389 2752; x_wconf 84' lang='lat' dir='ltr'><strong>eausa</strong></span> <span class='ocrx_word' id='word_1_382' title='bbox 415 2719 571 2752; x_wconf 84' lang='lat' dir='ltr'><strong>intravit.</strong></span> <span class='ocrx_word' id='word_1_383' title='bbox 621 2717 756 2751; x_wconf 86' lang='lat' dir='ltr'><strong>Eadem</strong></span> <span class='ocrx_word' id='word_1_384' title='bbox 780 2723 885 2751; x_wconf 87' lang='lat' dir='ltr'><strong>nocte</strong></span> <span class='ocrx_word' id='word_1_385' title='bbox 911 2716 1195 2762; x_wconf 78' lang='lat' dir='ltr'><strong>Paraspondylus</strong></span> <span class='ocrx_word' id='word_1_386' title='bbox 1222 2716 1313 2749; x_wconf 81' lang='lat' dir='ltr'><strong>alius</strong></span> <span class='ocrx_word' id='word_1_387' title='bbox 1339 2727 1359 2748; x_wconf 80' lang='lat' dir='ltr'><strong>a</strong></span> <span class='ocrx_word' id='word_1_388' title='bbox 1383 2715 1565 2760; x_wconf 85' lang='lat' dir='ltr'><strong>praefecto</strong></span> <span class='ocrx_word' id='word_1_389' title='bbox 1591 2715 1723 2749; x_wconf 78' lang='lat' dir='ltr'><strong>Adria-</strong></span> 
     </span>
     <span class='ocr_line' id='line_1_45' title="bbox 285 2761 1722 2812; baseline -0.002 -13"><span class='ocrx_word' id='word_1_390' title='bbox 285 2765 453 2812; x_wconf 49' lang='lat' dir='ltr'><strong>nopoliu</strong></span> <span class='ocrx_word' id='word_1_391' title='bbox 475 2764 521 2799; x_wconf 83' lang='lat' dir='ltr'><strong>ob</strong></span> <span class='ocrx_word' id='word_1_392' title='bbox 547 2765 702 2800; x_wconf 84' lang='lat' dir='ltr'><strong>similem</strong></span> <span class='ocrx_word' id='word_1_393' title='bbox 726 2774 870 2812; x_wconf 72' lang='lat' dir='ltr'><strong>eausam</strong></span> <span class='ocrx_word' id='word_1_394' title='bbox 897 2765 1007 2801; x_wconf 77' lang='lat' dir='ltr'><strong>verba</strong></span> <span class='ocrx_word' id='word_1_395' title='bbox 1031 2774 1112 2799; x_wconf 83' lang='lat' dir='ltr'><strong>cum</strong></span> <span class='ocrx_word' id='word_1_396' title='bbox 1138 2761 1268 2798; x_wconf 77' lang='lat' dir='ltr'><strong>iisdem</strong></span> <span class='ocrx_word' id='word_1_397' title='bbox 1293 2761 1509 2804; x_wconf 74' lang='lat' dir='ltr'><strong>habiturus,</strong></span> <span class='ocrx_word' id='word_1_398' title='bbox 1533 2762 1572 2798; x_wconf 86' lang='lat' dir='ltr'><strong>in</strong></span> <span class='ocrx_word' id='word_1_399' title='bbox 1595 2761 1722 2797; x_wconf 82' lang='lat' dir='ltr'><strong>urbem</strong></span> 
     </span>
    </p>
   </div>
  </div>
 </body>
</html>
