1806 3152
310 151 421 228 578
831 169 1199 212 CANTAcquM

114 270 376 321 Δ.ῦ.1346τὸν
411 266 604 321 πόλεμον.
659 266 752 308 ἐπεὶ
789 268 837 308 δὲ
867 266 1003 323 ἡμέρα
1030 262 1112 323 ἤδη
1138 262 1213 322 ἦν,
1237 265 1491 317 Ἀπόκαυκος
1529 270 1606 321 μὲν
1632 268 1736 322 μετὰ

305 338 380 390 τῆς
407 333 606 389 στρατιᾶς
632 334 849 386 κατέβαινε
878 332 1219 387 διαγωνισάμενος
1239 349 1250 360 ·
1289 335 1496 383 Κωκαλᾶς
1530 336 1576 375 δὲ
1606 330 1736 384 αὖθις

304 398 410 456 πρὸς
448 396 667 453 ἑκατέρους
708 399 938 453 ἐπιφοιτῶν
985 397 1032 439 τὸ
1065 400 1200 440 δοκεῖν
1225 400 1305 451 μὲν
1333 398 1429 454 περὶ
1456 397 1734 455 εἰρήνηςμδιε-

302 468 469 520 λέγετο,
498 466 550 521 τῇ
578 465 616 505 δ’
631 463 807 520 ἀληθεία
839 461 1054 517 παρώξυνε
1084 464 1188 519 πρὸς
1213 461 1366 519 μάχην.
1417 467 1660 519 διαλεχθείς
1687 466 1734 506 δὲ

302 533 375 574 καί
401 537 486 579 τοῖς
516 526 690 584 ἡγεμόσι
713 533 795 570 τῶν
809 528 946 583 λόχων
961 563 973 582 ,
1006 527 1147 585 κρύφα
1177 531 1393 585 διέφθειρε
1421 533 1493 571 καί
1517 529 1760 580 κατέπειθεό

301 596 359 652 μή
392 594 640 650 μάχεσθαι,
667 592 773 635 ἀλλά
801 597 1017 650 γενομένης
1044 597 1275 650 συμβολῆς,
1319 596 1510 651 πρώτους
1536 590 1636 638 καθ’
1655 592 1735 638 αύ-

301 661 398 712 τούς
439 663 595 703 θέσθαι
633 657 707 714 τήν
745 658 914 714 τροπήν.
968 659 1060 702 ἐπεὶ
1087 662 1131 701 δὲ
1159 662 1331 702 τοιαῦτα
1360 659 1620 719 ᾠκονόμητο,
1660 660 1734 704 τὸν

266 730 440 782 (ἶδῆμον
468 726 607 775 αὐτοῖς
636 724 806 779 ἐπῆγεν,
857 721 959 781 ἄχρι
996 724 1081 768 τότε
1109 726 1234 780 μήπω
1263 725 1445 781 φανερὸς
1471 729 1735 781 γεγενημένος

301 790 369 835 ὅτι
389 796 572 845 πολεμεῖ.
604 791 696 832 ἐπεὶ
723 791 782 831 δὲ·
797 789 918 844 ἐγγύς
944 787 1050 845 ἦσαν
1078 792 1149 831 καί
1176 790 1507 845 ἠκροβολίζοντο,
1536 789 1575 832 οἱ
1604 807 1733 846 στρα-

300 860 450 901 τιῶται
470 857 544 899 οὔκ
576 855 738 912 ἔφασαν
757 856 843 897 δεῖν
861 853 964 907 πρὸς
987 854 1223 912 ὁμοφύλους
1241 853 1472 909 μάχεσθαι,
1507 856 1604 898 οὐδὲ
1631 854 1786 906 τούςιο

301 925 478 973 οἰκείους
509 919 787 974 ἀποκτείνειν,
821 920 927 962 ἀλλὰ
956 920 1059 976 πρὸς
1085 922 1160 976 την
1192 917 1324 976 ἄκραν
1354 919 1611 976 ἀναχωρεῖν,
1639 921 1731 963 ἐνὸν

300 985 531 1037 ἀκινδύνως
562 985 792 1038 σώζεσθαι·
820 988 893 1028 καί
921 982 1009 1039 ἅμα
1038 985 1277 1042 ἀνεχώρουν
1294 1019 1305 1040 ,
1344 989 1580 1029 συνείποντο
1609 989 1656 1029 δὲ
1686 985 1731 1031 οἷ·

299 1052 427 1112 νάγκῃ
456 1055 527 1095 καί
554 1053 592 1094 οἱ
621 1049 753 1094 ἄλλοι.
809 1053 902 1095 ἐπεῖ
931 1054 977 1094 δὲ
1005 1051 1187 1108 ἐγένοντο
1214 1051 1321 1108 πρὸς
1350 1054 1400 1109 τῇ
1428 1047 1534 1110 ἄκρᾳ
1553 1085 1564 1106 ,
1602 1053 1733 1096 Ἀπό-

298 1135 450 1168 καυκος
477 1120 555 1172 μὲν
582 1119 713 1159 ἐδεῖτο
742 1116 821 1172 πρὸ
851 1119 933 1160 τῶν
960 1120 1112 1172 τειχῶν
1141 1115 1381 1170 ἀμύνεσθαι
1411 1121 1729 1173 καρτεροῦντας,

300 1179 371 1243 (ἦν
394 1183 474 1239 γάρ
504 1185 575 1225 καί
598 1181 645 1225 τὸ
668 1182 826 1237 χωρίον
852 1185 1094 1238 ἐπιτηδείως
1119 1182 1216 1236 ἔχον
1242 1181 1348 1238 πρὸς
1386 1181 1675 1238 ἱππηλασιῖις,)
1702 1182 1783 1240 ἧιό

298 1247 472 1305 στρατιὰ
514 1250 560 1290 δὲ
595 1245 671 1289 ofin
711 1246 875 1304 ἔφασαν
909 1250 1017 1301 δεῖν,
1051 1250 1142 1289 ἀλλ’
1163 1246 1281 1290 ἔνδον
1308 1250 1481 1290 εἰσιέναι
1512 1251 1585 1290 καί
1619 1247 1732 1303 ἀμύ-

297 1318 447 1358 νεσθαι
481 1311 711 1367 ἀναβάντας
741 1311 819 1354 ἀπὸ
842 1315 922 1354 τῶν
948 1315 1112 1366 τειχῶν.
1144 1315 1235 1355 &nst
1265 1315 1309 1354 δὲ
1336 1312 1453 1355 ἔνδον
1478 1309 1587 1368 ἦσαν
1604 1346 1617 1366 ,
1649 1331 1731 1356 πα-

256 1378 602 1436 Βρακαλούμενοι
645 1374 775 1426 αὖθις
809 1380 879 1420 ἑπί
907 1377 959 1419 τὰ
981 1381 1095 1432 τείχη
1125 1378 1366 1431 ἀναβαίνειν
1389 1377 1462 1420 καί
1489 1377 1730 1431 ἀμύνεσθαι

297 1442 373 1487 οὔκ
403 1444 636 1499 ἠθέλησαν,
670 1441 731 1496 μὴ
758 1443 911 1485 εἰδέναι
930 1441 1157 1497 φάσκοντες
1185 1449 1466 1497 τειχομαχεῖν,
1485 1445 1592 1497 μηδὲ
1625 1448 1730 1487 κτεί-
1764 1493 1769 1498 ,

296 1526 382 1552 νειν
417 1507 513 1557 τούς
558 1508 734 1555 οἰκείους
779 1502 805 1562 ἢ
845 1509 1109 1560 κτείνεσθαι,
1155 1505 1332 1563 ἀνάγκης
1363 1510 1572 1563 μηδεμιᾶς
1599 1508 1783 1552 ύπού-20

297 1591 384 1629 σης.
412 1572 666 1620 Ἀπόκαυκος
688 1573 733 1613 δὲ
757 1570 863 1624 μετά
893 1575 975 1613 τῶν
1006 1567 1156 1626 ἄλλων,
1188 1575 1278 1615 ἐπεὶ
1303 1571 1378 1628 την
1397 1575 1627 1628 προδοσίαν
1653 1593 1730 1619 κα-

296 1640 462 1682 τενόουν
502 1637 575 1679 καί
606 1636 676 1679 τὸν
715 1639 905 1679 κίνδυνον
936 1638 1235 1692 περιεστηκότα
1266 1637 1510 1694 συνεώρων,
1540 1637 1729 1696 ὥρμηντο

298 1702 470 1764 φεύγειν
507 1701 584 1754 ἔξω
617 1704 777 1756 τειχῶν.
831 1704 981 1759 συνέβη
1008 1705 1066 1745 ’δὲ
1101 1702 1172 1745 τὸν
1212 1702 1263 1744 τά
1303 1708 1473 1758 κλεῖθρα
1492 1707 1569 1760 ’τῆς
1596 1703 1730 1763 ἄκρας

297 1771 522 1823 κατέχοντα
561 1770 641 1809 τῶν
680 1769 884 1822 Ζηλωτῶν
913 1770 984 1809 ἕνα
1018 1765 1144 1822 εἶναι,
1190 1766 1236 1818 ὃς
1262 1770 1354 1810 ε’πεί
1381 1772 1727 1823 διχοστατοῦντας

297 1833 381 1878 εἶδε
409 1833 482 1876 καὶ
510 1831 780 1889 ὡρμημένους
817 1832 1005 1889 φεύγειν,
1058 1836 1196 1883 συνείς
1240 1833 1286 1876 τὸ
1322 1837 1496 1887 μέλλον,
1544 1836 1780 1892 ‹inmoti—25

298 1957 360 1980 eos
397 1944 653 1980 inflammabat,
701 1944 817 1978 Duces
843 1945 928 1977 item
955 1945 1134 1977 allocutus
1173 1946 1260 1978 clam
1302 1957 1363 1979 eos
1401 1946 1654 1990 corrumpebat
1689 1953 1728 1982 elz

295 2003 316 2025 a
341 1992 509 2028 conflictu
535 1990 802 2030 dehortabatur,
829 1991 1086 2036 suadebatque,
1113 1997 1154 2025 ut
1177 2003 1218 2025 eo
1245 1998 1383 2036 coepto,
1408 1993 1513 2036 primi
1536 1999 1634 2037 terga
1659 1993 1727 2026 da-

295 2043 387 2075 rent.
436 2039 498 2071 llis
536 2038 588 2070 ita
628 2038 855 2082 compositis,
892 2038 1064 2081 populum
1091 2039 1127 2070 in
1156 2049 1215 2071 eos
1241 2038 1348 2071 ducit.
1397 2040 1446 2071 Ac
1470 2043 1544 2071 tum
1569 2040 1726 2084 primum

295 2085 437 2118 hostem
463 2094 539 2117 esse
566 2084 696 2128 patuit.
755 2084 843 2117 Cum
870 2085 1055 2129 propiores
1081 2085 1152 2116 iam
1182 2085 1295 2117 iacula
1320 2088 1552 2128 torquerent,
1590 2086 1725 2121 milites

296 2131 427 2169 dicere,
452 2136 575 2164 contra
600 2130 790 2173 populares
815 2141 886 2162 non
912 2130 1155 2174 pugnandum,
1179 2141 1297 2176 neque
1317 2129 1532 2164 domesticos
1545 2133 1726 2166 'occiden-

296 2177 372 2215 dos,
411 2178 474 2210 sed
499 2178 536 2209 in
563 2187 700 2217 arcem,
743 2182 784 2208 ut
807 2177 844 2208 in
868 2181 985 2209 tutum
1011 2176 1225 2221 perfugium,
1255 2176 1510 2217 recedendum,
1546 2189 1587 2210 ac
1613 2179 1724 2213 simul

295 2223 475 2262 recedere,
501 2234 589 2268 quos
613 2222 676 2255 alii
700 2222 837 2255 vellent
855 2223 997 2255 nollent
1013 2222 1265 2267 sequebantur.
1312 2222 1366 2256 Ad
1384 2234 1458 2256 eam
1479 2229 1518 2257 ut
1532 2230 1724 2267 venerunt,

293 2270 527 2315 Apocauchus
558 2279 671 2308 orare,
695 2268 749 2300 uti
775 2274 858 2301 ante
886 2280 1005 2302 muros
1032 2269 1172 2301 obversi
1217 2268 1355 2302 hostem
1390 2269 1584 2313 pugnando
1609 2272 1725 2306 susti-

292 2321 439 2350 nerent.·
477 2319 552 2348 erat
576 2326 732 2358 namque
756 2315 853 2348 locus
880 2315 1037 2360 equestri
1065 2315 1202 2359 proelio
1229 2315 1393 2348 idoneus.
1440 2316 1578 2351 Milites
1602 2317 1724 2351 detre-

293 2369 389 2395 ctare
416 2362 683 2406 affirmareque‚
710 2361 1003 2404 ingrediendum„
1021 2365 1058 2392 et
1078 2362 1187 2394 muris
1217 2363 1438 2402 conscensis,
1471 2362 1558 2396 inde*
1582 2363 1722 2398 hostem
1764 2373 1768 2376 ”

291 2408 577 2454 propellendum.
610 2406 677 2439 Ubi
700 2408 797 2440 intus
822 2408 979 2447 fuerunt,
995 2408 1119 2450 rogati,
1135 2412 1175 2440 ut
1192 2418 1311 2440 muros
1327 2408 1588 2443 adscenderent
1602 2411 1720 2455 impe-

292 2461 440 2500 tumque
468 2454 636 2489 hostilem
664 2452 750 2485 inde
775 2458 955 2492 arcerent,
978 2453 1174 2486 noluerunt
1219 2454 1400 2495 dicentes,
1437 2455 1575 2488 nescire
1610 2467 1648 2490 se
1672 2456 1718 2490 de

291 2512 391 2533 muro
418 2511 592 2544 pugnare,
628 2510 747 2543 neque
772 2500 865 2532 cives
892 2510 973 2531 suos
999 2501 1076 2533 sine
1103 2500 1175 2532 ulla
1201 2511 1305 2533 causa
1338 2501 1430 2534 velle
1456 2500 1617 2535 occidere
1657 2507 1720 2536 aut

292 2547 336 2579 ab
367 2548 438 2578 illis
458 2542 593 2583 occidis
631 2545 866 2590 Apocauchus
892 2551 928 2578 et
953 2547 1074 2586 ceteri,
1100 2557 1177 2579 cum
1200 2546 1443 2591 proditionem
1473 2548 1720 2592 perspicerent

290 2592 564 2638 periculumque
591 2603 758 2635 praesens
782 2591 1125 2633 animadverterent,
1151 2593 1270 2636 fugam
1297 2599 1394 2626 extra
1420 2605 1535 2626 arcem
1559 2594 1718 2638 arripere

291 2638 507 2681 cogitabant.
556 2639 662 2672 Forte
687 2639 829 2670 fortuna
856 2639 969 2670 claves
995 2638 1082 2671 arcis
1107 2650 1216 2683 penes
1240 2640 1391 2673 Zelotam
1418 2644 1542 2680 erant,
1580 2641 1642 2685 qui
1669 2646 1710 2674 ut
1755 2667 1762 2674 ,

291 2684 480 2721 dissidium
516 2690 553 2717 et
577 2683 622 2717 ad
650 2684 774 2729 fugam(
795 2685 986 2717 inclinatos
1010 2685 1114 2724 vidit,
1139 2685 1251 2718 futuri
1275 2686 1446 2730 providus
1471 2696 1529 2718 eas
1553 2685 1710 2723 abscon-

291 2732 360 2770 dit.
406 2729 555 2764 Duabus
589 2736 709 2769 autem
747 2731 860 2776 portis
884 2732 975 2765 arcis
1001 2732 1142 2778 longius
1166 2732 1261 2767 inter
1285 2744 1322 2767 se
1347 2731 1591 2774 distantibus,
1615 2732 1714 2777 Apo·
1734 2766 1737 2769 .
