<?xml version="1.0" encoding="UTF-8"?>
<!DOCTYPE html PUBLIC "-//W3C//DTD XHTML 1.0 Transitional//EN"
    "http://www.w3.org/TR/xhtml1/DTD/xhtml1-transitional.dtd">
<html xmlns="http://www.w3.org/1999/xhtml" xml:lang="en" lang="en">
 <head>
  <title>
</title>
<meta http-equiv="Content-Type" content="text/html;charset=utf-8" />
  <meta name='ocr-system' content='tesseract 3.04.00' />
  <meta name='ocr-capabilities' content='ocr_page ocr_carea ocr_par ocr_line ocrx_word'/>
</head>
<body>
  <div class='ocr_page' id='page_1' title='image "./corpusscriptorum24niebuoft_0542.png"; bbox 0 0 1820 3152; ppageno 0'>
   <div class='ocr_carea' id='block_1_1' title="bbox 293 152 1184 211">
    <p class='ocr_par' dir='ltr' id='par_1_1' title="bbox 293 152 1184 211">
     <span class='ocr_line' id='line_1_1' title="bbox 293 152 1184 211; baseline 0.001 -2"><span class='ocrx_word' id='word_1_1' title='bbox 293 152 402 209; x_wconf 83' lang='lat'><strong>530</strong></span> <span class='ocrx_word' id='word_1_2' title='bbox 815 166 1184 211; x_wconf 66' lang='lat' dir='ltr'>CANTACUZENJ</span> 
     </span>
    </p>
   </div>
   <div class='ocr_carea' id='block_1_2' title="bbox 96 262 1787 2505">
    <p class='ocr_par' dir='ltr' id='par_1_2' title="bbox 96 262 1743 782">
     <span class='ocr_line' id='line_1_2' title="bbox 96 262 1718 328; baseline -0.002 -14"><span class='ocrx_word' id='word_1_3' title='bbox 96 278 277 324; x_wconf 74' lang='lat' dir='ltr'><strong>A.G.1345</strong></span> <span class='ocrx_word' id='word_1_4' title='bbox 288 271 466 327; x_wconf 88' lang='grc' dir='ltr'><em>χειροιή.</em></span> <span class='ocrx_word' id='word_1_5' title='bbox 521 266 619 311; x_wconf 75' lang='grc' dir='ltr'><em>ὅθεν</em></span> <span class='ocrx_word' id='word_1_6' title='bbox 648 266 718 310; x_wconf 74' lang='grc' dir='ltr'><strong>διὰ</strong></span> <span class='ocrx_word' id='word_1_7' title='bbox 749 270 824 324; x_wconf 81' lang='grc' dir='ltr'><strong>τήν</strong></span> <span class='ocrx_word' id='word_1_8' title='bbox 850 268 952 325; x_wconf 83' lang='grc' dir='ltr'><em>πρὸς</em></span> <span class='ocrx_word' id='word_1_9' title='bbox 977 270 1153 323; x_wconf 81' lang='grc' dir='ltr'><em>βασιλέα</em></span> <span class='ocrx_word' id='word_1_10' title='bbox 1180 262 1322 324; x_wconf 75' lang='grc' dir='ltr'><em>ἄφιξιν</em></span> <span class='ocrx_word' id='word_1_11' title='bbox 1351 265 1578 323; x_wconf 71' lang='grc' dir='ltr'><em>ἄιάγκαιίκν</em></span> <span class='ocrx_word' id='word_1_12' title='bbox 1607 270 1718 328; x_wconf 72' lang='grc' dir='ltr'><em>αὐτῷ</em></span> 
     </span>
     <span class='ocr_line' id='line_1_3' title="bbox 290 326 1718 391; baseline -0.001 -13"><span class='ocrx_word' id='word_1_13' title='bbox 290 326 582 391; x_wconf 83' lang='grc' dir='ltr'><em>νομιζομένην,</em></span> <span class='ocrx_word' id='word_1_14' title='bbox 609 333 715 389; x_wconf 79' lang='grc' dir='ltr'><em>ἔγνω</em></span> <span class='ocrx_word' id='word_1_15' title='bbox 745 335 832 376; x_wconf 86' lang='grc' dir='ltr'><em>δεῖν</em></span> <span class='ocrx_word' id='word_1_16' title='bbox 862 338 1086 390; x_wconf 80' lang='grc' dir='ltr'><em>πρεσβείαν</em></span> <span class='ocrx_word' id='word_1_17' title='bbox 1114 338 1328 377; x_wconf 73' lang='grc' dir='ltr'><em>ποιεῖσθαι</em></span> <span class='ocrx_word' id='word_1_18' title='bbox 1354 335 1457 391; x_wconf 85' lang='grc' dir='ltr'><em>πρὸς</em></span> <span class='ocrx_word' id='word_1_19' title='bbox 1473 333 1718 391; x_wconf 77' lang='grc' dir='ltr'><em>Σαρχοῖνην,</em></span> 
     </span>
     <span class='ocr_line' id='line_1_4' title="bbox 291 395 1718 457; baseline -0.001 -13"><span class='ocrx_word' id='word_1_20' title='bbox 291 405 364 444; x_wconf 83' lang='grc' dir='ltr'><em>καί</em></span> <span class='ocrx_word' id='word_1_21' title='bbox 395 405 664 457; x_wconf 81' lang='grc' dir='ltr'><em>παραχωρεῖν</em></span> <span class='ocrx_word' id='word_1_22' title='bbox 692 400 807 456; x_wconf 70' lang='grc' dir='ltr'><em>αὐτῷ</em></span> <span class='ocrx_word' id='word_1_23' title='bbox 829 403 901 454; x_wconf 82' lang='grc' dir='ltr'><em>τῆς</em></span> <span class='ocrx_word' id='word_1_24' title='bbox 927 398 1074 456; x_wconf 85' lang='grc' dir='ltr'><em>χώρας</em></span> <span class='ocrx_word' id='word_1_25' title='bbox 1100 400 1206 455; x_wconf 75' lang='grc' dir='ltr'><em>ὑπὲρ</em></span> <span class='ocrx_word' id='word_1_26' title='bbox 1239 395 1287 455; x_wconf 81' lang='grc' dir='ltr'><em>ἧς</em></span> <span class='ocrx_word' id='word_1_27' title='bbox 1315 396 1366 456; x_wconf 75' lang='grc' dir='ltr'><strong>ἦν</strong></span> <span class='ocrx_word' id='word_1_28' title='bbox 1399 402 1541 450; x_wconf 69' lang='grc' dir='ltr'><em>αὐτοῖς</em></span> <span class='ocrx_word' id='word_1_29' title='bbox 1568 401 1594 457; x_wconf 85' lang='grc' dir='ltr'><em>ἧ</em></span> <span class='ocrx_word' id='word_1_30' title='bbox 1625 403 1718 444; x_wconf 88' lang='grc' dir='ltr'><em>δια-</em></span> 
     </span>
     <span class='ocr_line' id='line_1_5' title="bbox 294 463 1719 526; baseline 0 -17"><span class='ocrx_word' id='word_1_31' title='bbox 294 465 405 526; x_wconf 78' lang='grc' dir='ltr'><em>φορὰ</em></span> <span class='ocrx_word' id='word_1_32' title='bbox 416 501 428 520; x_wconf 84' lang='grc'><em>,</em></span> <span class='ocrx_word' id='word_1_33' title='bbox 471 469 510 509; x_wconf 83' lang='grc' dir='ltr'><strong>εἰ</strong></span> <span class='ocrx_word' id='word_1_34' title='bbox 544 465 672 518; x_wconf 88' lang='grc' dir='ltr'><em>μόνον</em></span> <span class='ocrx_word' id='word_1_35' title='bbox 700 463 804 520; x_wconf 83' lang='grc' dir='ltr'><em>πρὸς</em></span> <span class='ocrx_word' id='word_1_36' title='bbox 824 463 1121 520; x_wconf 81' lang='grc' dir='ltr'><em>Ἑλλήσποντον</em></span> <span class='ocrx_word' id='word_1_37' title='bbox 1150 467 1285 508; x_wconf 83' lang='grc' dir='ltr'><em>δίοδον</em></span> <span class='ocrx_word' id='word_1_38' title='bbox 1317 468 1554 522; x_wconf 82' lang='grc' dir='ltr'><strong><em>παρέχοιτο.</em></strong></span> <span class='ocrx_word' id='word_1_39' title='bbox 1607 470 1719 523; x_wconf 78' lang='grc' dir='ltr'><em>Σαρ-</em></span> 
     </span>
     <span class='ocr_line' id='line_1_6' title="bbox 290 526 1743 588; baseline 0 -13"><span class='ocrx_word' id='word_1_40' title='bbox 290 532 423 588; x_wconf 81' lang='grc' dir='ltr'><em>χοίνης</em></span> <span class='ocrx_word' id='word_1_41' title='bbox 451 533 497 574; x_wconf 79' lang='grc' dir='ltr'><strong>δὲ</strong></span> <span class='ocrx_word' id='word_1_42' title='bbox 525 526 702 584; x_wconf 69' lang='grc' dir='ltr'><em>ἄσμενός</em></span> <span class='ocrx_word' id='word_1_43' title='bbox 727 545 773 572; x_wconf 92' lang='grc' dir='ltr'><strong>τε</strong></span> <span class='ocrx_word' id='word_1_44' title='bbox 800 530 963 584; x_wconf 84' lang='grc' dir='ltr'><em>ἐδέχετο</em></span> <span class='ocrx_word' id='word_1_45' title='bbox 993 529 1068 584; x_wconf 76' lang='grc' dir='ltr'><strong>τήν</strong></span> <span class='ocrx_word' id='word_1_46' title='bbox 1102 532 1340 586; x_wconf 77' lang='grc' dir='ltr'><em>πρεσβείαν,</em></span> <span class='ocrx_word' id='word_1_47' title='bbox 1369 532 1441 573; x_wconf 77' lang='grc' dir='ltr'><strong>καὶ</strong></span> <span class='ocrx_word' id='word_1_48' title='bbox 1467 530 1541 587; x_wconf 81' lang='grc' dir='ltr'><strong>τήν</strong></span> <span class='ocrx_word' id='word_1_49' title='bbox 1569 530 1743 587; x_wconf 71' lang='grc' dir='ltr'><em>χώρανὸ</em></span> 
     </span>
     <span class='ocr_line' id='line_1_7' title="bbox 294 591 1718 653; baseline 0 -13"><span class='ocrx_word' id='word_1_50' title='bbox 294 598 429 653; x_wconf 77' lang='grc' dir='ltr'><em>ἔχων,</em></span> <span class='ocrx_word' id='word_1_51' title='bbox 473 597 594 652; x_wconf 80' lang='grc' dir='ltr'><strong><em>φίλος</em></strong></span> <span class='ocrx_word' id='word_1_52' title='bbox 635 611 678 638; x_wconf 86' lang='grc' dir='ltr'><strong>τε</strong></span> <span class='ocrx_word' id='word_1_53' title='bbox 706 591 757 650; x_wconf 76' lang='grc' dir='ltr'><strong>ἧν</strong></span> <span class='ocrx_word' id='word_1_54' title='bbox 788 594 972 649; x_wconf 78' lang='grc' dir='ltr'><strong>Ἁμοὺρ,</strong></span> <span class='ocrx_word' id='word_1_55' title='bbox 1015 597 1086 637; x_wconf 87' lang='grc' dir='ltr'>καί</span> <span class='ocrx_word' id='word_1_56' title='bbox 1121 594 1196 650; x_wconf 79' lang='grc' dir='ltr'><strong>τήν</strong></span> <span class='ocrx_word' id='word_1_57' title='bbox 1235 597 1375 638; x_wconf 86' lang='grc' dir='ltr'><em>δίοδον</em></span> <span class='ocrx_word' id='word_1_58' title='bbox 1411 597 1544 646; x_wconf 80' lang='grc' dir='ltr'><em>ἇδεῶς</em></span> <span class='ocrx_word' id='word_1_59' title='bbox 1574 601 1718 652; x_wconf 88' lang='grc' dir='ltr'><em>παρεί-</em></span> 
     </span>
     <span class='ocr_line' id='line_1_8' title="bbox 292 651 1721 721; baseline -0.001 -15"><span class='ocrx_word' id='word_1_60' title='bbox 292 651 434 719; x_wconf 79' lang='grc' dir='ltr'><strong>χετο,1</strong></span> <span class='ocrx_word' id='word_1_61' title='bbox 461 661 551 715; x_wconf 75' lang='grc' dir='ltr'><strong>ἅμα</strong></span> <span class='ocrx_word' id='word_1_62' title='bbox 594 664 640 704; x_wconf 79' lang='grc' dir='ltr'><strong>δὲ</strong></span> <span class='ocrx_word' id='word_1_63' title='bbox 682 662 755 703; x_wconf 83' lang='grc' dir='ltr'>καί</span> <span class='ocrx_word' id='word_1_64' title='bbox 789 662 863 703; x_wconf 86' lang='grc' dir='ltr'><strong>τὸν</strong></span> <span class='ocrx_word' id='word_1_65' title='bbox 901 660 993 703; x_wconf 82' lang='grc' dir='ltr'><em>υἱὸν</em></span> <span class='ocrx_word' id='word_1_66' title='bbox 1034 661 1436 717; x_wconf 83' lang='grc' dir='ltr'><em>συστρατευσόμενον</em></span> <span class='ocrx_word' id='word_1_67' title='bbox 1468 663 1582 720; x_wconf 72' lang='grc' dir='ltr'><em>αὐτῷ</em></span> <span class='ocrx_word' id='word_1_68' title='bbox 1602 662 1721 721; x_wconf 63' lang='grc' dir='ltr'><em>’πρὸς</em></span> 
     </span>
     <span class='ocr_line' id='line_1_9' title="bbox 293 725 1722 782; baseline 0.001 -12"><span class='ocrx_word' id='word_1_69' title='bbox 293 731 467 782; x_wconf 85' lang='grc' dir='ltr'><strong><em>βασιλέα</em></strong></span> <span class='ocrx_word' id='word_1_70' title='bbox 511 725 615 780; x_wconf 74' lang='grc' dir='ltr'><em>μετὰ</em></span> <span class='ocrx_word' id='word_1_71' title='bbox 659 728 869 782; x_wconf 82' lang='grc' dir='ltr'><em>στρατιᾶς.</em></span> <span class='ocrx_word' id='word_1_72' title='bbox 935 729 1008 768; x_wconf 82' lang='grc' dir='ltr'><em>καί</em></span> <span class='ocrx_word' id='word_1_73' title='bbox 1051 726 1155 782; x_wconf 84' lang='grc' dir='ltr'><em>πρὸς</em></span> <span class='ocrx_word' id='word_1_74' title='bbox 1192 726 1480 782; x_wconf 83' lang='grc' dir='ltr'><em>Ἑλλήσποντον</em></span> <span class='ocrx_word' id='word_1_75' title='bbox 1516 729 1722 782; x_wconf 71' lang='grc' dir='ltr'><em>ἐλθόντες,</em></span> 
     </span>
    </p>

    <p class='ocr_par' dir='ltr' id='par_1_3' title="bbox 180 790 1787 2505">
     <span class='ocr_line' id='line_1_10' title="bbox 253 790 1718 850; baseline 0.001 -14"><span class='ocrx_word' id='word_1_76' title='bbox 253 795 566 850; x_wconf 78' lang='grc' dir='ltr'><em>Βέπεραιοῧντο</em></span> <span class='ocrx_word' id='word_1_77' title='bbox 605 790 710 847; x_wconf 82' lang='grc' dir='ltr'><em>πρὸς</em></span> <span class='ocrx_word' id='word_1_78' title='bbox 753 790 827 846; x_wconf 80' lang='grc' dir='ltr'><strong>τήν</strong></span> <span class='ocrx_word' id='word_1_79' title='bbox 873 792 1040 849; x_wconf 72' lang='grc' dir='ltr'><em>Θρᾴκην</em></span> <span class='ocrx_word' id='word_1_80' title='bbox 1067 791 1217 841; x_wconf 83' lang='grc' dir='ltr'><em>ἱππέας</em></span> <span class='ocrx_word' id='word_1_81' title='bbox 1244 791 1491 848; x_wconf 70' lang='grc' dir='ltr'><em>δισμυρίους</em></span> <span class='ocrx_word' id='word_1_82' title='bbox 1532 792 1718 850; x_wconf 65' lang='grc' dir='ltr'><em>ἔχοντες·</em></span> 
     </span>
     <span class='ocr_line' id='line_1_11' title="bbox 297 854 1776 916; baseline 0.001 -15"><span class='ocrx_word' id='word_1_83' title='bbox 297 861 448 902; x_wconf 76' lang='grc' dir='ltr'><em>αὐτίκα</em></span> <span class='ocrx_word' id='word_1_84' title='bbox 476 875 520 901; x_wconf 88' lang='grc' dir='ltr'><strong>τε</strong></span> <span class='ocrx_word' id='word_1_85' title='bbox 549 860 607 907; x_wconf 84' lang='grc' dir='ltr'><strong>εἷς</strong></span> <span class='ocrx_word' id='word_1_86' title='bbox 626 855 927 912; x_wconf 82' lang='grc' dir='ltr'><em>Διδυμότειχον</em></span> <span class='ocrx_word' id='word_1_87' title='bbox 955 854 1149 914; x_wconf 77' lang='grc' dir='ltr'><em>ἀφίκοντο</em></span> <span class='ocrx_word' id='word_1_88' title='bbox 1176 856 1280 913; x_wconf 79' lang='grc' dir='ltr'><em>πρὸς</em></span> <span class='ocrx_word' id='word_1_89' title='bbox 1306 859 1497 913; x_wconf 80' lang='grc' dir='ltr'><strong>βασιλέα,</strong></span> <span class='ocrx_word' id='word_1_90' title='bbox 1526 863 1776 916; x_wconf 80' lang='grc' dir='ltr'><em>φέροντεςῐο</em></span> 
     </span>
     <span class='ocr_line' id='line_1_12' title="bbox 298 921 1721 980; baseline 0.001 -14"><span class='ocrx_word' id='word_1_91' title='bbox 298 925 371 967; x_wconf 77' lang='grc' dir='ltr'><strong>καὶ</strong></span> <span class='ocrx_word' id='word_1_92' title='bbox 406 927 536 980; x_wconf 76' lang='grc' dir='ltr'><em>δῶρα.</em></span> <span class='ocrx_word' id='word_1_93' title='bbox 587 921 749 978; x_wconf 79' lang='grc' dir='ltr'><strong>Ἀμοὺρ</strong></span> <span class='ocrx_word' id='word_1_94' title='bbox 798 924 845 964; x_wconf 81' lang='grc' dir='ltr'><strong>δὲ</strong></span> <span class='ocrx_word' id='word_1_95' title='bbox 891 924 1021 965; x_wconf 82' lang='grc' dir='ltr'><em>ἐδεῖτο</em></span> <span class='ocrx_word' id='word_1_96' title='bbox 1048 925 1253 976; x_wconf 85' lang='grc' dir='ltr'><em>βασιλέως</em></span> <span class='ocrx_word' id='word_1_97' title='bbox 1296 923 1354 979; x_wconf 79' lang='grc' dir='ltr'><em>μή</em></span> <span class='ocrx_word' id='word_1_98' title='bbox 1383 926 1577 979; x_wconf 86' lang='grc' dir='ltr'><em>μέλλειν,</em></span> <span class='ocrx_word' id='word_1_99' title='bbox 1617 925 1721 968; x_wconf 82' lang='grc' dir='ltr'><em>α’λλὰ</em></span> 
     </span>
     <span class='ocr_line' id='line_1_13' title="bbox 293 986 1726 1047; baseline 0 -14"><span class='ocrx_word' id='word_1_100' title='bbox 293 996 448 1047; x_wconf 78' lang='grc' dir='ltr'><em>χωρεῖν</em></span> <span class='ocrx_word' id='word_1_101' title='bbox 475 988 580 1035; x_wconf 77' lang='grc' dir='ltr'><em>κατοὶ</em></span> <span class='ocrx_word' id='word_1_102' title='bbox 609 990 683 1032; x_wconf 74' lang='grc' dir='ltr'><strong>τοῦ</strong></span> <span class='ocrx_word' id='word_1_103' title='bbox 709 989 987 1042; x_wconf 84' lang='grc' dir='ltr'><em>Μομιτζίλου,</em></span> <span class='ocrx_word' id='word_1_104' title='bbox 1041 987 1182 1043; x_wconf 78' lang='grc' dir='ltr'><em>ἐμήνιε</em></span> <span class='ocrx_word' id='word_1_105' title='bbox 1206 986 1285 1044; x_wconf 73' lang='grc' dir='ltr'><strong>γάρ</strong></span> <span class='ocrx_word' id='word_1_106' title='bbox 1316 989 1336 1031; x_wconf 88' lang='grc' dir='ltr'><em>ὃ</em></span> <span class='ocrx_word' id='word_1_107' title='bbox 1366 988 1580 1046; x_wconf 82' lang='grc' dir='ltr'><em>βάρβαρος</em></span> <span class='ocrx_word' id='word_1_108' title='bbox 1608 993 1650 1040; x_wconf 83' lang='grc' dir='ltr'><em>ἐς</em></span> <span class='ocrx_word' id='word_1_109' title='bbox 1674 990 1726 1034; x_wconf 80' lang='grc' dir='ltr'><strong>τοὶ</strong></span> 
     </span>
     <span class='ocr_line' id='line_1_14' title="bbox 295 1052 1727 1112; baseline 0.001 -14"><span class='ocrx_word' id='word_1_110' title='bbox 295 1057 481 1110; x_wconf 85' lang='grc' dir='ltr'><em>μάλιστα</em></span> <span class='ocrx_word' id='word_1_111' title='bbox 525 1056 663 1112; x_wconf 75' lang='grc' dir='ltr'><em>ἐκείνῳ</em></span> <span class='ocrx_word' id='word_1_112' title='bbox 710 1056 793 1096; x_wconf 75' lang='grc' dir='ltr'><strong>τῶν</strong></span> <span class='ocrx_word' id='word_1_113' title='bbox 838 1052 945 1096; x_wconf 79' lang='grc' dir='ltr'><em>κατὰ</em></span> <span class='ocrx_word' id='word_1_114' title='bbox 985 1057 1190 1107; x_wconf 86' lang='grc' dir='ltr'><em>βασιλέως</em></span> <span class='ocrx_word' id='word_1_115' title='bbox 1236 1053 1355 1097; x_wconf 76' lang='grc' dir='ltr'><em>ἕνεκα</em></span> <span class='ocrx_word' id='word_1_116' title='bbox 1400 1059 1727 1111; x_wconf 83' lang='grc' dir='ltr'><em>τετολμημένων.</em></span> 
     </span>
     <span class='ocr_line' id='line_1_15' title="bbox 298 1114 1727 1176; baseline 0 -11"><span class='ocrx_word' id='word_1_117' title='bbox 298 1121 389 1165; x_wconf 76' lang='grc' dir='ltr'><em>ἐπεὶ</em></span> <span class='ocrx_word' id='word_1_118' title='bbox 415 1124 461 1163; x_wconf 80' lang='grc' dir='ltr'><strong>δὲ</strong></span> <span class='ocrx_word' id='word_1_119' title='bbox 490 1118 784 1176; x_wconf 74' lang='grc' dir='ltr'><em>ἀπαράσκευος</em></span> <span class='ocrx_word' id='word_1_120' title='bbox 816 1114 868 1175; x_wconf 78' lang='grc' dir='ltr'><strong>ἦν</strong></span> <span class='ocrx_word' id='word_1_121' title='bbox 898 1119 1166 1175; x_wconf 85' lang='grc' dir='ltr'><em>ἧῬωμαίων</em></span> <span class='ocrx_word' id='word_1_122' title='bbox 1193 1119 1388 1176; x_wconf 77' lang='grc' dir='ltr'><em>στρατιὰ,</em></span> <span class='ocrx_word' id='word_1_123' title='bbox 1417 1121 1520 1164; x_wconf 80' lang='grc' dir='ltr'><em>κατὰ</em></span> <span class='ocrx_word' id='word_1_124' title='bbox 1550 1122 1727 1172; x_wconf 78' lang='grc' dir='ltr'><em>Μυσίας</em></span> 
     </span>
     <span class='ocr_line' id='line_1_16' title="bbox 299 1184 1780 1244; baseline 0.001 -15"><span class='ocrx_word' id='word_1_125' title='bbox 299 1187 345 1229; x_wconf 83' lang='grc' dir='ltr'><strong>τὸ</strong></span> <span class='ocrx_word' id='word_1_126' title='bbox 387 1185 639 1241; x_wconf 81' lang='grc' dir='ltr'><em>βαρβαρικὸν</em></span> <span class='ocrx_word' id='word_1_127' title='bbox 681 1184 855 1240; x_wconf 81' lang='grc' dir='ltr'><em>ἐχώρει,</em></span> <span class='ocrx_word' id='word_1_128' title='bbox 885 1184 1103 1239; x_wconf 80' lang='grc' dir='ltr'><em>ἐπανήξειν</em></span> <span class='ocrx_word' id='word_1_129' title='bbox 1142 1185 1324 1239; x_wconf 82' lang='grc' dir='ltr'><em>τάχιστα</em></span> <span class='ocrx_word' id='word_1_130' title='bbox 1356 1185 1539 1237; x_wconf 83' lang='grc' dir='ltr'><em>εἰπόντες</em></span> <span class='ocrx_word' id='word_1_131' title='bbox 1551 1222 1564 1242; x_wconf 91' lang='grc'><em>,</em></span> <span class='ocrx_word' id='word_1_132' title='bbox 1601 1184 1780 1244; x_wconf 73' lang='grc' dir='ltr'><em>ἅχριςιό</em></span> 
     </span>
     <span class='ocr_line' id='line_1_17' title="bbox 300 1247 1729 1310; baseline 0.001 -16"><span class='ocrx_word' id='word_1_133' title='bbox 300 1247 352 1294; x_wconf 70' lang='grc' dir='ltr'><strong>οὗ</strong></span> <span class='ocrx_word' id='word_1_134' title='bbox 392 1250 753 1307; x_wconf 80' lang='grc' dir='ltr'><em>παρασκευάσοιτο</em></span> <span class='ocrx_word' id='word_1_135' title='bbox 779 1251 805 1306; x_wconf 81' lang='grc' dir='ltr'><strong><em>ἡ</em></strong></span> <span class='ocrx_word' id='word_1_136' title='bbox 835 1250 1028 1306; x_wconf 81' lang='grc' dir='ltr'><em>στρατιά·</em></span> <span class='ocrx_word' id='word_1_137' title='bbox 1069 1253 1274 1304; x_wconf 90' lang='grc' dir='ltr'><em>βασιλέως</em></span> <span class='ocrx_word' id='word_1_138' title='bbox 1301 1253 1348 1293; x_wconf 85' lang='grc' dir='ltr'><strong>δὲ</strong></span> <span class='ocrx_word' id='word_1_139' title='bbox 1378 1251 1548 1295; x_wconf 78' lang='grc' dir='ltr'><em>κωλύειν</em></span> <span class='ocrx_word' id='word_1_140' title='bbox 1576 1270 1729 1310; x_wconf 84' lang='grc' dir='ltr'><em>πειρω-</em></span> 
     </span>
     <span class='ocr_line' id='line_1_18' title="bbox 301 1314 1731 1374; baseline 0.001 -15"><span class='ocrx_word' id='word_1_141' title='bbox 301 1319 428 1371; x_wconf 85' lang='grc' dir='ltr'><em>μένου</em></span> <span class='ocrx_word' id='word_1_142' title='bbox 476 1319 550 1357; x_wconf 79' lang='grc' dir='ltr'><em>καί</em></span> <span class='ocrx_word' id='word_1_143' title='bbox 595 1314 822 1371; x_wconf 82' lang='grc' dir='ltr'><em>φάσκοντος</em></span> <span class='ocrx_word' id='word_1_144' title='bbox 864 1314 1045 1365; x_wconf 71' lang='grc' dir='ltr'><em>σπονδάς</em></span> <span class='ocrx_word' id='word_1_145' title='bbox 1090 1318 1163 1358; x_wconf 82' lang='grc' dir='ltr'><strong><em>καί</em></strong></span> <span class='ocrx_word' id='word_1_146' title='bbox 1187 1319 1432 1369; x_wconf 77' lang='grc' dir='ltr'><em>συμμαχίαν</em></span> <span class='ocrx_word' id='word_1_147' title='bbox 1474 1316 1586 1371; x_wconf 79' lang='grc' dir='ltr'><em>ἔχειν</em></span> <span class='ocrx_word' id='word_1_148' title='bbox 1627 1318 1731 1374; x_wconf 84' lang='grc' dir='ltr'><em>πρὸς</em></span> 
     </span>
     <span class='ocr_line' id='line_1_19' title="bbox 301 1377 1732 1436; baseline 0.003 -13"><span class='ocrx_word' id='word_1_149' title='bbox 301 1383 585 1436; x_wconf 79' lang='grc' dir='ltr'><em>Ἀλέξανδρον,</em></span> <span class='ocrx_word' id='word_1_150' title='bbox 642 1377 718 1421; x_wconf 81' lang='grc' dir='ltr'><strong>οὖκ</strong></span> <span class='ocrx_word' id='word_1_151' title='bbox 745 1382 986 1433; x_wconf 75' lang='grc' dir='ltr'><em>ἐπείθοντο,</em></span> <span class='ocrx_word' id='word_1_152' title='bbox 1030 1382 1219 1432; x_wconf 88' lang='grc' dir='ltr'><em>πολέμιοι</em></span> <span class='ocrx_word' id='word_1_153' title='bbox 1249 1380 1370 1422; x_wconf 76' lang='grc' dir='ltr'><em>αὐτοὶ</em></span> <span class='ocrx_word' id='word_1_154' title='bbox 1401 1385 1572 1432; x_wconf 80' lang='grc' dir='ltr'><em>Μυσοῖς</em></span> <span class='ocrx_word' id='word_1_155' title='bbox 1597 1384 1732 1427; x_wconf 83' lang='grc' dir='ltr'><em>εἶπόν-</em></span> 
     </span>
     <span class='ocr_line' id='line_1_20' title="bbox 301 1443 1731 1505; baseline 0.001 -15"><span class='ocrx_word' id='word_1_156' title='bbox 301 1463 367 1496; x_wconf 88' lang='grc' dir='ltr'><strong>τες</strong></span> <span class='ocrx_word' id='word_1_157' title='bbox 404 1444 524 1489; x_wconf 83' lang='grc' dir='ltr'><em>εἶναι.</em></span> <span class='ocrx_word' id='word_1_158' title='bbox 578 1448 650 1487; x_wconf 85' lang='grc' dir='ltr'><em>καί</em></span> <span class='ocrx_word' id='word_1_159' title='bbox 691 1443 1048 1499; x_wconf 87' lang='grc' dir='ltr'><em>καταδραμόντες,</em></span> <span class='ocrx_word' id='word_1_160' title='bbox 1092 1443 1366 1500; x_wconf 70' lang='grc' dir='ltr'><em>ἀνδραπόδων</em></span> <span class='ocrx_word' id='word_1_161' title='bbox 1403 1456 1447 1489; x_wconf 75' lang='grc' dir='ltr'><strong>τε</strong></span> <span class='ocrx_word' id='word_1_162' title='bbox 1477 1447 1550 1489; x_wconf 80' lang='grc' dir='ltr'>καί</span> <span class='ocrx_word' id='word_1_163' title='bbox 1581 1452 1731 1505; x_wconf 85' lang='grc' dir='ltr'><em>βοσκη-</em></span> 
     </span>
     <span class='ocr_line' id='line_1_21' title="bbox 302 1508 1785 1565; baseline 0.002 -11"><span class='ocrx_word' id='word_1_164' title='bbox 302 1513 443 1565; x_wconf 84' lang='grc' dir='ltr'><em>μάτων</em></span> <span class='ocrx_word' id='word_1_165' title='bbox 483 1512 682 1564; x_wconf 59' lang='grc' dir='ltr'><em>ἐπανῆιιον</em></span> <span class='ocrx_word' id='word_1_166' title='bbox 717 1512 833 1552; x_wconf 88' lang='grc' dir='ltr'><em>λείαν</em></span> <span class='ocrx_word' id='word_1_167' title='bbox 867 1508 1031 1563; x_wconf 74' lang='grc' dir='ltr'><em>ἔχοντες</em></span> <span class='ocrx_word' id='word_1_168' title='bbox 1057 1511 1223 1565; x_wconf 88' lang='grc' dir='ltr'><em>πολλήν.</em></span> <span class='ocrx_word' id='word_1_169' title='bbox 1277 1511 1384 1565; x_wconf 75' lang='grc' dir='ltr'><em>μετὰ</em></span> <span class='ocrx_word' id='word_1_170' title='bbox 1430 1514 1476 1555; x_wconf 81' lang='grc' dir='ltr'><strong>δὲ</strong></span> <span class='ocrx_word' id='word_1_171' title='bbox 1508 1515 1627 1555; x_wconf 75' lang='grc' dir='ltr'><em>τοῦτο</em></span> <span class='ocrx_word' id='word_1_172' title='bbox 1661 1513 1785 1558; x_wconf 68' lang='grc' dir='ltr'><em>καίαο</em></span> 
     </span>
     <span class='ocr_line' id='line_1_22' title="bbox 304 1575 1731 1631; baseline 0.002 -13"><span class='ocrx_word' id='word_1_173' title='bbox 304 1579 378 1631; x_wconf 83' lang='grc' dir='ltr'><em>τῆς</em></span> <span class='ocrx_word' id='word_1_174' title='bbox 400 1577 616 1628; x_wconf 88' lang='grc' dir='ltr'><em>Ῥωμαίων</em></span> <span class='ocrx_word' id='word_1_175' title='bbox 643 1576 1030 1631; x_wconf 85' lang='grc' dir='ltr'><em>παρεσκευασμένης</em></span> <span class='ocrx_word' id='word_1_176' title='bbox 1051 1578 1256 1630; x_wconf 78' lang='grc' dir='ltr'><em>στρατιᾶς,</em></span> <span class='ocrx_word' id='word_1_177' title='bbox 1287 1575 1475 1631; x_wconf 81' lang='grc' dir='ltr'><em>ἐχώρουν</em></span> <span class='ocrx_word' id='word_1_178' title='bbox 1503 1577 1606 1621; x_wconf 78' lang='grc' dir='ltr'><em>κατὰ</em></span> <span class='ocrx_word' id='word_1_179' title='bbox 1632 1583 1731 1621; x_wconf 90' lang='grc' dir='ltr'><strong>Μο-</strong></span> 
     </span>
     <span class='ocr_line' id='line_1_23' title="bbox 180 1636 1733 1697; baseline 0.003 -16"><span class='ocrx_word' id='word_1_180' title='bbox 180 1648 214 1681; x_wconf 90' lang='grc' dir='ltr'><strong>Ρ.</strong></span> <span class='ocrx_word' id='word_1_181' title='bbox 228 1643 512 1695; x_wconf 84' lang='grc' dir='ltr'><em>65ομιτζίλου.</em></span> <span class='ocrx_word' id='word_1_182' title='bbox 579 1642 731 1689; x_wconf 79' lang='grc' dir='ltr'><em>ἐκεῖνος</em></span> <span class='ocrx_word' id='word_1_183' title='bbox 762 1642 808 1682; x_wconf 83' lang='grc' dir='ltr'><strong>δὲ</strong></span> <span class='ocrx_word' id='word_1_184' title='bbox 840 1636 920 1695; x_wconf 73' lang='grc' dir='ltr'><strong>ἤδη</strong></span> <span class='ocrx_word' id='word_1_185' title='bbox 955 1641 1133 1695; x_wconf 86' lang='grc' dir='ltr'><em>δύναμιν</em></span> <span class='ocrx_word' id='word_1_186' title='bbox 1159 1640 1341 1697; x_wconf 81' lang='grc' dir='ltr'><em>μεγάλην</em></span> <span class='ocrx_word' id='word_1_187' title='bbox 1366 1642 1476 1697; x_wconf 78' lang='grc' dir='ltr'><em>ἔχων</em></span> <span class='ocrx_word' id='word_1_188' title='bbox 1511 1644 1584 1686; x_wconf 77' lang='grc' dir='ltr'><strong>καὶ</strong></span> <span class='ocrx_word' id='word_1_189' title='bbox 1619 1645 1733 1687; x_wconf 83' lang='grc' dir='ltr'><em>ἰδίαν</em></span> 
     </span>
     <span class='ocr_line' id='line_1_24' title="bbox 305 1702 1733 1763; baseline 0.004 -16"><span class='ocrx_word' id='word_1_190' title='bbox 305 1705 527 1762; x_wconf 72' lang='grc' dir='ltr'><em>ἡγεμονίαν</em></span> <span class='ocrx_word' id='word_1_191' title='bbox 572 1702 706 1763; x_wconf 70' lang='grc' dir='ltr'><em>ἐαυτῷ</em></span> <span class='ocrx_word' id='word_1_192' title='bbox 746 1706 1083 1762; x_wconf 77' lang='grc' dir='ltr'><em>περιποιούμενος</em></span> <span class='ocrx_word' id='word_1_193' title='bbox 1098 1725 1115 1761; x_wconf 89' lang='grc'><strong>·,</strong></span> <span class='ocrx_word' id='word_1_194' title='bbox 1141 1705 1353 1754; x_wconf 75' lang='grc' dir='ltr'><em>Ξάνθειάν</em></span> <span class='ocrx_word' id='word_1_195' title='bbox 1380 1724 1424 1749; x_wconf 83' lang='grc' dir='ltr'><strong>τε</strong></span> <span class='ocrx_word' id='word_1_196' title='bbox 1454 1705 1562 1752; x_wconf 85' lang='grc' dir='ltr'><em>εἶλεν</em></span> <span class='ocrx_word' id='word_1_197' title='bbox 1590 1710 1733 1752; x_wconf 70' lang='grc' dir='ltr'><em>ἐπιθέ-</em></span> 
     </span>
     <span class='ocr_line' id='line_1_25' title="bbox 306 1768 1737 1828; baseline 0.003 -15"><span class='ocrx_word' id='word_1_198' title='bbox 306 1787 451 1825; x_wconf 85' lang='grc' dir='ltr'><em>μενος,</em></span> <span class='ocrx_word' id='word_1_199' title='bbox 479 1773 551 1811; x_wconf 81' lang='grc' dir='ltr'>καί</span> <span class='ocrx_word' id='word_1_200' title='bbox 577 1773 660 1812; x_wconf 73' lang='grc' dir='ltr'><strong>τῶν</strong></span> <span class='ocrx_word' id='word_1_201' title='bbox 687 1770 792 1813; x_wconf 76' lang='grc' dir='ltr'><em>κατὰ</em></span> <span class='ocrx_word' id='word_1_202' title='bbox 824 1769 1030 1827; x_wconf 86' lang='grc' dir='ltr'><em>Μερόπην</em></span> <span class='ocrx_word' id='word_1_203' title='bbox 1070 1774 1283 1828; x_wconf 82' lang='grc' dir='ltr'><em>φρουρίων</em></span> <span class='ocrx_word' id='word_1_204' title='bbox 1318 1768 1425 1828; x_wconf 70' lang='grc' dir='ltr'><em>ἦρχε</em></span> <span class='ocrx_word' id='word_1_205' title='bbox 1465 1775 1629 1816; x_wconf 77' lang='grc' dir='ltr'><em>πάντων</em></span> <span class='ocrx_word' id='word_1_206' title='bbox 1663 1775 1737 1818; x_wconf 81' lang='grc' dir='ltr'><strong><em>καί</em></strong></span> 
     </span>
     <span class='ocr_line' id='line_1_26' title="bbox 308 1834 1787 1896; baseline 0.002 -16"><span class='ocrx_word' id='word_1_207' title='bbox 308 1839 435 1893; x_wconf 87' lang='grc' dir='ltr'><em>μέχρι</em></span> <span class='ocrx_word' id='word_1_208' title='bbox 476 1834 664 1892; x_wconf 70' lang='grc' dir='ltr'><em>Μόᾷᾄας</em></span> <span class='ocrx_word' id='word_1_209' title='bbox 708 1835 988 1894; x_wconf 76' lang='grc' dir='ltr'><em>προεχώρησε.</em></span> <span class='ocrx_word' id='word_1_210' title='bbox 1056 1837 1292 1892; x_wconf 77' lang='grc' dir='ltr'><em>πυθόμενος</em></span> <span class='ocrx_word' id='word_1_211' title='bbox 1335 1840 1382 1881; x_wconf 85' lang='grc' dir='ltr'><strong>δὲ</strong></span> <span class='ocrx_word' id='word_1_212' title='bbox 1413 1838 1470 1889; x_wconf 77' lang='grc' dir='ltr'><em>ὥς</em></span> <span class='ocrx_word' id='word_1_213' title='bbox 1498 1846 1787 1896; x_wconf 60' lang='lat' dir='ltr'><strong>nemaeum-25</strong></span> 
     </span>
     <span class='ocr_line' id='line_1_27' title="bbox 401 1913 683 1962; baseline 0.004 -13"><span class='ocrx_word' id='word_1_214' title='bbox 401 1928 436 1962; x_wconf 86' lang='lat'><strong>9.</strong></span> <span class='ocrx_word' id='word_1_215' title='bbox 466 1913 533 1958; x_wconf 82' lang='grc' dir='ltr'><strong>τὴν</strong></span> <span class='ocrx_word' id='word_1_216' title='bbox 556 1926 624 1949; x_wconf 87' lang='lat' dir='ltr'><strong>om.</strong></span> <span class='ocrx_word' id='word_1_217' title='bbox 644 1918 683 1950; x_wconf 88' lang='lat' dir='ltr'><strong>P.</strong></span> 
     </span>
     <span class='ocr_line' id='line_1_28' title="bbox 311 1995 1735 2042; baseline 0.004 -14"><span class='ocrx_word' id='word_1_218' title='bbox 311 1995 357 2028; x_wconf 82' lang='lat' dir='ltr'><strong>ad</strong></span> <span class='ocrx_word' id='word_1_219' title='bbox 389 1995 667 2041; x_wconf 78' lang='lat' dir='ltr'><strong>Hellespontum</strong></span> <span class='ocrx_word' id='word_1_220' title='bbox 708 1996 859 2029; x_wconf 82' lang='lat' dir='ltr'><strong>transire</strong></span> <span class='ocrx_word' id='word_1_221' title='bbox 896 2005 934 2029; x_wconf 85' lang='lat' dir='ltr'><strong>se</strong></span> <span class='ocrx_word' id='word_1_222' title='bbox 967 1998 1162 2041; x_wconf 81' lang='lat' dir='ltr'><strong>pateretur.</strong></span> <span class='ocrx_word' id='word_1_223' title='bbox 1210 1997 1404 2031; x_wconf 84' lang='lat' dir='ltr'><strong>Sarchanes</strong></span> <span class='ocrx_word' id='word_1_224' title='bbox 1424 1997 1560 2042; x_wconf 87' lang='lat' dir='ltr'><strong>legatos</strong></span> <span class='ocrx_word' id='word_1_225' title='bbox 1584 2000 1735 2034; x_wconf 80' lang='lat' dir='ltr'><strong>comiter</strong></span> 
     </span>
     <span class='ocr_line' id='line_1_29' title="bbox 311 2042 1734 2087; baseline 0.004 -13"><span class='ocrx_word' id='word_1_226' title='bbox 311 2042 475 2086; x_wconf 83' lang='lat' dir='ltr'><strong>excipit,</strong></span> <span class='ocrx_word' id='word_1_227' title='bbox 515 2043 790 2087; x_wconf 84' lang='lat' dir='ltr'><strong>accessioneque</strong></span> <span class='ocrx_word' id='word_1_228' title='bbox 835 2043 898 2075; x_wconf 88' lang='lat' dir='ltr'><strong>illa</strong></span> <span class='ocrx_word' id='word_1_229' title='bbox 937 2043 1006 2076; x_wconf 87' lang='lat' dir='ltr'><strong>soli</strong></span> <span class='ocrx_word' id='word_1_230' title='bbox 1041 2044 1188 2077; x_wconf 86' lang='lat' dir='ltr'><strong>Amurio</strong></span> <span class='ocrx_word' id='word_1_231' title='bbox 1234 2044 1505 2083; x_wconf 79' lang='lat' dir='ltr'><strong>reconciliatus,</strong></span> <span class='ocrx_word' id='word_1_232' title='bbox 1544 2046 1734 2079; x_wconf 79' lang='lat' dir='ltr'><strong>transitum</strong></span> 
     </span>
     <span class='ocr_line' id='line_1_30' title="bbox 313 2087 1735 2135; baseline 0.004 -15"><span class='ocrx_word' id='word_1_233' title='bbox 313 2089 462 2132; x_wconf 89' lang='lat' dir='ltr'><strong>impune</strong></span> <span class='ocrx_word' id='word_1_234' title='bbox 483 2087 669 2121; x_wconf 85' lang='lat' dir='ltr'><strong>concedit:</strong></span> <span class='ocrx_word' id='word_1_235' title='bbox 695 2088 803 2120; x_wconf 88' lang='lat' dir='ltr'><strong>simul</strong></span> <span class='ocrx_word' id='word_1_236' title='bbox 829 2089 862 2122; x_wconf 89' lang='lat' dir='ltr'><strong>ei</strong></span> <span class='ocrx_word' id='word_1_237' title='bbox 887 2089 999 2122; x_wconf 89' lang='lat' dir='ltr'><strong>filium</strong></span> <span class='ocrx_word' id='word_1_238' title='bbox 1030 2101 1100 2123; x_wconf 89' lang='lat' dir='ltr'><strong>una</strong></span> <span class='ocrx_word' id='word_1_239' title='bbox 1128 2091 1332 2135; x_wconf 85' lang='lat' dir='ltr'><strong>imperatori</strong></span> <span class='ocrx_word' id='word_1_240' title='bbox 1364 2092 1602 2124; x_wconf 89' lang='lat' dir='ltr'><strong>militaturum</strong></span> <span class='ocrx_word' id='word_1_241' title='bbox 1633 2103 1735 2125; x_wconf 87' lang='lat' dir='ltr'><strong>eom-</strong></span> 
     </span>
     <span class='ocr_line' id='line_1_31' title="bbox 313 2134 1735 2181; baseline 0.004 -14"><span class='ocrx_word' id='word_1_242' title='bbox 313 2134 472 2171; x_wconf 83' lang='lat' dir='ltr'><strong>mendat.</strong></span> <span class='ocrx_word' id='word_1_243' title='bbox 527 2135 586 2167; x_wconf 91' lang='lat' dir='ltr'><strong>Sic</strong></span> <span class='ocrx_word' id='word_1_244' title='bbox 619 2145 683 2178; x_wconf 89' lang='lat' dir='ltr'><strong>per</strong></span> <span class='ocrx_word' id='word_1_245' title='bbox 717 2135 991 2178; x_wconf 79' lang='lat' dir='ltr'><strong>Hellespontum</strong></span> <span class='ocrx_word' id='word_1_246' title='bbox 1026 2148 1104 2169; x_wconf 92' lang='lat' dir='ltr'><strong>cum</strong></span> <span class='ocrx_word' id='word_1_247' title='bbox 1135 2137 1268 2169; x_wconf 82' lang='lat' dir='ltr'>vicenis</span> <span class='ocrx_word' id='word_1_248' title='bbox 1304 2137 1464 2181; x_wconf 82' lang='lat' dir='ltr'><strong>equitum</strong></span> <span class='ocrx_word' id='word_1_249' title='bbox 1498 2136 1659 2171; x_wconf 76' lang='lat' dir='ltr'><strong>millibus</strong></span> <span class='ocrx_word' id='word_1_250' title='bbox 1694 2139 1735 2172; x_wconf 85' lang='lat' dir='ltr'><strong>in</strong></span> 
     </span>
     <span class='ocr_line' id='line_1_32' title="bbox 314 2181 1735 2226; baseline 0.002 -13"><span class='ocrx_word' id='word_1_251' title='bbox 314 2181 504 2213; x_wconf 81' lang='lat' dir='ltr'>Thraciam</span> <span class='ocrx_word' id='word_1_252' title='bbox 539 2181 706 2224; x_wconf 87' lang='lat' dir='ltr'><strong>appulsi,</strong></span> <span class='ocrx_word' id='word_1_253' title='bbox 729 2181 1022 2223; x_wconf 85' lang='lat' dir='ltr'><strong>Didymotichum</strong></span> <span class='ocrx_word' id='word_1_254' title='bbox 1048 2182 1093 2215; x_wconf 84' lang='lat' dir='ltr'><strong>ad</strong></span> <span class='ocrx_word' id='word_1_255' title='bbox 1124 2183 1370 2226; x_wconf 81' lang='lat' dir='ltr'><strong>imperatorem</strong></span> <span class='ocrx_word' id='word_1_256' title='bbox 1396 2183 1550 2224; x_wconf 88' lang='lat' dir='ltr'><strong>adeunt,</strong></span> <span class='ocrx_word' id='word_1_257' title='bbox 1574 2184 1608 2217; x_wconf 90' lang='lat' dir='ltr'><strong>ei</strong></span> <span class='ocrx_word' id='word_1_258' title='bbox 1640 2183 1735 2216; x_wconf 82' lang='lat' dir='ltr'><strong>dona</strong></span> 
     </span>
     <span class='ocr_line' id='line_1_33' title="bbox 314 2226 1736 2274; baseline 0.001 -14"><span class='ocrx_word' id='word_1_259' title='bbox 314 2228 492 2260; x_wconf 83' lang='lat' dir='ltr'><strong>offerunt:</strong></span> <span class='ocrx_word' id='word_1_260' title='bbox 520 2238 625 2271; x_wconf 88' lang='lat' dir='ltr'><strong>quem</strong></span> <span class='ocrx_word' id='word_1_261' title='bbox 650 2226 814 2260; x_wconf 76' lang='lat' dir='ltr'><strong>Amurius</strong></span> <span class='ocrx_word' id='word_1_262' title='bbox 836 2233 956 2271; x_wconf 85' lang='lat' dir='ltr'><strong>rogat,</strong></span> <span class='ocrx_word' id='word_1_263' title='bbox 979 2229 1034 2262; x_wconf 78' lang='lat' dir='ltr'><strong>uti</strong></span> <span class='ocrx_word' id='word_1_264' title='bbox 1056 2229 1293 2262; x_wconf 76' lang='lat' dir='ltr'><strong>Momitzilum</strong></span> <span class='ocrx_word' id='word_1_265' title='bbox 1318 2230 1407 2263; x_wconf 87' lang='lat' dir='ltr'><strong>citra</strong></span> <span class='ocrx_word' id='word_1_266' title='bbox 1441 2230 1736 2274; x_wconf 85' lang='lat' dir='ltr'><strong>procrastinatio-</strong></span> 
     </span>
     <span class='ocr_line' id='line_1_34' title="bbox 313 2273 1736 2322; baseline 0.004 -18"><span class='ocrx_word' id='word_1_267' title='bbox 313 2283 395 2305; x_wconf 90' lang='lat' dir='ltr'><strong>nem</strong></span> <span class='ocrx_word' id='word_1_268' title='bbox 427 2273 593 2306; x_wconf 80' lang='lat' dir='ltr'><strong>invadat:</strong></span> <span class='ocrx_word' id='word_1_269' title='bbox 618 2273 743 2307; x_wconf 83' lang='lat' dir='ltr'><strong>oderat</strong></span> <span class='ocrx_word' id='word_1_270' title='bbox 771 2274 866 2306; x_wconf 80' lang='lat' dir='ltr'><strong>enim</strong></span> <span class='ocrx_word' id='word_1_271' title='bbox 900 2274 1001 2308; x_wconf 89' lang='lat' dir='ltr'><strong>illurn</strong></span> <span class='ocrx_word' id='word_1_272' title='bbox 1036 2274 1162 2308; x_wconf 86' lang='lat' dir='ltr'><strong>acerbe</strong></span> <span class='ocrx_word' id='word_1_273' title='bbox 1194 2274 1386 2316; x_wconf 86' lang='lat' dir='ltr'><strong>barbarus,</strong></span> <span class='ocrx_word' id='word_1_274' title='bbox 1411 2276 1457 2310; x_wconf 91' lang='lat' dir='ltr'><strong>ob</strong></span> <span class='ocrx_word' id='word_1_275' title='bbox 1481 2287 1547 2317; x_wconf 88' lang='lat' dir='ltr'><strong>ea,</strong></span> <span class='ocrx_word' id='word_1_276' title='bbox 1575 2287 1668 2322; x_wconf 86' lang='lat' dir='ltr'><strong>quae</strong></span> <span class='ocrx_word' id='word_1_277' title='bbox 1696 2278 1736 2310; x_wconf 88' lang='lat' dir='ltr'><strong>in</strong></span> 
     </span>
     <span class='ocr_line' id='line_1_35' title="bbox 314 2318 1732 2365; baseline 0.004 -16"><span class='ocrx_word' id='word_1_278' title='bbox 314 2319 566 2363; x_wconf 78' lang='lat' dir='ltr'><strong>imperatorem</strong></span> <span class='ocrx_word' id='word_1_279' title='bbox 598 2318 834 2353; x_wconf 84' lang='lat' dir='ltr'><strong>audacissime</strong></span> <span class='ocrx_word' id='word_1_280' title='bbox 866 2321 1099 2354; x_wconf 83' lang='lat' dir='ltr'><strong>commiserat.</strong></span> <span class='ocrx_word' id='word_1_281' title='bbox 1166 2320 1261 2365; x_wconf 87' lang='lat' dir='ltr'><strong>Quia</strong></span> <span class='ocrx_word' id='word_1_282' title='bbox 1286 2334 1370 2356; x_wconf 85' lang='lat' dir='ltr'><strong>vero</strong></span> <span class='ocrx_word' id='word_1_283' title='bbox 1396 2323 1572 2356; x_wconf 84' lang='lat' dir='ltr'><strong>Romanus</strong></span> <span class='ocrx_word' id='word_1_284' title='bbox 1599 2323 1732 2356; x_wconf 81' lang='lat' dir='ltr'><strong>exerci-</strong></span> 
     </span>
     <span class='ocr_line' id='line_1_36' title="bbox 314 2364 1737 2415; baseline 0.004 -18"><span class='ocrx_word' id='word_1_285' title='bbox 314 2369 371 2398; x_wconf 78' lang='lat' dir='ltr'><strong>tus</strong></span> <span class='ocrx_word' id='word_1_286' title='bbox 406 2364 568 2398; x_wconf 87' lang='lat' dir='ltr'><strong>nondum</strong></span> <span class='ocrx_word' id='word_1_287' title='bbox 607 2370 750 2409; x_wconf 88' lang='lat' dir='ltr'><strong>paratus</strong></span> <span class='ocrx_word' id='word_1_288' title='bbox 784 2371 889 2406; x_wconf 81' lang='lat' dir='ltr'><strong>erat,</strong></span> <span class='ocrx_word' id='word_1_289' title='bbox 922 2366 1043 2400; x_wconf 85' lang='lat' dir='ltr'><strong>Persae</strong></span> <span class='ocrx_word' id='word_1_290' title='bbox 1075 2367 1114 2400; x_wconf 89' lang='lat' dir='ltr'><strong>in</strong></span> <span class='ocrx_word' id='word_1_291' title='bbox 1137 2367 1306 2401; x_wconf 85' lang='lat' dir='ltr'><strong>Moesiam</strong></span> <span class='ocrx_word' id='word_1_292' title='bbox 1334 2366 1556 2413; x_wconf 80' lang='lat' dir='ltr'><strong>irrumpunt,</strong></span> <span class='ocrx_word' id='word_1_293' title='bbox 1581 2370 1737 2415; x_wconf 74' lang='lat' dir='ltr'><strong>promit-</strong></span> 
     </span>
     <span class='ocr_line' id='line_1_37' title="bbox 315 2413 1736 2458; baseline 0.005 -17"><span class='ocrx_word' id='word_1_294' title='bbox 315 2414 432 2444; x_wconf 83' lang='lat' dir='ltr'><strong>tentes</strong></span> <span class='ocrx_word' id='word_1_295' title='bbox 457 2421 681 2456; x_wconf 80' lang='lat' dir='ltr'><strong>excessums,</strong></span> <span class='ocrx_word' id='word_1_296' title='bbox 707 2413 968 2457; x_wconf 84' lang='lat' dir='ltr'><strong>quamprimum</strong></span> <span class='ocrx_word' id='word_1_297' title='bbox 993 2424 1031 2446; x_wconf 86' lang='lat' dir='ltr'><strong>se</strong></span> <span class='ocrx_word' id='word_1_298' title='bbox 1058 2414 1182 2457; x_wconf 85' lang='lat' dir='ltr'><strong>copiae</strong></span> <span class='ocrx_word' id='word_1_299' title='bbox 1214 2416 1438 2458; x_wconf 85' lang='lat' dir='ltr'><strong>imperatoris</strong></span> <span class='ocrx_word' id='word_1_300' title='bbox 1463 2415 1736 2450; x_wconf 81' lang='lat' dir='ltr'><strong>instruxisseut‘:</strong></span> 
     </span>
     <span class='ocr_line' id='line_1_38' title="bbox 316 2458 1736 2505; baseline 0.004 -17"><span class='ocrx_word' id='word_1_301' title='bbox 316 2467 421 2500; x_wconf 89' lang='lat' dir='ltr'><strong>quem</strong></span> <span class='ocrx_word' id='word_1_302' title='bbox 447 2463 636 2490; x_wconf 87' lang='lat' dir='ltr'><strong>conantem</strong></span> <span class='ocrx_word' id='word_1_303' title='bbox 661 2459 871 2499; x_wconf 86' lang='lat' dir='ltr'><strong>prohibere,</strong></span> <span class='ocrx_word' id='word_1_304' title='bbox 910 2458 1109 2503; x_wconf 84' lang='lat' dir='ltr'><strong>foedusque</strong></span> <span class='ocrx_word' id='word_1_305' title='bbox 1138 2464 1174 2492; x_wconf 88' lang='lat' dir='ltr'><strong>et</strong></span> <span class='ocrx_word' id='word_1_306' title='bbox 1198 2463 1403 2495; x_wconf 79' lang='lat' dir='ltr'><strong>societatem</strong></span> <span class='ocrx_word' id='word_1_307' title='bbox 1428 2473 1507 2495; x_wconf 81' lang='lat' dir='ltr'><strong>cum</strong></span> <span class='ocrx_word' id='word_1_308' title='bbox 1533 2462 1736 2505; x_wconf 61' lang='lat' dir='ltr'><strong>Alexandro</strong></span> 
     </span>
    </p>
   </div>
   <div class='ocr_carea' id='block_1_3' title="bbox 315 2504 1738 2786">
    <p class='ocr_par' dir='ltr' id='par_1_4' title="bbox 315 2504 1738 2786">
     <span class='ocr_line' id='line_1_39' title="bbox 316 2504 1737 2549; baseline 0.006 -16"><span class='ocrx_word' id='word_1_309' title='bbox 316 2510 570 2546; x_wconf 85' lang='lat' dir='ltr'><strong>opponentem,</strong></span> <span class='ocrx_word' id='word_1_310' title='bbox 604 2504 730 2537; x_wconf 86' lang='lat' dir='ltr'><strong>audire</strong></span> <span class='ocrx_word' id='word_1_311' title='bbox 761 2505 975 2546; x_wconf 86' lang='lat' dir='ltr'><strong>noluerunt,</strong></span> <span class='ocrx_word' id='word_1_312' title='bbox 1014 2517 1092 2538; x_wconf 91' lang='lat' dir='ltr'><strong>cum</strong></span> <span class='ocrx_word' id='word_1_313' title='bbox 1130 2506 1317 2549; x_wconf 75' lang='lat' dir='ltr'><strong>(licerent,</strong></span> <span class='ocrx_word' id='word_1_314' title='bbox 1350 2520 1387 2542; x_wconf 87' lang='lat' dir='ltr'><strong>se</strong></span> <span class='ocrx_word' id='word_1_315' title='bbox 1421 2509 1622 2543; x_wconf 82' lang='lat' dir='ltr'><strong>Moesorum</strong></span> <span class='ocrx_word' id='word_1_316' title='bbox 1659 2519 1737 2542; x_wconf 80' lang='lat' dir='ltr'><strong>esse</strong></span> 
     </span>
     <span class='ocr_line' id='line_1_40' title="bbox 315 2547 1737 2599; baseline 0.007 -20"><span class='ocrx_word' id='word_1_317' title='bbox 315 2547 457 2581; x_wconf 75' lang='lat' dir='ltr'><strong>hostes:</strong></span> <span class='ocrx_word' id='word_1_318' title='bbox 492 2555 528 2582; x_wconf 90' lang='lat' dir='ltr'><strong>et</strong></span> <span class='ocrx_word' id='word_1_319' title='bbox 564 2562 662 2594; x_wconf 85' lang='lat' dir='ltr'><strong>agros</strong></span> <span class='ocrx_word' id='word_1_320' title='bbox 698 2558 967 2595; x_wconf 73' lang='lat' dir='ltr'><strong>percursantes,</strong></span> <span class='ocrx_word' id='word_1_321' title='bbox 1008 2563 1087 2585; x_wconf 88' lang='lat' dir='ltr'><strong>cum</strong></span> <span class='ocrx_word' id='word_1_322' title='bbox 1118 2555 1235 2596; x_wconf 87' lang='lat' dir='ltr'><strong>opima</strong></span> <span class='ocrx_word' id='word_1_323' title='bbox 1272 2554 1461 2588; x_wconf 89' lang='lat' dir='ltr'><strong>homiuum</strong></span> <span class='ocrx_word' id='word_1_324' title='bbox 1495 2565 1737 2599; x_wconf 82' lang='lat' dir='ltr'><strong>pecorumque</strong></span> 
     </span>
     <span class='ocr_line' id='line_1_41' title="bbox 315 2594 1737 2645; baseline 0.008 -20"><span class='ocrx_word' id='word_1_325' title='bbox 315 2594 447 2637; x_wconf 87' lang='lat' dir='ltr'><strong>praeda</strong></span> <span class='ocrx_word' id='word_1_326' title='bbox 471 2602 703 2631; x_wconf 80' lang='lat' dir='ltr'><strong>reverterunt.</strong></span> <span class='ocrx_word' id='word_1_327' title='bbox 753 2598 834 2631; x_wconf 84' lang='lat' dir='ltr'><strong>Post</strong></span> <span class='ocrx_word' id='word_1_328' title='bbox 859 2598 1023 2630; x_wconf 82' lang='lat' dir='ltr'><strong>Romanis</strong></span> <span class='ocrx_word' id='word_1_329' title='bbox 1047 2599 1115 2631; x_wconf 87' lang='lat' dir='ltr'><strong>iam</strong></span> <span class='ocrx_word' id='word_1_330' title='bbox 1143 2600 1323 2634; x_wconf 82' lang='lat' dir='ltr'><strong>instructis</strong></span> <span class='ocrx_word' id='word_1_331' title='bbox 1338 2600 1570 2634; x_wconf 87' lang='lat' dir='ltr'><strong>Momitzilum</strong></span> <span class='ocrx_word' id='word_1_332' title='bbox 1592 2605 1737 2645; x_wconf 81' lang='lat' dir='ltr'><strong>petunt.</strong></span> 
     </span>
     <span class='ocr_line' id='line_1_42' title="bbox 316 2639 1736 2689; baseline 0.005 -17"><span class='ocrx_word' id='word_1_333' title='bbox 316 2639 391 2683; x_wconf 86' lang='lat' dir='ltr'><strong>Qui</strong></span> <span class='ocrx_word' id='word_1_334' title='bbox 416 2643 535 2684; x_wconf 76' lang='lat' dir='ltr'><strong>copias</strong></span> <span class='ocrx_word' id='word_1_335' title='bbox 560 2653 632 2676; x_wconf 87' lang='lat' dir='ltr'><strong>non</strong></span> <span class='ocrx_word' id='word_1_336' title='bbox 658 2644 875 2688; x_wconf 83' lang='lat' dir='ltr'><strong>spernendas</strong></span> <span class='ocrx_word' id='word_1_337' title='bbox 902 2644 1058 2685; x_wconf 89' lang='lat' dir='ltr'><strong>habens,</strong></span> <span class='ocrx_word' id='word_1_338' title='bbox 1083 2651 1120 2678; x_wconf 86' lang='lat' dir='ltr'><strong>et</strong></span> <span class='ocrx_word' id='word_1_339' title='bbox 1141 2647 1379 2689; x_wconf 87' lang='lat' dir='ltr'><strong>principatum</strong></span> <span class='ocrx_word' id='word_1_340' title='bbox 1402 2648 1472 2681; x_wconf 89' lang='lat' dir='ltr'><strong>sibi</strong></span> <span class='ocrx_word' id='word_1_341' title='bbox 1501 2648 1736 2688; x_wconf 83' lang='lat' dir='ltr'><strong>constituens,</strong></span> 
     </span>
     <span class='ocr_line' id='line_1_43' title="bbox 317 2685 1737 2738; baseline 0.005 -21"><span class='ocrx_word' id='word_1_342' title='bbox 317 2685 510 2719; x_wconf 82' lang='lat' dir='ltr'><strong>Xanthiam</strong></span> <span class='ocrx_word' id='word_1_343' title='bbox 548 2689 692 2722; x_wconf 82' lang='lat' dir='ltr'><strong>adortus</strong></span> <span class='ocrx_word' id='word_1_344' title='bbox 738 2695 902 2734; x_wconf 80' lang='lat' dir='ltr'><strong>ceperat,</strong></span> <span class='ocrx_word' id='word_1_345' title='bbox 941 2697 981 2725; x_wconf 83' lang='lat' dir='ltr'><strong>et</strong></span> <span class='ocrx_word' id='word_1_346' title='bbox 1011 2691 1183 2736; x_wconf 80' lang='lat' dir='ltr'><strong>oppidula</strong></span> <span class='ocrx_word' id='word_1_347' title='bbox 1218 2694 1381 2738; x_wconf 85' lang='lat' dir='ltr'><strong>Meropes</strong></span> <span class='ocrx_word' id='word_1_348' title='bbox 1411 2691 1560 2727; x_wconf 83' lang='lat' dir='ltr'><strong>tenebat</strong></span> <span class='ocrx_word' id='word_1_349' title='bbox 1601 2693 1737 2734; x_wconf 80' lang='lat' dir='ltr'><strong>omnia,</strong></span> 
     </span>
     <span class='ocr_line' id='line_1_44' title="bbox 318 2734 1738 2786; baseline 0.006 -22"><span class='ocrx_word' id='word_1_350' title='bbox 318 2736 427 2777; x_wconf 88' lang='lat' dir='ltr'><strong>atque</strong></span> <span class='ocrx_word' id='word_1_351' title='bbox 459 2734 505 2765; x_wconf 83' lang='lat' dir='ltr'><strong>ad</strong></span> <span class='ocrx_word' id='word_1_352' title='bbox 542 2735 708 2769; x_wconf 84' lang='lat' dir='ltr'><strong>Morrhae</strong></span> <span class='ocrx_word' id='word_1_353' title='bbox 734 2737 823 2771; x_wconf 82' lang='lat' dir='ltr'><strong>fines</strong></span> <span class='ocrx_word' id='word_1_354' title='bbox 857 2748 971 2784; x_wconf 84' lang='lat' dir='ltr'><strong>usque</strong></span> <span class='ocrx_word' id='word_1_355' title='bbox 994 2745 1205 2783; x_wconf 84' lang='lat' dir='ltr'><strong>pervaserat.</strong></span> <span class='ocrx_word' id='word_1_356' title='bbox 1253 2739 1410 2774; x_wconf 77' lang='lat' dir='ltr'><strong>Audiens</strong></span> <span class='ocrx_word' id='word_1_357' title='bbox 1438 2744 1558 2774; x_wconf 83' lang='lat' dir='ltr'><strong>autem</strong></span> <span class='ocrx_word' id='word_1_358' title='bbox 1584 2739 1738 2786; x_wconf 72' lang='lat' dir='ltr'><strong>impera-</strong></span> 
     </span>
    </p>
   </div>
  </div>
 </body>
</html>
