1754 3146
227 203 319 241 VIII
748 201 1151 243 PRAEMONITUM.

228 318 386 367 suerit
427 318 834 387 emendandiqUe
864 339 1068 389 operam
1104 340 1266 370 meam
1298 325 1556 383 levaverit,
1596 329 1671 377 ni-

228 400 302 448 hil
340 400 521 449 attinet
567 399 752 449 dicere:
790 419 865 450 res
895 404 999 470 ipsa
1026 402 1235 452 docebit.
1304 405 1511 467 Quoties
1534 409 1672 458 enim

229 482 376 539 vitia,
411 481 597 547 quibus
634 483 1036 541 Cantacuzenus‚
1073 484 1236 549 qualis
1269 501 1296 532 e
1331 487 1557 537 Parisino
1593 508 1671 538 co-

229 562 340 611 ‹lice
363 561 578 631 prodiit,
613 563 793 631 passim
819 566 1117 631 inquinatus
1139 578 1231 624 est,
1259 565 1322 614 ad
1345 566 1499 618 huius
1519 569 1670 620 fidem

227 643 448 702 correxi,
492 657 581 693 aut
614 645 653 693 si
688 645 815 712 quid
848 664 1052 713 prorsus
1085 647 1318 696 omissum
1356 662 1464 698 erat
1497 664 1668 714 antea,

225 727 345 776 inde
386 728 613 796 supplevi
657 740 707 776 et
753 728 1030 794 integritati
1078 746 1193 777 suae
1227 729 1453 790 reddidi,
1496 732 1669 783 sedulo

225 810 515 860 faciendum
549 811 744 868 curavi,
792 823 851 859 ut
885 810 1098 859 Parisini
1132 811 1252 858 libri
1287 810 1559 862 dissensum
1594 816 1670 864 in-

226 893 459 941 dicarem.
529 892 627 941 Ubi
663 888 930 958 utriusque
971 892 1155 942 codicis
1204 893 1471 943 lectionem
1513 913 1670 945 anno-

228 987 384 1024 tatam
420 974 663 1042 reperies,
706 973 777 1021 ibi
812 974 956 1032 scito,
986 973 1135 1040 ‘quod
1184 975 1238 1023 in
1290 987 1429 1024 textu
1458 976 1667 1042 legitur;

228 1057 520 1106 coniectura
555 1075 583 1104 a
617 1073 697 1104 me
741 1055 1031 1104 restitutum
1065 1073 1184 1118 esse;
1204 1065 1498 1124 quanquam
1531 1057 1583 1105 id
1617 1071 1668 1107 et
1706 1080 1708 1083 ·

225 1137 512 1206 parcissime
547 1137 668 1191 feci,
698 1150 747 1186 et
780 1154 835 1184 ea
870 1152 1085 1206 semper,
1122 1151 1180 1186 ut
1215 1137 1398 1194 debui,
1429 1134 1663 1188 modera-¹

226 1219 386 1278 tione,
434 1232 494 1267 ut
544 1220 674 1268 nihil
713 1219 996 1286 quidquam
1041 1237 1100 1267 ex
1146 1221 1348 1287 ingenio
1392 1233 1663 1280 mutarem,

224 1300 320 1349 nisi
362 1300 453 1348 ubi
490 1318 564 1348 res
598 1302 866 1350 certissima
895 1300 1164 1351 videretur.
1235 1302 1377 1365 Quin
1422 1304 1573 1351 etiam
1607 1304 1662 1351 in
1709 1355 1715 1357 ,

228 1399 285 1429 eo
321 1399 500 1447 genere
545 1382 795 1449 quaedam
838 1385 1055 1443 servavi,
1104 1402 1234 1452 quae
1268 1403 1407 1433 nunc
1441 1396 1662 1433 correcta

225 1465 455 1522 mallem,
490 1466 628 1513 velut
662 1484 708 1532 p.
744 1483 795 1512 21
817 1503 828 1523 ‚
867 1480 962 1529 ¹9„
998 1466 1090 1514 ubi
1125 1484 1218 1534 pro
1248 1483 1334 1524 eo,
1370 1462 1665 1533 quoduter·

225 1563 327 1612 que
359 1545 513 1594 codex
546 1546 699 1595 habet
727 1548 1146 1608 προσιστάμενον,
1166 1535 1270 1596 non
1297 1547 1500 1606 dubito,
1531 1547 1662 1613 quin

225 1625 600 1675 emendandum
622 1627 687 1675 sit
706 1627 1084 1690 παριστάμενον.
1120 1627 1237 1676 Vid.
1270 1648 1315 1695 p.
1338 1647 1452 1693 207‚
1473 1629 1513 1676 5.
1544 1633 1662 1694 257,

230 1726 301 1756 10.
369 1706 567 1756 Deinde
609 1707 934 1756 scribendum
978 1720 1048 1756 est
1092 1727 1141 1776 p.
1183 1712 1267 1768 80,
1313 1715 1355 1771 4.
1397 1727 1501 1757 non
1545 1706 1664 1753 θεοῦ

228 1787 632 1854 συναιρουμένου,
655 1789 738 1838 sed
775 1793 891 1835 θεοῦ
923 1792 1299 1854 συναιρομένου,
1329 1803 1387 1840 ut
1411 1792 1466 1839 in
1489 1790 1664 1839 eadem

225 1872 445 1919 formula
477 1870 614 1940 apud
645 1866 874 1920 nostrum
898 1872 1104 1938 saepius.
1172 1873 1443 1938 Reliquum
1468 1885 1567 1930 est,
1603 1881 1662 1920 ut

225 1970 485 2013 moneam,
519 1952 776 2020 quidquid
803 1952 1112 2001 variantium
1146 1954 1426 2002 lectionum
1445 1954 1500 2002 in
1527 1953 1659 2003 ‘duo-

225 2034 320 2082 bus
354 2034 611 2103 prioribus
645 2035 789 2082 libris
821 2032 985 2081 codex
1019 2034 1330 2083 Monacensis
1362 2034 1534 2091 habet,
1582 2035 1659 2084 in-

225 2128 415 2165 sertum
449 2115 513 2164 iri
547 2116 793 2165 volumini
830 2116 1002 2178 tertio,
1035 2116 1174 2183 quod
1203 2136 1317 2166 mox
1351 2117 1589 2186 prodibit.

331 2266 452 2312 ⁴Ser.
489 2265 691 2313 Bonnae
722 2246 874 2312 mens.
911 2264 1070 2332 April.
1102 2283 1145 2313 a.
1171 2269 1304 2315 1851.
