1800 3132
531 162 910 206 msromARUM
948 165 1021 204 111.
1062 165 1102 209 5.
1455 144 1532 212 43

84 265 272 323 σπουδὴν
314 263 532 320 ἐπανάγειν
570 268 645 309 καί
684 266 1011 324 α’νακαλεῶθαι,
1041 258 1355 323 χρησόμενοιῇ
1403 259 1713 323 αὕτῷΔᾹὲηῆι

83 334 303 388 προσῆκεν.
344 329 373 388 ἢ
399 333 440 374 εἰ
467 330 525 387 μὴ
555 328 684 380 αὖτὸς
709 329 815 373 ἑκών
844 330 1077 387 αἱρήσομαι
1102 330 1176 374 τὸν
1203 328 1411 385 θάνατον,
1428 331 1650 376 α’λλἸ».366

83 398 271 454 ἐθελήσω
313 398 512 454 προνοίας
553 395 741 450 ἐμαυτόν
779 393 924 447 ἇξιοῦν
982 395 1056 439 καὶ
1105 395 1165 452 μὴ
1195 399 1530 452 καταπροΐεσθαι

82 470 167 518 τοῖς
194 465 461 518 βουλομένοις
487 462 563 518 τήν
590 465 823 518 σωτηρίαν,
863 461 1021 519 ἀνάγκη
1048 465 1128 504 σοῦ’
1160 458 1428 519 ἀφίστασθαι
1455 465 1530 506 καὶ

62 528 237 581 ὅσιόζειν
263 527 462 583 ἐμαυτόν.
493 528 644 572 τούτου
681 531 728 570 δὲ
753 530 1005 583 γενομένου,
1034 525 1100 570 ὅτι
1129 531 1296 578 πλείους
1323 527 1421 582 ἐμοὶ
1446 531 1530 574 ταῖν

80 592 298 648 Ῥωμαίων
341 597 512 647 ἕψονται
566 594 639 636 καί
663 591 842 646 πόλεμος
870 592 1075 650 ἐμφύλιος
1101 593 1220 637 ἔσται
1252 593 1437 649 χαλεπὸς
1454 594 1530 638 καὶ

83 661 245 703 πόλεων
272 656 520 710 ἀναστάσεις
546 662 621 703 καί
646 661 812 716 μυρίων
839 659 1006 716 φθοραί
1029 659 1288 717 πραγμάτων
1314 663 1388 704 καὶ
1415 678 1528 716 συμε

82 724 243 781 πάσης,
272 725 328 775 ὥς
348 727 477 768 εἰπεῖν
491 759 504 781 ,
535 725 762 775 κατάλυσις
780 728 855 781 τῆς
876 723 1098 779 Ῥωμαίων
1115 725 1338 782 ἡγεμονίας
1349 761 1363 781 ‚
1388 725 1528 771 πάντα

82 791 272 835 ὅντινοῦν
292 791 435 845 οἴομαι
447 791 507 847 μὴ
535 793 710 847 ἀγνοεῖν,
739 790 812 834 τὸν
837 793 911 835 καί
931 791 1124 835 ὁπωσοῦν
1153 793 1318 848 φρενῶν
1342 799 1532 849 μετειλη-

35 856 204 911 ιοχότα.
260 853 321 901 ὧν
348 859 425 908 τὰς
453 860 570 907 δίκας
596 860 694 913 παρ’
725 859 980 914 α’μφοτέρων
1006 855 1186 913 λήψεται
1214 858 1334 914 ἡμῶν
1361 861 1433 902 ἐπὶ
1458 861 1532 915 τῆς

87 925 203 980 δίκης
232 925 390 980 ἐκείνης
415 925 491 981 τῆς
518 927 705 982 φοβερᾶς
741 923 764 966 ὅ
809 922 971 973 πάντας
996 926 1160 978 μέλλων
1187 924 1343 980 κρίνειν
1372 927 1535 978 ζῶντας

87 991 163 1032 καί
186 988 382 1046 νεκρούς,
411 989 470 1039 ὥς
496 988 656 1033 τούτων
685 988 848 1039 αἰτίους
877 989 1047 1032 πάντων
1072 993 1395 1046 γενησομένους,
1421 993 1532 1044 μᾶλ-

86 1059 159 1105 λον
185 1056 233 1097 δὲ
260 1048 374 1117 παρα
406 1056 538 1111 μόνης
563 1058 643 1100 σοῦ’
655 1089 668 1109 ,
697 1059 770 1115 τῆς
796 1054 898 1111 μήτε
927 1060 1026 1111 παρ’
1053 1053 1210 1112 ἑαυτῆς
1234 1054 1280 1098 τὸ
1313 1058 1406 1098 δέον
1433 1073 1534 1099 συν-

87 1118 242 1176 ιείσης,
281 1122 388 1178 μήτε
429 1127 529 1178 παρ’
576 1124 684 1176 ἐμοῦ
722 1126 879 1176 μαθεῖν
919 1121 1184 1171 διδάσκοντος
1209 1124 1566 1178 βουλησομένηςιζ

38 1184 167 1240 ι5ἐγώ
206 1185 285 1244 γὰρ
324 1187 456 1239 αὕτὸς
502 1190 820 1245 διῖσχυριζομαι
845 1189 919 1230 καί
941 1190 1033 1267 1⁷7⁶.
1045 1184 1209 1230 ανωθεν
1232 1187 1379 1245 χειρὸς
1411 1204 1536 1231 συνε-

87 1256 379 1335 φαπτομένης,
407 1271 466 1304 ως
494 1251 617 1297 οὗδὲν
643 1253 944 1311 παραβήσομαι
971 1271 1057 1297 των
1083 1252 1282 1308 δεόντων,
1312 1255 1401 1296 οὐδ’
1419 1253 1534 1297 ἔστιν

88 1313 114 1359 o'
149 1334 204 1373 με
245 1319 377 1362 πείσει
414 1319 631 1404 πρόφασιν
675 1319 803 1363 αὐτὸν
851 1323 910 1379 τῷ
935 1323 1101 1378 πολέμῳ
1128 1321 1443 1377 παρασχέσθαι.
1496 1321 1538 1362 εἰ

86 1386 167 1438 μὲν
186 1400 262 1427 ουν
281 1384 390 1428 οὕτω
409 1390 605 1436 πέπεικας
625 1385 821 1443 σαυτὴν,
849 1385 956 1429 ὥστε
974 1388 1109 1442 μηδὲν
1134 1388 1344 1442 μηδέποτε
1372 1388 1536 1443 φαῦλον

89 1452 326 1505 λογίζεσθαι
349 1456 446 1510 περί
475 1455 598 1508 ἐμοῦ,
619 1452 727 1496 α’λλά
757 1455 831 1496 καί
848 1452 983 1497 πάντα
1012 1453 1208 1509 ἡγεῖσθαι
1236 1450 1434 1507 πράττειν
1462 1453 1538 1495 καί

37 1517 354 1561 ποδιανοεῖσθαι
381 1518 485 1575 ὑπὲρ
516 1522 595 1562 σοῦ’
618 1535 662 1562 τε
691 1520 767 1562 καί
783 1520 990 1574 βασιλέως
1016 1521 1096 1562 τοῦ
1123 1521 1203 1562 σοῦ
1230 1516 1406 1571 παιδὸς,
1434 1516 1536 1567 τούς

92 1588 140 1629 δὲ
167 1584 468 1638 διαβάλλοντας
503 1586 699 1640 ἡγεῖσθαι
726 1583 997 1641 συκοφάντας
1023 1584 1098 1627 καί
1121 1583 1288 1634 κοινοῦς
1319 1583 1532 1640 ἐχθροὺς,

90 1653 164 1694 καί
187 1653 395 1707 μηδέποτε
425 1650 568 1700 αὐτοῖς
596 1651 654 1700 ὥς
683 1652 939 1707 ἀληθεύουσι
963 1649 1024 1705 μή
1051 1648 1180 1703 μόνον
1203 1649 1261 1705 μὴ
1292 1648 1502 1691 πιστεύειν
1519 1681 1534 1702 ‚

91 1717 182 1760 ἄλλ’
212 1716 312 1761 οὐδὲ
339 1717 415 1773 τήν
443 1714 585 1773 ἆρχὴν
613 1716 760 1767 αὐτοῖς
785 1717 956 1772 ὑπέχειν
984 1712 1060 1767 οὖς
1086 1714 1192 1773 πρὸς
1217 1714 1291 1764 τὰς
1318 1730 1535 1772 συκοφαν-

187 1849 239 1884 17.
265 1835 383 1873 αὐτὸν
406 1849 474 1873 om.
500 1839 537 1874 P.
636 1849 687 1883 ¹9·
713 1838 777 1870 καὶ
802 1847 873 1874 οιιι.
909 1836 945 1872 P.

90 1932 295 1969 ducendum
332 1943 373 1966 ac
410 1932 650 1966 revocandum
683 1932 782 1966 omni
820 1943 904 1966 cura
929 1942 970 1966 ac
992 1932 1189 1967 sedulitate
1216 1930 1430 1973 studeretis,
1457 1933 1537 1968 eius

89 1991 200 2026 opera
230 1985 271 2013 ut
293 1979 399 2014 decet
424 1980 551 2017 usuri:
590 1985 654 2012 aut
677 1980 708 2013 si
731 1983 883 2012 mortem
911 1979 1080 2024 fugiens»,
1115 1981 1226 2015 saluti
1259 1989 1361 2012 meae
1390 1981 1538 2024 prospi-

89 2038 192 2068 cere,
215 2037 283 2060 nec
307 2038 385 2060 eam
412 2026 570 2060 inimicis
595 2026 751 2071 prodere
774 2025 944 2067 voluero,
982 2031 1023 2060 ut
1047 2037 1105 2060 me
1130 2027 1252 2073 ipsum
1277 2036 1432 2066 servem,
1471 2027 1538 2060 abs

89 2078 126 2106 te
170 2084 274 2119 cogar
308 2074 471 2107 deficere.
529 2072 611 2118 Quo
655 2072 751 2106 facto
789 2073 910 2118 plures
946 2074 1187 2107 Romanorum
1233 2083 1290 2106 me
1324 2078 1536 2116 secuturos,

88 2120 302 2166 bellumque
327 2121 434 2154 civile
459 2131 605 2154 saevum
633 2124 670 2153 et
694 2118 840 2153 crudele
865 2130 1110 2161 emersurum,
1136 2120 1243 2154 urbes
1269 2125 1307 2153 et
1330 2119 1402 2152 alia
1426 2120 1538 2154 iunu-

88 2178 188 2202 mera
212 2168 395 2214 perditum
421 2167 485 2207 iri,
522 2171 558 2199 et
581 2167 778 2199 Romanum
811 2167 1075 2211 principatum,
1109 2173 1151 2201 ιιι
1187 2179 1260 2200 uno
1291 2165 1403 2201 verbo
1438 2177 1539 2200 com-

89 2215 248 2259 plectar,
280 2225 508 2254 occasumm,
536 2214 719 2247 neminem
746 2223 891 2257 prorsus
918 2218 1112 2258 utcumque
1142 2214 1292 2248 rationis
1323 2213 1539 2258 participem

90 2272 165 2295 non
189 2271 333 2294 cernere
361 2261 500 2305 opinor.
550 2259 716 2315 Quorum
742 2271 880 2314 poenas
905 2259 952 2292 ab
982 2261 1146 2306 utrisque
1166 2266 1330 2294 nostrum
1354 2265 1539 2306 tamquam

90 2308 301 2341 auctoribus
333 2306 462 2341 horum
497 2306 659 2341 omnium
694 2308 735 2340 in
767 2306 905 2340 iudicio
945 2306 1010 2340 ino
1050 2307 1233 2341 horrendo
1269 2311 1434 2352 expetet,
1470 2308 1538 2353 qui

89 2353 190 2387 vivos
215 2359 453 2407 mortuosque
475 2352 675 2387 iudicabit.
714 2353 787 2387 imo
812 2352 877 2387 abs
913 2358 950 2386 te
989 2353 1066 2386 sola
1106 2354 1249 2399 potius,
1287 2363 1382 2399 quae
1417 2364 1538 2400 neque

90 2412 156 2446 per
180 2406 216 2434 te
250 2400 500 2441 intellexeris,
537 2400 628 2446 quid
659 2404 696 2432 te
731 2399 850 2434 facere
885 2399 1116 2440 conveniret,
1150 2410 1271 2444 neque
1309 2411 1367 2434 me
1409 2398 1540 2434 docere

91 2447 275 2481 volentem
299 2446 507 2480 attenderis.
556 2446 734 2492 Equidem
762 2448 839 2481 Deo
864 2446 959 2480 bene
984 2425 1145 2491 propit'io
1177 2446 1224 2479 ab
1257 2446 1362 2480 officii
1394 2448 1540 2482 tramite

92 2505 271 2539 nusquam
296 2493 520 2527 deflexurum
543 2504 600 2527 me
622 2503 806 2527 assevero:
836 2504 905 2527 nec
927 2494 1134 2527 mortalium
1161 2493 1256 2526 ullus
1279 2493 1368 2530 mihi
1394 2504 1541 2538 persua-

92 2539 214 2582 debit,
252 2545 292 2573 ut
321 2539 418 2574 bello
444 2541 670 2577 occasionem
696 2539 903 2585 praebeam.
952 2540 1073 2586 Quare
1107 2540 1137 2572 si
1167 2550 1209 2575 ea
1238 2539 1307 2574 tibi
1333 2551 1456 2581 mens,
1498 2547 1540 2575 ut

91 2586 188 2619 nihii
219 2587 405 2621 sinistrum
450 2586 647 2632 aliquando
682 2587 727 2623 de
763 2598 821 2620 me
856 2586 1012 2632 cogitare
1050 2587 1167 2627 velis,
1210 2587 1272 2620 sed
1311 2587 1539 2630 existimare,

91 2635 214 2667 omnia
238 2645 295 2667 me
319 2634 413 2666 facta
438 2640 475 2667 et
502 2635 658 2676 cogitata
683 2633 729 2668 ad
756 2633 929 2666 tuendam
949 2633 1178 2678 imperatoris
1203 2633 1269 2667 filii
1303 2634 1357 2666 tui
1382 2636 1540 2668 auctori-

90 2684 202 2712 tatem
228 2680 512 2726 dignitatemque
536 2682 713 2726 dirigere,
749 2686 973 2713 accusatores
997 2685 1120 2713 autem
1144 2690 1242 2714 meos
1269 2682 1308 2714 iu
1333 2681 1540 2726 sycophan-

92 2725 139 2758 tis
164 2728 490 2772 communibusque
517 2728 673 2761 inimicis
710 2728 866 2767 ducere,
892 2737 960 2759 nec
986 2737 1146 2772 unquam
1170 2727 1245 2760 inis
1270 2731 1311 2760 ut
1348 2727 1536 2761 veracibus

91 2771 258 2819 credere3
284 2774 429 2809 credere
456 2774 602 2809 autem?
640 2775 712 2809 imo
738 2784 806 2808 uec
835 2752 881 2808 a’d
905 2783 1008 2808 aures
1047 2772 1194 2819 quidem
1227 2785 1288 2812 eos
1321 2772 1538 2816 admittere,
