1800 3132
512 183 886 226 ffls‘ronmmm
925 187 996 225 ιιι».
1037 186 1105 231 56.
1414 163 1535 231 345

103 282 298 336 ἐπιβάται
327 281 616 335 κατελέγοντο,
646 279 761 335 παρὰ
787 280 831 322 τὸ
864 282 937 322 τοῦ
960 280 1110 336 Ἕβρου
1145 280 1280 334 στόμα
1311 283 1622 335 προσέσχε.Δ.Ο.
1641 288 1726 334 ¹³4²

103 351 275 400 πέμψας
309 348 356 388 δὲ
383 347 456 387 καί
481 348 633 394 ἐκεῖνος
666 348 856 400 πρέσβεις
888 344 990 399 πρὸς
1012 344 1188 402 Εἰρήνην
1217 346 1292 400 τὴν
1320 346 1532 399 βασιλίδα,

105 412 328 466 ἀπήγγελλε
357 409 410 452 τά
441 410 524 453 ἴσα·
557 409 705 464 ἐδήλου
750 427 794 451 τε
833 407 898 452 ὅτι
928 408 1014 465 ἥξει
1046 411 1118 452 καί
1157 408 1284 461 αὖτὸς
1325 408 1430 464 μετὰ
1461 428 1538 464 μι-

104 475 210 530 κρόν.
266 475 420 531 Εἰρήνη
461 477 505 518 δὲ
547 473 572 530 ἢ
604 475 770 528 βασιλὶς
800 473 895 524 τούς
946 492 990 516 τε
1033 476 1286 530 στρατιώτας
1319 475 1533 529 ἔπεμπεν,

78 538 196 584 ὄῖίσοι
222 537 343 595 ἦσαν,
369 538 441 581 καί
469 539 566 589 τούς
595 535 747 588 ἄλλους
773 542 854 581 τῶν
885 542 1185 596 ειῗγενεστέρων
1215 543 1274 590 εἰς
1301 541 1531 596 ὑπάντησιν

103 607 281 657 ἐκείνου,
316 604 388 646 καί
416 606 566 654 ἵππους
596 601 772 657 ἑκατὸν,
812 604 870 654 (ὃς
903 601 954 646 ἂν
985 603 1110 654 αὐτός
1137 622 1181 648 τε
1220 605 1424 661 χρήσαιτο
1462 604 1537 647 καὶ

103 670 162 725 μὴ
196 673 299 727 πεζῇ
327 671 502 726 βαδίζῃ,
551 669 623 711 καί
648 676 732 719 τοῖς
763 665 903 719 ἄλλοις
934 672 1076 728 διαδῷ.
1134 669 1387 725 ἀπήγγελλόν
1414 686 1459 712 τε
1489 668 1530 711 οἱ

103 735 385 788 κεκομικότες,
409 734 468 790 μή
498 738 742 791 μέμφεσθαι
772 737 846 790 τῆς
871 734 1126 791 ὀλιγότητος,
1171 734 1228 784 ὥς
1257 734 1328 777 διὰ
1356 734 1431 777 τὸν
1460 750 1533 777 πε-

104 797 305 853 ρισχόντα
337 798 516 853 πόλεμον
557 801 696 842 αὐτῶν
737 803 896 853 μᾶλλον
939 803 1075 842 ἳππων
1107 803 1311 854 δεομένων
1345 801 1418 841 καί
1459 799 1532 841 διὰ

0 865 4 870 ”
56 867 219 907 ιοτοῦτο
253 866 335 906 τῶν
382 864 597 920 παρόντων
639 865 689 906 οὔ
737 865 903 914 πλείους
934 869 1195 921 παρέχεσθαι
1236 867 1535 920 δεδυνημένων.

100 929 198 978 τούς
225 931 304 983 μὲν
331 926 407 972 οὖν
439 931 590 979 ἵππους
619 932 784 982 ἐδέξατο
819 931 1008 984 α’σμένως
1038 931 1110 972 καί
1136 933 1324 984 βασιλίδι
1351 930 1528 986 χάριτας
1545 932 1654 977 Ρ.541

101 997 176 1049 τῆς
206 997 442 1050 ειῖεργεσίας
471 995 695 1049 ὡμολόγει·
728 998 898 1038 διέδωκε
928 998 973 1037 δὲ
1004 1003 1089 1046 τοῖς
1120 994 1417 1050 εὐγενεστέροις
1447 997 1532 1037 τῶν

103 1062 288 1115 Περσῶν
318 1060 392 1101 καί
424 1061 606 1113 μάλιστα
641 1061 867 1116 προήκουσι
898 1065 997 1103 καθ’
1027 1062 1204 1116 ἡλικίαν.
1259 1060 1450 1116 ἐρόμενος
1487 1062 1534 1101 δὲ

102 1127 291 1179 περὶτοῦ
309 1128 434 1181 φίλου
457 1129 661 1178 βασιλέως
695 1129 734 1168 εἰ
763 1128 829 1183 ζῇ,
872 1125 1003 1167 πολλοὶ
1037 1125 1244 1178 στενάζων
1270 1128 1343 1167 καί
1371 1124 1534 1180 δάκρυα

54 1191 184 1233 ι5τῶν
216 1189 452 1244 ὄφθαλμῶν
490 1189 570 1231 ὑπὸ
609 1193 874 1243 συμπαθείας
906 1191 1070 1247 ἀφιείς,
1110 1190 1203 1232 ἐπεὶ
1237 1189 1418 1232 ἐπύθετο
1461 1191 1534 1246 ζῇν

101 1257 204 1296 θεοῦ
228 1258 506 1308 βουλομένου,
536 1258 681 1311 πρῶτα
708 1257 786 1308 μὲν
813 1254 1016 1310 ὡμολόγει
1037 1255 1220 1311 χάριτας
1246 1258 1346 1313 θεῷ,
1379 1255 1535 1310 πολλὴν

102 1320 246 1368 αὕτοῖς
274 1319 348 1374 τὴν
375 1317 570 1376 πρόνοιαν
611 1323 685 1362 καί
709 1319 862 1374 τόλμαν
890 1321 991 1376 ὑπὲρ
1031 1323 1237 1375 βασιλέως
1269 1322 1534 1376 παρεσχημέ-

101 1401 172 1442 νῳ,
240 1383 383 1427 ἔπειτα
423 1388 469 1428 δὲ
497 1388 570 1428 καί
604 1387 749 1436 αὐτοῖς
792 1389 875 1428 τῶν
918 1384 1055 1429 αὐτῶν
1089 1388 1207 1428 ἕνεκα
1248 1388 1322 1428 καί
1351 1386 1535 1441 χάριτας

102 1447 302 1504 ὡμολόγει
328 1450 401 1491 καί
425 1453 584 1493 πολλῶν
612 1451 684 1492 καί
708 1453 899 1505 μεγάλων
924 1453 1141 1507 ὀφειλέτην
1170 1449 1320 1494 ἑαυτὸν
1348 1454 1532 1507 α’πέᾳιαι-

50 1529 170 1556 αονεν
188 1546 200 1566 ,
233 1515 287 1564 (ὃς
315 1514 530 1563 κινδύνους
565 1514 772 1569 μεγάλους
798 1519 872 1558 καί
899 1516 1076 1566 πολλοὺς
1103 1516 1208 1571 ὑπὲρ
1238 1516 1397 1558 ἐκείνου
1420 1519 1532 1570 ἑνεγ-
1580 1544 1583 1546 -

103 1582 238 1621 noem.
309 1579 384 1634 τὴν
425 1579 622 1636 στρατιάν
666 1596 710 1621 τε
746 1580 1028 1635 παραλαβών,
1087 1581 1211 1631 πεζὸς
1263 1582 1414 1636 ἔχω’ρει
1463 1582 1537 1623 καὶ

102 1643 230 1692 αὐτὸς
283 1645 342 1694 εἰς
393 1643 723 1698 Διδυμότειχον,
777 1647 1008 1698 δισχιλίους
1051 1645 1238 1699 4λογάδας
1284 1636 1392 1698 ἔχων
1433 1646 1565 1701 περίΒ

101 1706 263 1751 ἑαυτόν.
346 1711 549 1763 δεομένων
593 1711 640 1751 δὲ
682 1711 763 1751 τῶν
801 1713 846 1751 ἐκ
909 1712 1212 1763 Διδυμοτείχου
1275 1710 1386 1768 ἵππῳ
1431 1714 1540 1765 χρῆ-

101 1777 226 1827 σθαι,
254 1773 327 1816 καί
351 1776 644 1830 παρεχομένων
686 1777 760 1817 καί
794 1773 959 1831 ἑτέρους
999 1774 1104 1831 πρὸς
1131 1781 1217 1824 τοῖς
1246 1771 1418 1827 ἑκατὸν,
1460 1777 1535 1818 οὐκ

207 1891 256 1924 ¹7·
281 1880 504 1925 προθυμίαν
521 1879 568 1912 Μ.

102 1982 263 2023 nuntiis,
298 1980 477 2027 simulque
514 1986 627 2014 semet
651 1992 732 2014 mox
757 1985 971 2022 affuturum,
1004 1982 1229 2027 significavit.
1278 1983 1382 2017 Irene
1407 1993 1532 2018 omnes

103 2027 355 2073 praesidiarios
391 2034 428 2061 et
452 2028 592 2060 nobiles
626 2029 659 2061 ei
693 2027 837 2061 obviam
870 2029 1000 2062 mittit:
1035 2039 1145 2072 equos
1169 2033 1354 2073 praeterea
1378 2034 1534 2070 centum,

107 2085 260 2120 quorum
286 2085 358 2106 uno
386 2075 463 2118 ipse
487 2078 667 2114 uteretur,
694 2086 739 2106 ne
765 2074 919 2119 pedibus
951 2075 1163 2115 incederet,
1198 2075 1358 2120 reliquos
1392 2076 1534 2108 comiti-

107 2121 174 2153 bus
209 2119 455 2154 distribueret.
527 2120 794 2155 Renuntiabant
826 2127 947 2154 autem
985 2122 1046 2166 qui
1087 2121 1167 2153 illos
1207 2121 1389 2155 ducebant
1412 2146 1422 2162 ‚
1457 2133 1533 2156 non

108 2166 240 2199 debere
266 2178 308 2199 ea
327 2167 508 2210 paucitate
533 2167 690 2200 offendi:
723 2179 806 2200 nam
830 2173 978 2212 propter
1002 2178 1170 2211 praeseus
1195 2167 1330 2200 bellum
1359 2178 1533 2213 equorum

107 2213 255 2245 raritate
280 2211 435 2245 laborari
462 2219 570 2258 atque
594 2213 676 2246 ideo
704 2214 823 2257 plures
847 2213 903 2246 his
928 2214 1157 2257 suppeditare
1170 2216 1386 2258 nequivisse.
1412 2214 1532 2258 Equos

103 2259 271 2291 Ammius
308 2268 381 2289 non
412 2259 546 2292 invitus
579 2261 720 2303 accepit
743 2265 780 2292 et
812 2260 1033 2304 imperatrici
1076 2271 1140 2303 pro
1166 2261 1235 2292 ista
1271 2261 1383 2305 gratia
1419 2265 1535 2303 grates

106 2305 197 2349 egit,
236 2305 403 2350 interque
436 2304 553 2337 Persas
590 2306 789 2339 nobiliores
828 2317 868 2338 ac
901 2307 1113 2351 praesertim
1146 2311 1264 2338 aetate
1295 2307 1536 2351 provectiores

104 2350 320 2394 dispertivit..
376 2350 625 2384 percunctatus
651 2357 770 2385 autem
797 2351 841 2385 de
867 2363 947 2385 caro
973 2352 1042 2384 sibi
1070 2353 1304 2395 imperatore,
1329 2364 1415 2384 num
1440 2353 1536 2385 vive-

108 2402 186 2434 ret.
211 2395 322 2439 idque
345 2396 456 2429 multa
482 2407 624 2441 gemens
649 2404 686 2431 et
709 2398 898 2431 lacrimans
915 2424 925 2439 ,
952 2409 999 2431 ex
1019 2398 1329 2432 commiseratione
1353 2397 1536 2439 videlicet,

108 2442 174 2476 ubi
204 2440 363 2481 audivit,
402 2453 483 2475 eum
509 2443 575 2476 Dei
612 2442 789 2477 beneficio
815 2446 1043 2488 superstitem
1068 2454 1164 2482 csse,
1207 2445 1360 2488 primum
1388 2443 1536 2489 quidem

109 2489 251 2521 numini
285 2487 410 2520 laudes
447 2487 561 2528 dixit,
599 2490 701 2522 cuius
735 2501 804 2536 ope
841 2490 886 2524 ad
920 2491 1093 2524 tuendum
1123 2490 1223 2522 illum
1252 2492 1330 2535 ipse
1357 2501 1436 2524 cum
1463 2492 1537 2523 suis

109 2540 183 2568 tam
219 2533 377 2579 prompti
410 2544 451 2566 ac
487 2536 701 2580 magnanimi
729 2541 858 2570 essent.
909 2536 1049 2568 Deinde
1076 2537 1147 2568 inis
1174 2547 1320 2581 quoque
1343 2536 1466 2569 eadem
1492 2536 1538 2570 de

110 2591 214 2613 causa
251 2581 377 2624 gratias
413 2581 486 2623 egit
516 2585 552 2613 et
583 2592 619 2614 se
654 2583 768 2615 multa
803 2588 912 2627 atque
944 2584 1074 2615 eximia
1109 2581 1240 2614 debere
1275 2583 1537 2628 pronuntiavit,

114 2627 178 2672 qui
205 2631 275 2659 tam
305 2625 410 2659 variis
436 2631 472 2658 et
496 2627 702 2670 ingentibus
727 2639 803 2662 sese
828 2640 892 2671 pro
919 2629 981 2661 illo
1005 2627 1273 2662 discriminibus
1309 2628 1539 2668 obtulissent,

113 2673 338 2717 stipatusque
379 2671 434 2704 bis
470 2673 570 2705 mille
603 2674 744 2707 selectis
782 2673 959 2707 militibus
1001 2673 1043 2705 ad
1072 2674 1374 2718 urbem-pedibus
1402 2680 1438 2708 et
1462 2675 1538 2718 ipse

111 2719 296 2762 processit.
346 2717 538 2751 Orantibus
563 2719 626 2764 qui
654 2720 906 2763 Didymoticho
933 2720 1075 2752 obviam
1102 2720 1334 2763 prodierant,
1371 2726 1410 2754 ut
1444 2731 1536 2765 equo

113 2769 294 2807 uteretur.
319 2770 356 2799 ct
378 2764 467 2798 alios
491 2764 637 2810 insuper
664 2772 761 2801 extra
787 2772 929 2800 centum
954 2766 1035 2800 illos
1059 2766 1415 2802 subministrantibus
1431 2791 1440 2807 ,
1465 2777 1538 2800 non
