1800 3132
296 214 406 270 338
825 228 1190 271 CANTACUZENI

99 337 180 372 ΔΕ.
198 330 541 387 ι34ατακουζηνὸς
580 331 600 372 ὁ
629 328 826 384 βασιλεὺς
853 331 1043 383 ἐπανήξει
1060 363 1072 383 ,
1111 328 1377 385 παραδώσειν
1406 329 1518 386 αὐτῷ
1545 327 1622 383 τὴν
1648 326 1721 369 πό-

295 402 388 450 λιν,
418 399 603 450 νομίσας,
632 398 670 438 εἰ
695 393 832 452 τρόπῳ
863 396 912 449 δή
942 411 1023 437 τινι
1050 397 1202 436 ἐκεῖνον
1229 394 1513 451 διαφθείρειε,
1545 395 1722 446 βεβαίως

167 469 202 502 Ρ.
218 469 281 513 537
298 462 372 517 την
401 462 520 503 πόλιν
561 456 641 516 ἤδη
679 459 815 514 ἔχειν,
851 460 984 502 πάντα
1012 461 1147 501 κάλων
1173 459 1298 502 ἐκίνει
1322 457 1493 501 κωλύειν
1518 457 1592 512 τὴν
1619 456 1723 499 ἐπά-

292 529 410 571 νοδον
440 523 549 582 αὐτῷ
579 522 630 579 ἢ,
665 527 705 566 εἰ
729 524 920 577 δύναιτο,
967 525 1038 566 καί
1077 526 1352 580 διαφθείρειν·
1394 524 1466 565 καί
1501 521 1722 578 πρεσβείας

292 591 398 648 πρὸς
418 591 591 646 Κράλην
613 593 784 642 πέμπων
810 589 968 643 συχνὰς
997 591 1068 630 καί
1090 590 1260 643 εΕλένην
1286 588 1360 644 τήν
1393 587 1581 644 α’δελφὴν
1599 586 1749 643 Κρά-5

293 661 345 713 λῃ
383 657 680 708 συνοικοῦσαν,
732 653 904 711 παρῄνει
947 652 1295 708 Καντακουζηνὸν
1336 652 1411 696 τὸν
1448 655 1623 707 βασιλέα
1661 651 1720 706 μὴ

297 720 481 774 ἀνιέναι,
530 718 636 761 α’λλιὶ
682 717 884 774 δήσαντας
932 721 975 760 ὲν
1022 719 1288 775 δεσμωτηρίῳ
1338 723 1539 774 φρουρεῖν
1582 713 1608 773 ἢ
1652 718 1726 758 καί

295 786 564 828 ἀποκτείνειν·
596 781 706 826 οὕτω
734 783 813 839 γάρ
844 781 894 825 ἂν
928 785 1088 834 ἐξέσται
1126 783 1201 837 την
1224 782 1452 837 ζΡωμαίων
1494 783 1610 836 ἔχειν
1647 783 1725 837 ἄρ-

291 851 373 907 χην
406 852 589 905 α’πονητί.
646 846 820 904 Κράλης
845 851 923 901 μὲν
961 844 1034 890 οὖν
1064 849 1192 890 αὐτοῦ
1218 847 1293 896 τὰς
1321 848 1582 904 παραινέσεις
1610 846 1724 903 φαύ-

294 921 370 965 λας
399 913 624 970 ἡγούμενος
643 947 654 967 ,
685 914 734 954 οὔ
775 915 1049 968 παρεδέξατο,
1098 911 1280 965 μα’λιστα
1309 915 1368 961 εἰς
1400 914 1521 954 τοῦτο
1551 911 1777 965 §varod-10

294 996 370 1035 σης
405 980 478 1020 καί
513 981 586 1034 τῆς
623 977 827 1032 γυναικός.
885 980 1038 1026 ἐκεῖνος
1076 979 1123 1019 δὲ
1171 977 1242 1018 καί
1287 974 1488 1031 στρατιὰν
1528 977 1752 1029 πέμψας,·

298 1043 399 1100 ὅσην
443 1040 539 1100 ᾤετο
589 1043 731 1097 ἀρκεῖν
779 1047 863 1091 τοῖς
906 1044 949 1083 ἐν
992 1041 1279 1099 Διδυμοτειβςῳ
1317 1042 1419 1097 πρὸς
1458 1039 1723 1097 πολιορκίαν,

251 1112 480 1153 Βέκέλευσε
509 1108 734 1164 φυλάττειν
762 1110 1369 1163 παραστρατοπεδευσαμένους,
1397 1104 1606 1163 πρόφασιν
1631 1107 1722 1159 μὲν,

293 1174 350 1222 ὥς
376 1175 656 1229 βοηθήσοντας
695 1171 768 1213 ἐπὶ
793 1172 1036 1225 “Ρωμαιόυς
1069 1171 1165 1222 τούς
1205 1174 1547 1227 πολιορκοῦντας,
1598 1173 1652 1228 τῇ
1685 1172 1726 1212 δ’

295 1235 492 1296 ἀληθείᾳ,
536 1238 587 1279 ἵν’
627 1234 753 1279 mitet*
785 1239 940 1290 μᾶλλον
970 1238 1259 1293 ιῖκριβέστερον
1299 1242 1565 1291 πολιορκοῖεν.
1619 1234 1778 1293 ὃπεριό

295 1302 346 1359 δη
375 1305 447 1344 καί
473 1301 578 1344 κατὰ
608 1301 682 1357 την
705 1303 859 1343 ἐκείνου
887 1301 1050 1358 γνώμην
1067 1305 1256 1344 ἐτελεῖτο.
1283 1304 1366 1343 τῶν
1392 1301 1472 1357 γὰρ
1497 1302 1724 1354 ‘Paulatim‘

297 1367 458 1421 συχνὰς
487 1369 564 1419 μὲν
606 1367 865 1419 ποιουμένων
903 1365 976 1415 τὰς
1013 1365 1297 1421 καταδρομὰς,
1339 1364 1518 1420 τάχιστα
1546 1368 1592 1408 δὲ
1619 1362 1724 1408 ἅνα-

293 1428 564 1486 χωρούντων,
595 1427 738 1480 ἀδείας
759 1429 797 1471 οἱ
826 1432 869 1472 ἐν
890 1432 1174 1488 Διδυμοτειβςῳ
1197 1429 1490 1485 τυγχάνοντες,
1514 1429 1588 1479 τοὶς
1615 1433 1720 1472 κατὰ

298 1491 466 1551 Θρᾴκην
493 1496 696 1548 ἐληΐζοντο
729 1493 868 1543 πόλεις
899 1494 969 1536 καί
994 1493 1151 1549 νύκτωρ
1182 1494 1254 1536 καί
1268 1497 1363 1547 μεθ’
1394 1495 1553 1549 ἡμέραν
1580 1494 1654 1536 καὶ
1677 1497 1723 1538 ἐκ

294 1561 369 1613 τῆς
397 1558 587 1612 ἁρπαγῆς
614 1559 687 1599 καί
712 1561 931 1612 λεηλασίας
961 1560 1172 1600 ἐποιοῦντο
1201 1558 1273 1608 τὰς
1297 1561 1372 1600 τοῦ
1397 1560 1492 1612 βίου
1512 1557 1776 1615 ἆφορμάς.2ο

293 1625 378 1664 τῶν
420 1624 585 1663 Μυσῶν
623 1623 668 1664 δὲ
706 1620 963 1664 ἐπελθόντων
999 1622 1073 1664 καί
1109 1625 1294 1676 συνεχῶς
1339 1625 1605 1676 ἐπικειμένων
1655 1626 1724 1679 ἐφ’

252 1691 255 1694 ’
295 1685 473 1741 ἡμέραις
498 1685 730 1739 πλείσταις,
760 1688 818 1735 εἰς
845 1686 986 1729 στενὸν
1012 1689 1165 1744 κομιδῇ
1191 1690 1383 1743 περιέστη
1415 1687 1464 1729 τὰ
1500 1689 1723 1744 πράγματα

297 1747 451 1803 αὐτοῖς,
481 1751 646 1792 πάντων
673 1747 752 1806 ἤδη
773 1750 1093 1794 κινδυνευόντων
1120 1752 1200 1793 ὑπὸ
1231 1754 1304 1793 τοῦ
1333 1757 1458 1805 λιμοῦ
1481 1754 1724 1808 διαφθαρῆα

296 1831 381 1858 ναι.
437 1817 586 1857 Μυσοὶ
612 1815 693 1871 γὰρ
731 1816 882 1869 ὁμοίως
908 1815 1150 1871 εΡωμαίους
1178 1833 1223 1860 τε
1260 1816 1438 1859 ἐκώλυον
1464 1824 1547 1867 τοῖς
1574 1821 1618 1860 ἐν
1643 1822 1722 1861 Δι-

296 1935 400 1964 nem,
442 1929 482 1957 ut
526 1926 556 1959 si
612 1926 880 1960 Cantacuzenus
936 1939 1009 1961 non
1049 1927 1203 1967 rediret,
1256 1929 1289 1961 ei
1333 1928 1458 1962 civitas
1500 1929 1722 1971 traderetur,

296 1975 416 2011 ratus,
450 1972 480 2003 si
521 1983 592 2017 quo
627 1975 732 2007 modo
778 1975 879 2006 illum
913 1973 957 2006 de
999 1975 1117 2007 medio
1152 1975 1383 2014 sustulisset,
1418 1985 1482 2019 pro
1514 1979 1610 2009 certo
1644 1987 1722 2010 eam

295 2016 532 2056 habiturum,
577 2019 670 2052 nihil
709 2020 871 2052 inausum
913 2020 1087 2065 reliquit,
1126 2032 1197 2064 quo
1235 2020 1449 2053 reditionem
1488 2022 1564 2053 eius
1606 2021 1722 2066 impe-

298 2061 410 2101 diret,
435 2069 498 2095 aut
523 2064 651 2105 etiam,
684 2065 713 2097 si
740 2071 857 2109 posct,
893 2065 995 2097 illum
1025 2067 1266 2107 interimeret,
1294 2066 1502 2111 crebrisque
1527 2067 1721 2110 legationi-

295 2107 364 2141 bus
391 2108 529 2142 Cralem
555 2115 591 2143 et
612 2112 797 2151 Helenam,
825 2121 979 2145 sororem
1005 2123 1118 2151 suam,
1145 2112 1242 2144 illius
1270 2113 1467 2156 coniugem,
1491 2113 1722 2155 sollicitabat,

296 2165 343 2186 ne
378 2154 665 2188 Cantacuzenum
699 2157 945 2196 dimitterent,
977 2158 1039 2190 sed
1072 2159 1226 2191 vinctum
1261 2157 1299 2189 in
1325 2168 1464 2190 carcere
1499 2160 1720 2193 custodirent

297 2201 354 2232 vel
381 2202 502 2243 potius
527 2201 753 2235 occiderent:
790 2202 839 2235 sic
868 2204 963 2235 enim
990 2215 1092 2247 posse
1117 2214 1175 2236 eos
1199 2204 1386 2247 imperium
1414 2206 1606 2238 Romanum
1630 2206 1719 2239 citra

297 2245 456 2278 laborem
481 2247 643 2291 adipisci.
694 2247 814 2281 Craies
839 2249 1104 2282 cohortationes
1136 2248 1212 2280 eius
1241 2254 1280 2281 ut
1304 2250 1480 2290 nefarias,
1517 2261 1627 2284 uxore
1651 2262 1719 2296 po—

296 2291 473 2324 tissimum
497 2292 680 2326 adnitente
714 2299 750 2326 et
784 2297 819 2326 in
856 2306 897 2328 co
927 2296 1026 2328 fratri
1055 2295 1280 2334 adversante,
1317 2296 1528 2339 repudiavit.
1574 2297 1716 2331 Moesus

297 2338 431 2381 copiis,
479 2345 628 2382 quantas
666 2340 747 2372 urbi
783 2340 1002 2373 obsidendae
1036 2340 1188 2385 putabat
1220 2341 1400 2382 sufficere,
1433 2342 1568 2381 missis,
1604 2354 1716 2388 prope

296 2392 416 2415 muros
442 2385 563 2417 castris
589 2385 715 2429 positis
741 2397 878 2419 servare
904 2387 1029 2426 iussit,
1060 2385 1209 2430 perInde
1234 2387 1334 2431 quasi
1358 2399 1421 2432 pro
1447 2389 1599 2421 obsessis
1625 2391 1717 2422 con-

295 2434 351 2461 tra
372 2429 546 2462 Romanos
571 2438 874 2476 propugnaturos:
905 2445 941 2465 re
965 2433 1052 2475 ipsa,
1079 2437 1118 2464 ut
1140 2433 1309 2476 oppidum
1334 2435 1479 2478 ipsimet
1497 2435 1715 2469 commodius

297 2473 506 2507 obsiderent
538 2482 573 2509 et
611 2483 868 2520 oppugnarent.
920 2479 1072 2511 Factum.
1120 2477 1208 2510 Nam
1239 2479 1403 2512 Romanis
1439 2491 1544 2525 saepe
1569 2481 1715 2525 quidem

296 2519 587 2561 incursantibus,
621 2522 683 2555 sed
708 2523 838 2556 festine
868 2524 1136 2562 recedentibus,
1175 2525 1504 2567 Didymotichenses
1532 2526 1715 2560 licentiam

295 2566 412 2603 nacti,
444 2567 616 2600 Thraciae
640 2568 742 2601 urbes
771 2576 878 2602 noctu
907 2570 1039 2614 diuque
1065 2569 1344 2613 depopulantes,
1367 2571 1451 2605 inde
1487 2571 1618 2604 victum
1642 2572 1714 2606 sibi

296 2612 559 2654 quaeritabant.
626 2614 755 2647 Moesis
791 2621 909 2647 autem
946 2620 1065 2658 postca
1103 2615 1355 2650 invadentibus
1397 2617 1610 2662 assiduoque
1650 2630 1715 2663 per

297 2656 374 2688 dics
399 2658 569 2698 plurimos
598 2660 910 2700 irmumbeniibns,
948 2673 1001 2693 res
1034 2671 1153 2692 eorum
1191 2663 1418 2696 vehomenter
1453 2665 1489 2696 in
1524 2670 1712 2706 angustum

297 2699 460 2734 redactae
485 2710 589 2742 sunt,
628 2706 795 2739 omnibus
834 2708 899 2739 iam
926 2707 972 2738 ob
1000 2707 1122 2739 famem
1150 2708 1193 2739 de
1227 2710 1298 2741 vita
1324 2708 1628 2752 periclitantibus3
1659 2712 1711 2742 si-

295 2746 442 2791 quidem
467 2750 577 2782 Moesi
607 2762 784 2796 peraeque
809 2759 846 2786 et
871 2755 1043 2786 Romanos
1071 2753 1192 2785 urbem
1222 2755 1354 2788 adoriri
1380 2759 1416 2787 et
1443 2755 1596 2787 urbanos
1622 2755 1710 2789 urbe

296 2792 394 2827 exire
425 2794 677 2838 prohibebant.
728 2798 837 2843 Quod
862 2800 891 2832 si
916 2800 978 2844 qui
1002 2798 1046 2832 de
1081 2809 1177 2833 more
1211 2801 1256 2834 ad
1287 2800 1527 2846 praedandum
1563 2801 1710 2846 egrede-
