1800 3132
286 161 396 227 384
483 235 486 238 Ι
809 178 1173 221 CANrAcUzENr

95 291 274 336 A‚c,1343
286 275 470 334 τριήρεις
493 277 566 320 καί
591 279 649 327 εἰς
677 277 872 332 Σμύρναν
903 278 1091 334 κατήγετο
1114 280 1236 336 ὀλίγῳ
1257 274 1454 333 ὕστερον,
1482 282 1555 320 τοῦ
1581 279 1704 321 πνεύ-

246 353 421 397 Βματος
470 342 539 384 αἐἰ
574 341 678 384 κατὰ
718 342 907 397 πρύμναν
947 343 1183 396 ἱσταμένου.
1247 343 1408 398 ’Ἀμοῦρ
1447 344 1493 384 δὲ
1531 345 1624 386 ἐπεῖ
1655 343 1706 389 τὰ

284 410 489 462 βασιλέως
526 409 754 461 γράμματα
793 409 948 458 δέξαιτο
989 410 1060 449 καί
1097 407 1173 462 τὴν
1200 410 1447 463 πρεσβείαν,
1494 407 1604 449 κόνιν
1631 410 1708 460 μὲν

285 473 508 526 κατεχέατο
547 474 620 527 τῆς
662 475 844 528 κεφαλῆς
888 474 958 514 καί
997 475 1084 530 θεῷ’
1119 471 1271 522 πολλὰς
1298 470 1499 526 (ὁμολόγει
1531 469 1709 526 χάριτας

286 541 360 592 τῆς
388 538 591 591 οἷγγελιάς.
649 532 700 591 ἦν
729 535 806 591 γὰρ
836 538 1034 592 πρότερον
1065 536 1249 592 α’κηκοιὸς
1265 570 1277 590 ,
1318 537 1374 585 ὥς
1415 538 1734 590 Καντακουζη-ἴ)

285 602 352 652 νὸς
382 602 402 643 ὃ
429 600 626 655 βασιλεῦς
654 600 908 656 τελευτήσειε
938 603 1158 657 διατρίβων
1185 604 1283 658 περὶ
1313 600 1567 656 Τριβαλούς’
1597 597 1709 641 οὕτω

287 665 367 721 γάρ
397 662 448 721 ἦν
477 669 821 721 προστεταγμένον
853 666 933 707 ὑπὸ
976 665 1158 720 μεγάλου
1190 665 1362 718 δουκύς,
1397 665 1494 715 τοὺς
1531 668 1601 708 ἑπί
1635 663 1711 719 τὴν

283 730 432 774 Ἀσίαν
477 731 764 784 διαβαίνοντας
800 733 844 773 ἐκ
883 729 1148 784 συνθήματος
1174 731 1332 780 πάντας
1362 733 1507 784 λέγειν.
1565 730 1711 771 αὐτίκα

287 813 334 838 τε
362 794 691 852 παρεσκευάζετο
736 795 879 838 στόλον
918 798 1045 846 νεῶν,
1094 796 1215 853 ὀλίγῳ
1259 798 1440 837 δεουσῶν
1476 797 1712 840 διακοσίων.

289 860 361 902 καί
389 858 409 901 ὃ
438 861 568 913 μέγας
599 858 697 911 δοὺξ
727 860 818 902 ἐπεὶ
834 862 992 915 ἀγνοεῖν
1010 860 1061 902 τὰ
1089 862 1332 915 γεγενημένα
1365 862 1439 901 οιῖκ
1467 861 1585 913 ἐνῆν,
1612 863 1766 902 πολ-ιο

292 928 375 967 λῶν
402 925 597 967 Ἀσίαθεν
621 923 694 979 τὴν
720 925 985 980 παρασκευήν
1015 929 1091 967 τοῦ
1120 923 1269 968 στόλου
1291 923 1585 978 ἀγγελλόντων,
1614 938 1711 977 πρε-

240 1044 243 1047 ,
292 991 438 1043 σβείαν
463 991 508 1030 ἐκ
536 991 834 1044 Θεσσαλονίκης
861 992 1037 1031 ἐποιεῖτο
1068 989 1171 1046 πρὸς
1194 988 1378 1044 Ἀμούρ,
1423 991 1495 1030 καί
1519 987 1714 1042 χρήματα

291 1054 341 1097 τοὶ
370 1056 447 1107 μὲν
482 1055 646 1106 ἐδίδου,
687 1053 737 1096 τὰ
781 1056 826 1096 δὲ
855 1054 927 1096 καί
952 1057 1240 1109 ἐπηγγέλλετο,
1281 1055 1320 1094 εἰ
1349 1052 1407 1108 μὴ
1447 1050 1624 1104 πόλεμον
1651 1068 1714 1092 κι-

175 1120 289 1165 Ρ·564
302 1121 389 1173 νοίη
418 1117 521 1175 πρὸς
548 1117 677 1160 αὐτὸν
697 1151 707 1170 ,
750 1121 856 1174 μηδὲ
884 1122 1122 1174 συμμαχοιή
1152 1118 1496 1174 Καντακουζηνιῇ.
1548 1115 1570 1157 ὅ
1600 1118 1634 1157 δ’
1663 1115 1714 1156 οἷ·-

290 1186 538 1238 πεπέμψατο
567 1182 642 1238 τήν
670 1187 917 1240 πρεσβείαν,
959 1184 1147 1225 α’δύνατα
1180 1181 1364 1239 φάμενος
1388 1183 1531 1223 αἰτεῖν.
1585 1178 1768 1228 αὖτὸνι5

290 1248 370 1304 γὰρ
412 1249 535 1290 παντί
576 1249 715 1289 σθένει
757 1247 1047 1303 συμμαχήσειν
1083 1252 1256 1301 βασιλεῖ.
1314 1248 1515 1299 δεομένων
1554 1247 1599 1286 δὲ
1633 1247 1714 1285 τῶν

292 1316 506 1368 πρέσβεων
547 1311 598 1354 τὰ
640 1314 754 1368 δῶρα
788 1315 1010 1367 δέχεσθαι,
1043 1314 1092 1353 οὐ
1132 1314 1399 1364 κατεδέξατο,
1437 1311 1712 1363 ἀνελευθέρου

294 1376 433 1434 φήσας
460 1374 564 1419 εἶναι
591 1377 664 1418 καὶ
683 1375 872 1431 χρήμασι
901 1379 1206 1429 δεδουλωμένον
1252 1378 1325 1418 νῦν
1349 1378 1426 1428 μὲν
1458 1376 1599 1430 φιλίας
1630 1375 1715 1416 ἓνε-

292 1460 346 1485 κα
381 1444 497 1498 δῶρα
535 1445 761 1498 φαίνεσθαι
789 1441 1034 1495 δεχόμενον,
1066 1439 1237 1496 ὕστερον
1271 1442 1316 1491 δὲ
1347 1436 1466 1496 ὀλίγῳ
1494 1441 1717 1491 πολεμοῦν-

293 1525 363 1550 τα.
418 1504 842 1562 παρασκευασάμενος
870 1508 915 1547 δὲ
943 1507 986 1547 ἐν
1012 1509 1171 1561 βραχεῖ’
1191 1504 1264 1546 καί
1287 1501 1482 1560 χρήματά
1502 1519 1555 1544 -τε
1586 1500 1772 1544 nondam

294 1578 387 1621 ταῖς
416 1572 561 1613 ναυσίν
588 1573 809 1624 ἐνθέμενος
830 1572 902 1612 καί
936 1570 987 1612 τὰ
1018 1565 1122 1612 ἄλλα
1152 1569 1363 1623 ἐπιτήδεια
1385 1601 1396 1622 ,
1425 1567 1482 1616 ὦς
1513 1567 1719 1622 χρονίσων

291 1639 351 1685 εἰς
377 1634 450 1690 τὴν
477 1636 681 1688 βασιλέως
710 1635 978 1689 συμμαχίαν,
1026 1633 1192 1689 α’νήγετο
1226 1636 1271 1675 ἐκ
1297 1632 1485 1688 Σμύρνης
1522 1631 1594 1673 καὶ
1620 1633 1719 1685 προ-

293 1703 421 1756 ῆλθεν
462 1696 586 1756 ἄχρις
623 1699 804 1754 Εὖβοίας
841 1702 989 1756 καιροῦ
1015 1716 1154 1752 τυχων
1182 1700 1427 1754 ἐπιτηδείου.
1482 1698 1645 1749 ἀνέμων
1673 1696 1720 1736 δὲ

256 1765 385 1809 Βέκεΐ
405 1765 665 1808 πνευσάντων
697 1766 914 1818 ἐναντίων,
945 1763 1103 1818 ἔμεινεν
1129 1765 1199 1806 ἐπὶ
1223 1761 1379 1817 συχνὰς
1406 1762 1576 1817 ἡμέρας.
1619 1758 1721 1811 δούξ

296 1922 380 1962 hit,
413 1932 521 1967 quam
554 1921 758 1966 longissime
794 1921 838 1953 ab
879 1921 953 1954 illis
987 1918 1193 1952 triremibus
1228 1915 1461 1954 custodibus,
1488 1924 1604 1958 eoque
1628 1922 1719 1945 con-

298 1979 443 2008 scenso,
469 1968 558 1999 clam
585 1967 723 2008 iisdem,
748 1972 854 2001 vento
880 1966 1036 2000 secundo
1062 1971 1100 1998 et
1124 1976 1143 1996 a
1167 1964 1280 2009 puppi
1307 1972 1445 2006 semper
1467 1962 1720 2004 prosequente,

297 2015 408 2060 paulo
431 2020 513 2057 post
535 2014 714 2056 Smyrnam
743 2013 923 2045 allabitur.
971 2011 1135 2044 Amurius
1150 2035 1161 2051 ‚
1185 2009 1337 2054 acceptis
1369 2007 1511 2046 litteris,
1536 2005 1722 2050 pulverem.

300 2061 345 2094 de
369 2061 485 2104 capite
512 2061 666 2092 excussit
691 2060 839 2103 Deoque
864 2057 910 2091 ob
938 2058 1106 2090 nuntium
1127 2056 1253 2100 gratias
1276 2054 1413 2099 prolixe
1439 2053 1526 2095 egit,
1583 2049 1720 2084 Audie-

299 2112 357 2140 rat
380 2105 572 2150 siquidem,
590 2105 874 2138 Cantacnzeuum
900 2104 938 2136 in
962 2103 1133 2136 Triballis
1156 2102 1228 2135 vita
1259 2100 1469 2134 excessisse:
1507 2096 1593 2142 quia
1620 2094 1722 2129 vide-

297 2154 388 2186 licet
411 2162 430 2183 a
456 2161 579 2195 magno
607 2150 696 2183 duce
721 2153 934 2194 imperatum
959 2154 1056 2188 erat,
1082 2154 1123 2181 ut
1146 2148 1207 2192 qui
1230 2147 1270 2179 in
1291 2145 1406 2178 Asiam
1432 2143 1642 2180 transirent,
1677 2151 1722 2174 ex

299 2198 498 2242 composito
550 2207 672 2228 omnes
737 2206 816 2228 eum
849 2205 1024 2229 rumorem
1057 2197 1269 2238 spargerent.
1341 2191 1426 2223 Mox
1459 2189 1566 2233 paulo
1603 2188 1722 2220 minus

299 2244 470 2277 ducentas
498 2252 606 2276 naves
633 2242 782 2275 instruit
809 2245 917 2286 atque
943 2245 1056 2273 ornat.
1104 2239 1251 2282 Magnus
1278 2236 1348 2269 dux
1365 2260 1374 2276 ,
1396 2234 1494 2280 quod
1518 2235 1630 2266 latere
1648 2242 1722 2265 non

297 2293 465 2335 poterant
507 2299 597 2333 quae
633 2287 789 2327 fiebant,
820 2297 898 2319 cum
933 2286 1038 2327 multi
1078 2295 1119 2318 ex
1150 2284 1234 2316 Asia
1259 2282 1446 2317 venientes
1472 2281 1516 2314 de
1551 2282 1722 2323 apparatu

299 2336 366 2369 illo
402 2339 609 2372 narrarent,
647 2333 900 2366 Thessalonica
935 2333 1069 2376 legatos
1109 2330 1155 2362 ad
1190 2329 1374 2362 Amurium
1399 2326 1532 2366 mittit,
1553 2323 1723 2368 pecunias

303 2381 393 2415 alias
430 2381 469 2412 in
507 2388 675 2423 praesens
708 2381 834 2418 offert,
859 2378 945 2411 alias
970 2379 1008 2410 in
1034 2377 1192 2409 futurum
1218 2373 1394 2418 spondet,
1415 2374 1445 2406 si
1471 2371 1577 2404 armis
1602 2374 1724 2402 contra

304 2437 341 2459 se
366 2431 403 2459 et
427 2425 597 2459 societate
615 2427 703 2457 'eum
728 2425 976 2458 Cantacuzeno
1000 2421 1186 2455 abstineat.
1236 2418 1440 2463 Respondet
1463 2418 1578 2456 Persa,
1601 2419 1723 2458 petere

304 2473 388 2504 illos
424 2482 515 2516 quae
553 2471 631 2503 fieri
665 2475 865 2515 nequeant,
903 2480 940 2503 se
971 2467 1135 2500 omnihus
1160 2467 1277 2499 nervis
1301 2466 1551 2509 imperatorem
1574 2459 1724 2494 adiutu-

305 2528 397 2553 rum.
446 2515 663 2560 Rogantibus
689 2517 838 2560 legatiS,
864 2520 903 2548 ut
925 2524 1071 2547 munera
1095 2511 1294 2554 acciperet,
1324 2510 1512 2549 recusavit,
1536 2505 1631 2552 quod
1656 2505 1728 2538 ho.-

306 2563 414 2595 minis
455 2573 532 2595 esse
568 2562 758 2595 illiberalis
787 2567 824 2594 et
853 2561 1027 2605 pecuniae
1061 2558 1248 2592 servientis
1274 2557 1428 2595 diceret,
1459 2563 1553 2588 nunc
1578 2550 1725 2597 quidem

302 2608 489 2656 'amicitiae
518 2619 620 2641 causa
646 2607 739 2640 dona
768 2608 948 2651 accipere,
974 2611 1010 2639 et
1035 2615 1108 2636 non
1131 2604 1245 2636 multo
1272 2608 1354 2647 post
1391 2602 1581 2634 donantem
1619 2596 1724 2629 armis

308 2658 446 2697 petere.
502 2654 605 2687 Brevi
642 2659 761 2686 autem
795 2653 1008 2690 instructus,
1047 2649 1242 2694 grandique
1275 2647 1425 2693 pecunia
1458 2650 1494 2679 et
1527 2645 1726 2676 commeatu

309 2700 349 2732 in
380 2709 487 2731 naves
518 2699 716 2742 impositis,
746 2703 872 2742 utpote
908 2698 970 2731 diu
996 2706 1074 2728 curn
1098 2696 1309 2739 imperatore
1334 2689 1605 2738 opis'ssserendae
1629 2698 1727 2731 per-‚

296 2754 497 2779 *mansurus
512 2767 525 2785 ‚
554 2742 704 2788 Smyrna
726 2744 848 2786 solvit,
874 2748 911 2778 et
934 2740 1087 2777 secunda
1113 2745 1323 2786 tempestate
1363 2737 1545 2787 Euboeam
1584 2731 1728 2769 devenit
