1820 3138
568 180 946 224 His‘romAssnM
984 181 1056 221 111.
1083 183 1155 227 05.
1457 157 1570 232 399

130 286 235 344 πρὸς
281 287 327 328 δὲ
368 285 444 340 τὴν
487 287 710 340 πρεσβείαν
760 278 892 332 οὕτως
943 280 1206 338 α’πεκρίνατο.
1271 276 1444 332 Ἀμοῠρ
1489 276 1662 329 μὲνΑ.ῦ.
1681 283 1765 328 ⁸343

131 352 290 409 ἔγραφε
318 348 470 399 πολλὰς
506 348 613 391 κατὰ
641 350 848 402 βασιλέως
882 344 1028 402 ὕβρεις
1070 349 1144 388 καί
1168 341 1384 399 χαλεπάς·
1442 342 1573 384 αὐτοῦ

132 421 178 460 δὲ
206 418 442 472 καθήπτετο
479 417 683 470 μετρίως,
731 411 797 455 ὅτι
837 414 1178 468 Καντακουζηνῷ
1220 411 1466 451 α’κολουθεῖν
1505 406 1573 450 αἷ-

132 490 260 538 ροῖτο,
292 483 443 533 α’νάξια
473 484 603 523 ποιῶν
630 483 702 534 τῆς
729 481 935 535 σφετέρας
965 476 1174 529 εὐδοξίας·
1207 478 1331 518 πλέον
1360 476 1405 516 δὲ
1436 471 1573 516 οὐδέν.

106 552 303 603 5βασιλεῖ
320 550 366 590 δὲ
394 546 596 603 ἔφασκεν,
625 545 681 595 ὥς
711 543 758 587 οὖ
788 546 946 587 δέοιντο
976 545 1133 595 αὐτοῦ,
1163 538 1256 584 οὔτε
1286 538 1574 594 συμβασιλεύ-

127 631 189 657 ειν
215 620 302 664 τοῖς
328 614 534 667 βασιλέως
567 612 693 654 παισί
730 610 803 654 καὶ
822 611 1048 664 Ῥωμαίων
1087 606 1259 664 ἄρχειν,
1302 603 1385 650 οὔτ’
1424 607 1571 654 αὐτοῖς

125 679 277 734 ὁμοίως
305 681 455 722 δοῦλον
493 676 615 721 εἶναι.
689 676 752 720 ἔτι
780 693 828 732 γε
872 675 955 732 μὴν
993 676 1086 718 οὔδ’
1121 675 1258 718 αὐταῖν
1298 674 1338 715 εἰ
1377 672 1570 727 βούλοιτο

127 748 274 788 δοῦλον
310 742 441 800 εἶναι,
483 746 557 787 καὶ
602 745 796 786 δουλείαν
822 742 899 798 τήν
941 744 1161 797 αἰσχίστην
1207 742 1266 789 εἷς
1311 738 1570 792 ἱπποκόμους

126 814 201 854 καί
221 815 451 867 μαγείρους
473 812 743 865 τεταγμένον,
772 809 879 852 ἀλλὰ
907 809 1156 863 πολεμήσειν
1184 800 1286 862 ἄχρι
1315 803 1470 853 παντὸς
1498 804 1606 850 καίο

77 875 302 931 ιοτάχιστα
332 879 593 933 διαφθερεῖν.
650 874 826 931 καὶγὰρ
857 874 904 918 τὸ
935 880 1142 929 περιεῖναι
1177 874 1306 927 μέχρι
1345 873 1447 922 νῦν,
1488 869 1570 922 οὐχ

122 943 149 998 ἢ
178 940 374 996 σύνεσις,
420 943 512 984 οὐδ’
540 942 565 998 ἦ
595 938 831 998 στρατηγιά
849 941 1152 996 -περιέσωσεν,
1197 937 1302 980 ἀλλὰ
1334 935 1380 979 τὸ
1418 933 1570 991 πόρ’ῥω

121 1011 206 1051 ποῦ’
232 1011 278 1051 ἑν
311 1011 534 1064 Τριβαλοῖς
573 1006 788 1063 πλανήτην
816 1008 1059 1062 διατριβειν.
1105 1007 1199 1047 νυνί
1225 1004 1265 1046 δ’
1291 1005 1385 1045 ἐπεὶ
1410 1003 1569 1056 ἐγένετο

121 1073 270 1130 ἐγγυς,
295 1074 490 1117 εἴσεσθαι
519 1073 596 1129 τήν
622 1076 845 1128 ταχίστην,
888 1070 950 1117 ὅτι
977 1072 1143 1125 βέλτιον
1178 1066 1231 1127 ἦν
1270 1070 1386 1126 αὐτῷ
1413 1066 1570 1124 θητεύω

120 1157 183 1183 ειν
206 1139 323 1196 παρὰ
358 1144 607 1196 Τριβαλοῖς,
645 1135 675 1195 ἦ
704 1138 827 1195 ἐγγὺς
853 1141 929 1195 τῆς
952 1138 1174 1191 Ῥωμαίων
1199 1133 1417 1191 γενόμενον
1444 1138 1569 1187 βασι-

74 1207 260 1260 ιόλείας,
291 1209 572 1264 α’μφισβητεῖν
601 1206 700 1262 περὶ
725 1207 868 1262 αὐτῆς.
925 1206 1124 1262 Βρουλᾶν
1153 1205 1198 1246 δὲ
1225 1200 1328 1256 μετὰ
1358 1201 1433 1250 τὰς
1474 1215 1568 1242 ποι-

119 1271 196 1323 νὰς
224 1274 383 1323 ὲκείνας
409 1271 488 1321 τὰς
522 1268 767 1328 ἀνημέρους
801 1274 859 1331 τῷ
899 1273 944 1314 ἐν
975 1276 1061 1320 τοῖς
1089 1272 1413 1312 Κωνσταντίνου
1443 1270 1568 1321 βασι-

118 1340 246 1388 λείοις
283 1340 359 1380 τοῦ
388 1336 571 1393 μεγάλου
615 1337 886 1396 δεσμωτηρίῳ
925 1340 1169 1392 καθεῖρξαν.
1223 1333 1268 1384 ὃς
1304 1336 1378 1375 καί
1415 1330 1567 1387 μικρὸν

119 1400 298 1459 ὕστερον
326 1405 510 1460 ἀνῃρέθη
537 1402 643 1456 μετὰ
672 1406 754 1446 τῶν
784 1399 921 1446 ἄλλων
948 1404 1277 1456 συνδεσμωτῶν,
1318 1402 1397 1443 τοῦ
1429 1396 1565 1454 δήμου

121 1470 206 1510 τῶν
234 1470 479 1519 Βυζαντίων
518 1470 767 1522 ἐπιθεμένου
798 1469 904 1523 μετὰ
942 1467 1016 1524 τήν
1047 1466 1312 1511 ’Λποκαύκου
1341 1463 1566 1520 τελευτὴν,

60 1531 253 1591 αοῖίσπερ
283 1532 460 1589 ὕστερον
486 1533 701 1590 εἰρήσεται
727 1534 865 1593 ὀλίγῳ.
904 1537 1040 1577 ταῦτα
1081 1535 1128 1576 δὲ
1157 1530 1270 1590 αὐτῷ’
1307 1534 1563 1586 ἐπράττετο,

115 1602 161 1642 ἐκ
190 1598 345 1648 παντὸς
384 1598 540 1653 τρόπου
570 1597 640 1641 τὸν
685 1598 863 1653 πόλεμον
902 1596 1255 1650 κατασκευάζοντι
1304 1597 1378 1639 καί
1407 1601 1599 1651 βουλο-Ι)

113 1667 225 1724 μένῳ
259 1667 460 1719 βασιλίδα
486 1681 531 1707 τε
559 1663 667 1719 ὁμοῦ
692 1664 764 1707 διὰ
792 1664 864 1708 τὸν
881 1665 1015 1722 φόβον
1041 1667 1124 1708 τῶν
1151 1666 1427 1718 τολμωμένων
1455 1660 1567 1705 dud-

113 1747 199 1786 γειν
238 1734 315 1787 τῆς
356 1731 523 1787 εἰρήνης
550 1730 624 1773 καί
651 1730 999 1788 Καντακουζηνόν
1030 1730 1104 1774 τὸν
1131 1732 1311 1786 βασιλέα
1349 1728 1455 1787 πρὸς
1494 1728 1568 1784 ἔχ-

232 1821 263 1855 3.
289 1819 560 1855 ἀκολουθεῖναι
587 1821 625 1854 P.

116 1910 193 1940 rate
217 1904 444 1950 obiurgavit,
485 1915 566 1938 cum
588 1904 692 1938 aliud
716 1915 791 1939 non
816 1903 1010 1946 scriberet,
1052 1915 1159 1950 quam
1197 1916 1258 1939 sua
1295 1903 1459 1938 claritate
1487 1912 1565 1938 rem

119 1952 305 1998 indignam
330 1951 577 1992 committere,
612 1952 675 1997 qui
699 1952 992 1986 Cantacuzenum
1028 1955 1261 1997 sequeretur:
1296 1952 1337 1984 in
1366 1951 1565 1995 imperato·

113 2011 191 2033 rem
224 1999 314 2032 haee
346 1999 448 2032 illius
486 1997 744 2033 maledicentia
784 1999 878 2039 fuit,
912 1997 1009 2032 haud
1035 2009 1123 2043 opus
1151 2009 1230 2032 esse
1255 1997 1340 2039 illo,
1374 2007 1495 2042 neque
1521 2002 1564 2032 ut

115 2046 198 2080 loco
233 2046 391 2090 collegae
432 2055 512 2078 cum
544 2044 670 2078 liberis
712 2046 941 2091 imperatoris
975 2047 1153 2078 Romanos
1178 2044 1406 2084 moderetur,
1440 2054 1562 2089 neque

116 2098 160 2126 ut
196 2103 278 2125 cnm
314 2092 402 2137 ipsis
437 2103 555 2137 aeque
591 2092 759 2126 subditus
784 2092 840 2125 sit.
891 2092 992 2137 Quin
1019 2092 1160 2125 etiamsi
1189 2093 1276 2137 ipsis
1302 2089 1435 2124 servire
1459 2091 1563 2131 velit,

114 2149 333 2184 quamquam
349 2139 388 2171 in
405 2139 609 2173 ministerio
625 2138 874 2173 sordidissimo
892 2143 928 2171 et
951 2138 1196 2172 abiectissimo
1210 2163 1219 2179 ,
1244 2139 1339 2171 inter
1363 2139 1560 2182 equisones

114 2191 153 2219 et
176 2197 278 2220 cocos
305 2185 500 2225 videlicet,
525 2186 625 2220 noue
652 2187 731 2219 eius
755 2196 927 2231 operam,
956 2186 1020 2219 sed
1045 2190 1314 2231 oppugnaturos
1341 2194 1423 2217 eum
1461 2194 1560 2218 sem..

112 2242 179 2276 per
204 2238 241 2266 et
266 2231 368 2265 brevi
393 2232 586 2265 admodum
614 2233 660 2266 ad
689 2244 810 2266 orcum
838 2232 1067 2266 demissuros.
1138 2231 1230 2265 Nam
1255 2229 1354 2277 quod
1378 2241 1493 2276 usque
1517 2231 1559 2264 in

112 2277 212 2311 hunc
262 2278 359 2311 diem
400 2279 540 2313 fruatur
569 2280 728 2324 spiritu,
773 2290 847 2313 non
880 2278 1076 2324 prudentia
1114 2284 1178 2311 aut
1211 2282 1288 2313 arte
1326 2277 1560 2322 imperatoria

113 2331 292 2359 servatum
332 2335 429 2365 esse,
466 2335 589 2360 verum
627 2326 714 2372 quia
759 2327 887 2371 procul
923 2325 1020 2370 apud
1059 2325 1244 2359 Triballos
1288 2335 1369 2358 erro
1414 2323 1560 2358 vixerit.

111 2371 219 2405 Nunc
244 2372 330 2415 quia
359 2372 506 2416 propius
534 2373 651 2414 adsit,
677 2373 794 2417 primo
818 2383 965 2418 quoque
995 2378 1159 2417 tempore
1186 2377 1437 2416 experturum,
1478 2381 1558 2404 me-

114 2418 187 2452 lius
216 2419 286 2464 ipsi
323 2418 435 2451 fuisse
474 2419 570 2463 apud
594 2419 741 2452 eosdem
766 2419 949 2453 Triballos
975 2419 1131 2452 mercedi
1157 2418 1243 2451 dare
1272 2428 1422 2464 operas,
1447 2428 1557 2463 quam

114 2476 314 2508 regressum
339 2464 378 2498 in
406 2465 494 2498 fines
520 2466 669 2500 Romani
695 2467 862 2510 imperii,
890 2465 984 2499 illud
1009 2465 1079 2499 sibi
1104 2475 1272 2499 asserere.
1321 2464 1463 2497 Brulam
1488 2476 1556 2498 au-

114 2515 189 2544 tem
223 2517 304 2557 post
325 2512 498 2544 immania
520 2512 584 2546 illa
608 2513 788 2559 supplicia
816 2514 856 2547 in
881 2523 1056 2546 carcerem
1075 2537 1084 2553 ,
1119 2514 1158 2545 in
1183 2511 1411 2545 Constantini
1435 2511 1556 2556 magni

114 2558 253 2602 palatio
288 2558 537 2598 incluserunt,
571 2560 635 2604 qui
674 2564 712 2592 et
745 2560 853 2605 paulo
892 2564 976 2604 post
1010 2570 1089 2592 cum
1125 2558 1205 2591 aliis
1235 2557 1388 2597 vinctis,
1417 2558 1554 2603 populo

114 2605 311 2648 Byzantino
344 2609 425 2649 post
459 2609 611 2639 mortem
634 2605 843 2651 Apocauchi
861 2631 870 2646 ,
907 2610 948 2638 ut
982 2606 1075 2639 infra
1101 2615 1175 2637 non
1198 2604 1304 2649 longe
1329 2603 1553 2644 docebimus,

114 2650 280 2685 irruente
306 2650 517 2684 interfectus
541 2657 606 2685 est.
675 2652 770 2686 Haec
797 2653 859 2686 ille
885 2651 1034 2697 agebat,
1071 2656 1112 2684 ut
1137 2651 1252 2684 modis
1277 2651 1445 2685 omnibus
1470 2650 1554 2684 bel-

113 2696 189 2730 lum
217 2702 391 2737 strueret,
418 2703 455 2730 et
479 2699 746 2742 imperatricem
773 2698 984 2732 huiusmodi
1011 2698 1212 2732 facinorum
1251 2698 1552 2732 terriculamentis

114 2754 135 2775 a
161 2744 443 2789 cogitationibus
469 2746 566 2788 pacis
591 2750 775 2780 avocaret:
802 2746 1090 2778 Cantacuzenum
1125 2755 1209 2778 vero
1243 2743 1290 2776 ad
1322 2743 1551 2790 implacabile

112 2790 235 2824 odium
271 2791 523 2836 ultionemque
555 2797 778 2839 provocaret.
835 2792 994 2827 Noverat
1029 2791 1210 2838 siquidem
1241 2790 1477 2837 planissime,
1520 2791 1551 2824 si
