1812 3146
498 178 873 221 HISTORIARUM
917 184 988 223 111.
1030 184 1100 227 80.
1431 165 1547 240 493

111 294 153 320 τι
184 277 522 334 περιεργότερον,
564 279 633 322 ἵνα
673 283 758 331 τοῖς
798 285 963 331 πολλοῖς
991 282 1132 339 δοκοίη
1159 283 1395 339 ἀναγκαίων
1421 286 1546 328 τινοῖν
1560 293 1642 328 A.c.
1658 292 1746 338 ¹344

113 346 210 399 πέρι
236 346 454 402 Βυζαντίῳ
482 347 782 401 ἐνδιατριῖθειν·
814 347 887 389 καί
912 346 961 397 ὃς
987 349 1152 391 ου’δέπω
1171 347 1374 406 πρότερον
1400 347 1550 394 ούδένα

113 411 192 450 τοῦ
226 406 392 464 ἀγαθοῦ
418 412 492 452 καί
520 412 684 456 δικαίου
713 414 835 467 λόγον
863 413 1090 469 ἐποιήσατο
1103 449 1116 469 ‚
1160 415 1427 472 δικαιοσύνην
1457 415 1554 472 ε’κή-

113 478 212 530 ρυξε
238 477 312 518 καί
339 471 550 533 εὐθύτητα
590 479 690 533 περὶ
725 477 801 527 τοὶς
831 481 980 530 δίκας·
1024 483 1097 523 καί
1141 479 1377 536 καθήμενος
1414 483 1460 525 ἐν
1496 482 1592 539 ,τῇὓ

89 539 222 598 ὄμονῇ
246 543 437 596 Χριστοῦ
464 545 540 585 τοῦ
563 545 748 599 σωτῆρος
774 548 843 587 καὶ
861 545 1076 600 εὐεργέτου
1116 547 1285 597 ἐδίκαζε
1326 545 1396 589 διὰ
1417 545 1554 603 πάσης

110 607 182 660 τῆς
220 602 404 662 ἡμέρας,
442 611 542 663 περὶ
566 607 812 663 συμβόλαια
853 612 928 653 καί
966 610 1181 661 ἰδιωτικὰς
1217 611 1556 669 ἀμφισβητήσεις

112 665 430 726 ἀσχολούμενος.
458 672 629 730 ἐφρόνει
659 676 706 717 δὲ
730 673 1053 730 Ῥαδαμάνθυος
1085 677 1210 720 οὐδὲν
1226 672 1344 733 ἧττον
1370 677 1444 720 ἐπὶ
1458 675 1554 720 τού-

109 752 198 787 τοις
214 770 227 790 ,
259 736 307 787 ὃς
334 742 408 782 καί
436 739 513 795 την
543 743 696 797 νεκρῶν
723 742 842 797 δίκην
870 744 1027 797 ἐλέγετο
1055 741 1367 800 ἐπιτετράφθαι
1383 742 1455 785 διὰ
1476 743 1553 799 τὴν

111 802 404 861 δικαιοσύνην,
446 807 605 860 α’γνοῶν
650 806 709 856 ὥς
751 808 875 850 ου’δὲν
912 809 1200 864 ἀγεννέστερον
1229 810 1303 859 καὶ
1327 813 1554 864 καταγελα-

64 867 302 925 ιοστότερον
336 873 568 926 στρατηγοῦ
607 870 689 914 ὕπὸ
734 875 916 928 πολέμου
973 873 1175 916 τοσούτου
1223 873 1551 931 περιρρεομένου

110 933 186 976 καί
210 937 481 989 συμβολαίοις
508 937 789 992 σχολάζοντος
804 973 819 994 ,
860 941 929 982 ἵνα
968 939 1067 990 τούς
1106 942 1206 982 καθ’
1232 942 1408 983 ἕκαστον
1437 939 1551 984 ἰδιώ-

111 1016 189 1049 τας
213 1000 396 1057 ὠφελοίη
423 1004 505 1044 τῶν
536 1004 684 1046 κοινῶν
713 1007 974 1059 καταμελῶν.

221 1065 274 1109 π’.
328 1069 369 1110 Γ
368 1070 526 1120 αβαλᾶς
554 1069 601 1110 δὲ
637 1068 660 1111 ὅ
693 1071 826 1125 μέγας
864 1073 1111 1127 λογοθέτης,
1149 1074 1228 1114 τοῦ
1262 1071 1420 1127 χρόνου
1458 1078 1592 1127 τρι-Ρ.
1609 1081 1678 1116 628

109 1132 311 1186 βομένου,
355 1134 448 1175 ἐπεὶ
471 1133 543 1176 τὸν
560 1133 693 1188 γάμον
724 1137 799 1192 τῆς
831 1135 1046 1193 θυγατρὸς
1084 1134 1108 1178 ὅ
1133 1139 1267 1192 μέγας
1303 1137 1406 1190 δούξ
1440 1137 1550 1180 κατὰ

61 1197 205 1246 ιότούς
234 1194 382 1254 ὅρκους
409 1199 485 1240 οιῖκ
521 1201 749 1255 ἀπεδίδου,
789 1203 1066 1257 ἐδυσχέραινέ
1109 1218 1155 1244 τε
1193 1203 1244 1244 οὖ
1274 1205 1456 1258 μετρίως
1480 1204 1554 1259 την

107 1261 259 1319 τριβήν
303 1266 376 1305 καί
413 1267 579 1323 μεγάλῳ
618 1268 739 1309 δουκί
778 1269 878 1323 περὶ
917 1270 993 1310 τοῦ
1035 1266 1171 1322 γάμου
1201 1269 1434 1323 διελέγετο,
1461 1268 1592 1319 (ξι-Β

110 1331 168 1370 ὧν
197 1334 331 1371 ποιεῖν
361 1328 465 1372 κατὰ
497 1330 593 1381 τούς
619 1329 784 1388 ὅρκους.
812 1331 835 1374 ὅ
866 1334 906 1374 δ’
921 1331 1078 1390 ἔφασκε
1120 1335 1199 1387 μὲν
1236 1334 1310 1375 καί
1335 1334 1450 1392 αὐτῷ
1478 1336 1551 1375 διὰ

109 1395 295 1448 σπουδῆς
333 1390 440 1436 εἶναι
483 1399 558 1438 καί
587 1393 801 1453 προῦργου
844 1398 1021 1452 παντὸς,
1058 1398 1137 1454 τὴν
1188 1399 1359 1456 νύμφην
1399 1401 1446 1442 δὲ
1483 1399 1558 1442 καί

111 1458 189 1514 τὴν
227 1461 388 1515 μητέρα
426 1461 735 1504 ἆπαναίνεσθαι
779 1462 852 1505 διὰ
879 1464 955 1519 τὴν
991 1464 1295 1520 πολυσαρκίαν.
1350 1464 1550 1519 συνεβού-

55 1526 203 1568 2ολευέ
231 1541 276 1566 τε
304 1528 587 1582 φαρμακείαις
611 1529 866 1583 χρήσασθαί
889 1545 1022 1582 τισιν,
1063 1528 1108 1572 εἴ
1131 1546 1221 1580 πως
1258 1531 1440 1585 γένοιτο,
1468 1533 1553 1572 τῶν

108 1590 294 1646 ἐγκάτων
321 1593 680 1647 συνεσταλμένων,
708 1593 950 1651 λεπτότερον
978 1596 1165 1651 φανῆναι
1208 1598 1281 1638 καί
1326 1597 1557 1651 ἐπέραστον

108 1659 161 1715 τῇ
196 1657 370 1714 νύμφῃ·
406 1655 517 1700 πάνυ
561 1657 642 1715 γὰρ
681 1658 795 1714 ἔχειν
835 1660 976 1716 αἠὃῶς
1015 1659 1122 1718 πρὸς
1154 1660 1232 1718 τήν
1267 1660 1556 1719 ἀσυμμετρίαν

206 1763 258 1798 ¹7·
285 1753 359 1800 μὲν
381 1764 451 1787 om.
476 1753 514 1790 P.

111 1846 302 1890 desperare
333 1846 441 1890 vulgo
471 1845 676 1887 videretur,
708 1846 881 1892 quiddam
906 1847 1087 1892 singulare
1114 1849 1299 1891 instituit,
1331 1854 1374 1884 ut
1397 1850 1552 1896 quibus-

113 1892 193 1925 dam
219 1893 397 1936 Byzantio
419 1895 633 1927 necessariis
659 1893 825 1928 distineri
852 1894 1069 1928 crederetur.
1125 1896 1170 1929 Et
1195 1896 1258 1942 qui
1281 1902 1366 1931 ante
1388 1897 1430 1929 id
1456 1902 1551 1931 tem..

110 1950 179 1984 pus
213 1938 349 1972 bonum
390 1944 427 1973 et
467 1940 602 1973 iustum
626 1951 811 1986 nunquam
838 1940 906 1973 hili
939 1941 1092 1981 fecerat,
1129 1943 1262 1975 iustum
1286 1948 1325 1976 et
1351 1949 1486 1977 rectum
1510 1945 1551 1978 in

113 1986 230 2019 causis
255 1989 293 2019 et
314 1984 441 2019 litibus
465 1986 726 2020 observandum
747 2011 756 2027 ‚
782 1989 968 2032 praeconis
991 1999 1077 2021 voce
1114 1989 1358 2034 promulgavit
1393 1991 1549 2024 sedens-

113 2043 186 2078 que
219 2032 259 2065 in
296 2034 514 2066 monasterio
553 2032 687 2066 Christi
723 2033 919 2068 Servatoris
956 2039 993 2067 et
1023 2034 1198 2076 benefici,
1232 2036 1406 2069 totodie
1431 2038 1550 2070 sorum

112 2078 273 2123 agebat,
312 2079 350 2112 in
392 2079 637 2113 contractibus
680 2085 717 2113 et
749 2081 898 2125 privatis
933 2081 1188 2116 controversiis
1221 2087 1425 2127 occupatus.
1473 2084 1549 2117 Nec

113 2130 192 2158 erat
222 2124 493 2160 Rhadamantho
531 2126 708 2169 inferior,
737 2127 812 2172 qui,
847 2127 946 2173 quod
979 2128 1107 2162 fuisset
1141 2129 1181 2161 in
1213 2129 1290 2162 vita
1320 2130 1550 2171 iustissimus,

113 2170 211 2216 apud
248 2171 381 2205 inferos
411 2172 562 2206 arbitria
593 2174 711 2207 facere
743 2174 860 2207 dictus
890 2179 966 2215 est,
1005 2176 1172 2219 ignorans
1197 2176 1328 2216 miser,
1354 2175 1449 2210 nihil
1470 2187 1549 2209 esse

111 2223 185 2251 tam
220 2218 387 2262 ignavum
418 2224 565 2266 tamque
595 2220 810 2260 ridiculum,
844 2231 951 2265 quam
982 2220 1109 2254 ducem
1136 2226 1237 2255 tanto
1274 2221 1372 2256 bello
1398 2228 1549 2267 urgente

113 2264 360 2309 disceptandis
390 2276 514 2299 vacare
550 2265 702 2308 litibus,
735 2271 773 2301 et
797 2266 882 2299 dum
907 2267 1078 2313 prodesse
1107 2268 1186 2301 vult
1208 2269 1359 2314 privatis
1387 2270 1551 2314 singulis,

114 2312 282 2345 omittere
307 2313 518 2346 communia.

208 2361 263 2393 80.
311 2358 467 2392 Gabalas
501 2363 622 2392 autem
663 2359 872 2404 logotheta,
915 2359 1088 2405 quoniam
1121 2364 1262 2404 tempus
1297 2360 1445 2405 longum
1479 2362 1550 2395 iam

114 2403 273 2444 abierat,
297 2415 377 2438 cum
402 2415 549 2449 magnus
573 2405 647 2439 (lux
669 2407 780 2440 filiam
805 2417 904 2440 suam
930 2417 1032 2439 secus
1058 2417 1164 2451 quam
1189 2408 1345 2448 iuraret,
1393 2412 1547 2453 nuptum

116 2450 190 2484 sibi
230 2461 304 2485 non
338 2451 462 2491 daret,
493 2462 627 2486 moram
659 2452 763 2487 valde
788 2453 1018 2498 indignatus,
1053 2453 1098 2486 de
1123 2453 1352 2487 matrimonio
1380 2465 1461 2489 eum
1484 2466 1552 2501 ap-

114 2498 229 2541 pellat
255 2508 357 2531 orans
378 2521 388 2537 ,
418 2502 461 2530 ut
482 2498 580 2543 quod
604 2500 781 2541 iurasset,
812 2499 1008 2545 aliquando
1031 2511 1069 2532 re
1093 2504 1300 2544 praestaret.
1347 2501 1553 2546 Respondet

115 2544 179 2577 ille
199 2569 208 2584 ,
245 2555 283 2577 se
312 2555 458 2590 quoque
484 2545 524 2578 id
547 2555 746 2591 percupere
787 2557 854 2579 nec
890 2547 923 2579 ei
951 2547 1004 2579 rei
1030 2546 1226 2591 quidquam
1253 2549 1551 2591 praevertendum

116 2590 269 2624 ducere:
310 2591 374 2624 sed
409 2601 575 2634 sponsam
601 2598 637 2626 et
660 2599 809 2626 matrem
835 2593 914 2624 eius
939 2591 984 2624 ab
1012 2603 1069 2631 eo,
1094 2597 1134 2626 ut
1160 2594 1313 2626 nimium
1336 2596 1552 2640 corpulento

114 2642 224 2683 atque
257 2636 368 2670 obeso
398 2637 602 2671 abhorrere.
657 2639 812 2672 Proinde
846 2638 1119 2672 medicamentis
1157 2639 1354 2682 utendum,
1393 2642 1421 2674 si
1454 2643 1548 2676 sorte

115 2684 307 2717 contractis
332 2684 527 2717 visceribus
551 2686 714 2729 gracilior
758 2692 795 2719 et
819 2695 971 2729 sponsae
996 2696 1081 2719 suae
1115 2685 1282 2720 amabilis
1316 2687 1548 2722 redderetur:

116 2737 263 2774 propter
298 2731 504 2763 vastitatem
541 2731 639 2764 enim
675 2733 774 2765 illam
812 2736 848 2764 et
885 2733 1156 2776 proportionem
1180 2744 1254 2768 non
1281 2733 1377 2768 bene
1402 2746 1550 2780 respon-

116 2774 262 2811 dentem
296 2776 391 2811 nihil
425 2787 501 2811 esse
536 2788 579 2812 eo
612 2777 807 2813 deformius
842 2783 950 2824 atque
977 2777 1221 2814 iniucundius.
1300 2779 1456 2815 Gabalas
1480 2781 1549 2815 hoc
