1800 3138
546 199 920 242 ms'romAnnM
959 199 1030 243 111.
1070 207 1141 248 43.
1424 182 1526 237 261

111 296 199 353 ἅμα
235 298 401 354 γυναικὶ
424 295 769 356 ’,ἇφικνουμένους
803 301 908 356 πρὸς
946 301 1095 354 αὐτὸν,
1135 302 1410 356 οἶντησπάζετο
1452 300 1731 354 μιὲ-νΑ.(ἶ.ι342

111 363 184 407 καὶ
218 361 342 414 αὗτὸς
380 364 536 414 αὐτοὺς
575 368 649 408 καί
691 364 845 421 πολλὴν
884 363 1084 420 ὁμολόγει
1111 369 1182 421 τῆς
1219 369 1362 422 φιλίας
1396 367 1534 421 χάριν.

111 429 292 478 α’ναστάς
316 445 362 471 τε
392 430 438 470 ἐκ
464 432 667 482 Σκοπιᾶς,
712 430 818 486 πρός
851 446 941 472 τινα
972 428 1095 473 τόπον
1120 427 1224 486 ἦλθε
1259 430 1353 473 Tau}
1381 429 1453 473 διὰ
1481 429 1530 472 τὸ
1547 438 1591 472 V.
1606 436 1674 481 396

112 492 261 543 κάλλος
288 490 579 547 ὠνομασμένον
594 529 606 547 ,
646 494 752 537 ἔνθα
779 498 877 551 περὶ
901 494 1043 551 κώμην
1067 496 1157 538 τινὰ
1185 494 1538 551 ἆτείχιστονΠρί-
1554 500 1584 532 D

89 562 261 614 δστηνον
301 563 711 615 προσαγορευομένην
751 562 1021 615 συνεμίγνυτο
1062 565 1118 618 τῷ
1146 559 1296 618 Κράλῃ
1328 561 1541 618 ἀφιγμένῳ

113 621 202 677 ἅμα
227 627 404 678 γυναικί.
459 624 497 666 οἱ
534 627 575 666 δ’
600 626 789 676 ἐδέξαντο
815 627 894 679 μὲν
922 628 1098 679 βασιλέα
1126 630 1228 679 μεθ’
1259 625 1357 681 ὅσης
1400 623 1452 669 ἂν
1477 626 1536 668 εἴ-

108 704 205 737 -ποις
233 690 474 745 φιλοτιμίας
513 689 588 731 καὶ
612 692 808 746 σπουδῆς.
869 692 947 744 οιῖχ
991 687 1114 746 ἧττον
1142 694 1187 734 δὲ
1216 694 1290 734 καί
1315 692 1439 733 αὐτοὶ
1466 690 1540 734 dm*

109 751 184 808 τήν
212 752 368 796 ἐκείνου
391 750 535 811 ἄφιξιν
565 753 787 810 συνήδοντό
815 772 861 798 τε
887 759 960 798 καί
997 759 1245 812 συνέχαιρον
1273 753 1436 806 ἑαυτοῖς
1483 774 1544 799 τι-

110 819 193 873 μῆς
229 834 272 860 τε
315 820 458 873 ἠξίουν
484 819 669 874 μάλιστα
698 824 859 878 πολλῆς.
915 823 962 864 ἐν
1003 819 1136 864 ἅπασι
1178 821 1258 877 γὰρ
1288 819 1540 876 αὖτὸνπρο-

62 886 210 937 ιοῆγιεν
238 882 392 927 ἑαυτοῦ
419 885 494 926 καί
520 883 579 935 ὥς
603 887 800 941 κρείττονι
827 889 911 929 τῶν
937 886 1154 942 πρωτείων
1180 885 1431 943 παρεχώρει.
1499 885 1544 928 ἔν

111 965 155 991 τε
182 947 262 1003 γὰρ
292 957 384 999 ταῖς
405 946 643 994 ἇνακλίσεσι
677 950 753 1006 τὴν
798 953 968 1008 κρείττω
997 954 1071 993 καί
1106 951 1368 1008 ὑψηλοτέραν
1395 954 1544 1007 παρεί-

108 1030 210 1068 χετο
241 1017 452 1071 καθέδραν
486 1016 560 1059 καὶ
592 1018 637 1059 ἐν
666 1017 921 1074 ὁδοιπορίαις
960 1018 1033 1058 καί
1057 1019 1102 1059 ἐν
1130 1014 1262 1059 ἅπασι
1290 1024 1374 1067 τοῖς
1402 1012 1543 1065 ἅλλοις

110 1082 322 1135 προετίθει
358 1078 526 1124 ἑαυτοῦ.
593 1080 720 1131 ἔθους
752 1085 799 1125 δὲ
834 1083 1020 1138 ἀρχαίου
1065 1081 1182 1138 παρὰ
1220 1086 1438 1136 Τριβαλοῐς
1476 1098 1541 1123 κε-

111 1145 385 1200 κρατηκότος,
411 1145 581 1189 ἐπειδάν
606 1163 668 1196 τις
692 1150 774 1190 τῶν
803 1146 1103 1203 εὖγενεστέρων
1133 1147 1206 1189 καί
1229 1146 1389 1201 μεγάλα
1416 1150 1546 1189 δυνα-

39 1211 245 1263 ,ι5μένων
281 1209 383 1268 ἔλθῃ
425 1210 495 1253 διὰ
535 1210 692 1266 χρόνου
732 1212 837 1268 πρὸς
874 1212 948 1255 τὸν
985 1209 1168 1267 ἄρχοντα
1205 1214 1343 1256 αὐτῶν
1370 1215 1442 1254 καί
1468 1215 1540 1269 δέῃ

111 1278 320 1317 ποιεῖσθαι
348 1276 418 1331 τήν
446 1274 614 1332 πρώτην
641 1276 981 1332 προσαγόρευσιν,
1011 1278 1272 1333 α’μφοτέρους
1296 1280 1582 1329 α’ποβαίνον-Ρ.
1606 1285 1674 1330 49²

110 1361 188 1394 τας
222 1348 304 1387 τῶν
342 1345 503 1397 ἳππων,
542 1347 688 1400 πρῶτα
731 1349 811 1398 μὲν
847 1349 925 1387 τοῦ
965 1342 1166 1401 ἄρχοντος
1204 1346 1250 1388 τὸ
1293 1349 1442 1400 στῆθος
1472 1346 1545 1388 τὸν

112 1410 408 1465 ὑποδεέστερον
435 1408 722 1464 ἀσπάζεσθαι,
753 1410 896 1453 ἔπειτα
924 1411 998 1452 καὶ
1023 1409 1070 1452 τὸ
1101 1409 1256 1464 στόμα,
1300 1413 1371 1452 καί
1396 1414 1546 1465 μηκέτι

114 1473 219 1516 κατὰ
253 1476 448 1530 δευτέραν
484 1474 713 1528 συντυχίαν
738 1475 981 1530 ἀποβαίνειν
1008 1476 1075 1518 τὸν
1105 1474 1354 1518 δουλεύοντα
1375 1480 1451 1517 τοῦ
1479 1476 1544 1517 ἴπ-

62 1554 194 1589 αοπου
211 1570 228 1588 ,
269 1539 356 1580 ἄλλ’
397 1538 578 1595 ἔφιππον
619 1538 693 1580 καί
718 1539 847 1582 αὐτὸν
873 1539 1198 1595 προσαγορεύειν
1225 1539 1295 1582 τὸν
1324 1538 1539 1594 δεσπότην.

115 1604 216 1658 πρὸς
243 1606 320 1657 μὲν
346 1605 501 1645 ἐκεῖνον
527 1604 652 1646 πάλιν
679 1602 731 1646 τὰ
760 1602 940 1646 εἰωθότα
968 1607 1142 1647 ἐτελεῖτο
1159 1637 1171 1657 ‚
1212 1608 1385 1658 βασιλεῖ’
1405 1606 1451 1645 δὲ
1473 1621 1546 1644 κα-

113 1667 167 1710 τὰ
193 1666 237 1710 τὸ
261 1667 488 1721 εΡωμαίων
527 1667 625 1717 ἔθος
664 1671 848 1711 ἐκέλευσε
891 1673 1208 1726 προσφέρεσθαι
1245 1669 1344 1717 τοὺς
1392 1673 1548 1723 Τριβα-

114 1732 237 1781 λοός·
293 1735 364 1774 καί
406 1733 508 1774 κατὰ
546 1737 686 1775 πᾶσαν
721 1737 798 1786 μὲν
841 1734 1073 1787 συντυχίαν
1111 1737 1194 1776 τῶν
1232 1734 1367 1776 ἵππων
1395 1733 1548 1782 πάντας

116 1801 376 1856 α’ποβαιίἐιν,
407 1801 510 1843 κατὰ
550 1805 596 1843 δὲ
624 1802 699 1857 τήν
734 1801 899 1858 πρώτην
942 1801 1126 1855 μάλιστα
1155 1803 1227 1844 καί
1255 1801 1468 1858 πόρρωθεν
1497 1804 1548 1843 α’-

63 1871 324 1926 25ποβάντας
352 1873 425 1913 καί
451 1872 758 1927 προσελθόντας
787 1875 889 1930 πεζῇ
919 1871 1047 1922 οὕτως
1074 1872 1342 1923 ἀσπάζεσθαι
1379 1875 1451 1914 ἐπί
1475 1872 1544 1926 γό-

117 2056 236 2084 tnrum
271 2050 422 2092 didicit,
458 2062 518 2084 eos
552 2052 771 2092 resalutans,
810 2051 854 2084 de
879 2051 1036 2084 amicitia
1063 2052 1190 2096 gratias
1215 2061 1356 2094 magnas
1380 2049 1476 2094 agit,
1509 2055 1545 2083 et

117 2097 245 2143 Scopia
282 2098 471 2138 recedens,
496 2097 542 2130 ad
579 2098 696 2131 locum
725 2099 800 2131 Tao
835 2103 982 2142 propter
1024 2098 1278 2130 amoenitatem
1320 2097 1544 2129 nominatum

117 2144 236 2177 venit:
254 2143 318 2176 ,ibi
345 2154 458 2188 prope
481 2144 596 2177 vicum
621 2146 732 2177 muris
759 2150 936 2178 carentem
956 2169 964 2182 ‚
1005 2145 1205 2176 Pristenum
1237 2142 1410 2175 vocabulo
1426 2167 1436 2182 ‚
1464 2153 1544 2175 cum

119 2189 226 2222 Crale
251 2195 287 2223 et
313 2191 434 2234 regina
459 2190 714 2234 congreditur,
741 2196 850 2236 atque
874 2190 918 2223 ab
944 2191 988 2222 iis
1005 2215 1014 2229 ‚
1040 2189 1193 2222 adventu
1222 2190 1298 2221 eius
1324 2189 1544 2221 lactantibus

117 2235 261 2280 sibique
287 2235 570 2280 gratulantibus,
610 2241 745 2281 quanto
773 2237 928 2269 maximo
954 2237 1073 2280 potuit
1107 2235 1242 2268 honore
1267 2246 1307 2267 ac
1336 2233 1458 2266 studio
1484 2245 1545 2266 ex-

119 2282 252 2326 cipitur
277 2287 313 2314 et
337 2293 471 2314 summa
495 2283 727 2315 veneratione
752 2283 892 2317 colitur.
919 2283 959 2314 In
984 2281 1150 2314 omnibus
1175 2282 1270 2312 enim
1295 2279 1415 2312 crales
1440 2281 1543 2312 illum

118 2328 191 2361 sibi
215 2327 460 2372 praeponebat
488 2334 525 2362 et
550 2333 589 2360 ut
616 2329 865 2372 praestantiori
890 2329 1022 2373 primas
1051 2326 1208 2362 cedebat,
1243 2326 1329 2358 Nam
1357 2330 1394 2359 et
1420 2326 1458 2359 in
1483 2336 1544 2358 ac-

119 2373 311 2407 cubatione
337 2373 474 2416 epulari
498 2376 713 2408 ornatiorem
737 2379 774 2407 et
801 2375 963 2407 altiorem
990 2375 1022 2407 ei
1053 2373 1173 2406 sellam
1200 2372 1332 2415 dabat3
1360 2377 1396 2404 et
1419 2373 1457 2405 in
1485 2372 1542 2404 in-

117 2431 216 2453 cessu
242 2419 395 2463 aliisque
420 2421 567 2465 singulis
597 2433 676 2453 eum
703 2419 771 2453 s'ibi
800 2420 1034 2453 anteferebat.
1085 2421 1301 2452 inveteratur
1337 2417 1432 2462 apud
1458 2418 1546 2450 Tri-

115 2466 233 2499 banos
257 2465 500 2504 consuetudo,
523 2471 564 2498 ut
589 2468 619 2500 si
646 2467 725 2511 quis
755 2466 933 2499 nobilium
957 2477 998 2498 ae
1022 2470 1207 2509 potentum
1229 2464 1336 2509 longo
1355 2465 1544 2497 intervallo

118 2513 290 2554 temporis
318 2511 360 2543 ad
387 2511 580 2554 principem
607 2513 768 2552 veniret,
805 2518 888 2545 ante
913 2513 1062 2556 primam
1086 2511 1339 2544 salutationem
1365 2508 1469 2542 ambo
1495 2509 1541 2542 ab

119 2558 222 2602 equis
252 2555 525 2589 descenderent:
565 2563 600 2590 et
640 2560 792 2601 primum
826 2558 972 2602 quidem
1006 2558 1156 2589 inferior
1194 2554 1366 2600 principis
1392 2561 1540 2600 pectus,

118 2609 200 2647 post
238 2602 398 2635 eiusdem
432 2614 470 2635 os
507 2604 579 2636 sive
617 2603 718 2636 labra
744 2604 1029 2637 deoscularetur:
1073 2603 1186 2636 altero
1213 2612 1399 2646 congressu
1423 2602 1540 2634 minor

119 2660 194 2682 non
214 2648 446 2681 descenderet.
469 2650 648 2692 amplius,
680 2649 742 2682 sed
774 2655 811 2683 et
850 2651 926 2693 ipse
958 2651 996 2681 in
1023 2660 1116 2693 equo
1150 2648 1332 2681 dominum
1357 2647 1539 2680 salutaret.

119 2696 197 2728 Mos
233 2706 311 2728 cum
346 2697 422 2738 ipso
455 2694 602 2741 quidem
627 2706 765 2729 rursum
788 2694 1016 2729 oervabatur:
1053 2694 1376 2727 'i'riballorautem
1403 2704 1539 2727 morem

122 2741 315 2774 Romanum
342 2751 422 2783 erga
447 2740 696 2785 imperatorem
719 2747 843 2775 tenere
867 2740 1029 2777 volebat,
1065 2745 1101 2773 et
1129 2740 1268 2784 quoties
1302 2751 1383 2774 cum
1409 2750 1538 2772 conve-

123 2788 267 2828 nirent,
291 2797 412 2820 omnes
440 2785 484 2818 ab
509 2787 613 2832 equis
637 2787 851 2822 descendere
885 2792 922 2819 et
958 2786 1110 2831 pedibus
1135 2785 1300 2821 accedere
1328 2790 1364 2820 et
1387 2786 1438 2818 sic
1463 2787 1538 2818 eius
