1812 3132
519 207 896 254 ms'romARUM
937 206 1011 247 111.
1049 211 1119 251 20.
1440 198 1455 233 ι
1475 175 1541 255 25

91 324 295 378 παρεῖχεν
316 317 387 367 εἰς
407 315 584 371 α’σφαλῆ
620 313 707 354 τῶν
749 308 980 364 λεγομένων
1017 307 1170 348 πίστιν.
1223 302 1282 352 ὥς
1311 301 1359 344 δὲ
1385 299 1541 343 ‹ruffi-e*-
1554 303 1733 348 A-C··³4¹

88 402 216 442 μενον
249 383 323 428 τὸν
361 386 551 426 Λατῖνον
585 375 699 432 εἶχε,
733 371 935 431 παρῄνει,
989 373 1042 429 τῇ
1082 367 1211 426 μητρὶ
1252 368 1302 410 τὰ
1343 368 1542 422 εἰρημένα

90 449 403 507 α’παγγείλαντα
418 480 430 498 ,
469 448 632 489 πείθειν
671 439 830 497 αὐτὴν,
866 436 981 496 πάσῃ
1005 435 1255 493 χρήσασθαι
1282 435 1356 476 καί
1382 433 1543 488 ἐπινοίᾳ

88 520 163 560 καί
181 516 360 571 σπουδῇ,
397 509 506 555 ὥστε
535 510 827 562 ἐκπολεμῶσαι
862 505 1065 559 βασιλίδα
1084 505 1144 559 τῷ
1157 498 1323 558 μεγάλῳ
1353 500 1545 552 δομεστιέ-

61 589 159 641 5κῳ,
188 582 262 624 καί
278 575 692 633 minaxque-suffla,
731 569 763 615 οἳ
791 577 876 620 τοῖς
900 567 1045 618 ἄλλοις
1064 567 1203 624 εἴρητο
1223 563 1351 623 αὐτῷ.
1409 560 1459 607 τὰ
1497 564 1544 604 δὲ

83 649 258 690 τοιαῦτα
285 645 346 694 εἰς
372 642 574 699 τετάρτην
599 640 784 697 ἡμέραν,
815 640 860 689 ἐξ
887 632 940 692 ἧς
967 630 1065 691 ἧκεν
1089 635 1148 683 εἰς
1167 631 1426 685 Βυζάντιον,
1460 628 1540 670 av‘·

83 714 141 769 τῷ
168 710 504 761 συνεσκευάζετο.
558 705 631 749 καὶ
658 707 752 748 ἐπεὶ
778 705 878 746 καθ’
907 704 984 746 ἕνα
1022 698 1123 749 τούς
1163 700 1407 755 εἰρημένους
1452 692 1539 748 εἶχε

82 769 426 829 πεπεισμένους,
452 770 582 822 αὖθις
607 773 784 815 συνίστα
811 766 918 818 τούς
946 765 1096 821 ὅμοιάν
1124 764 1223 821 περὶ
1247 765 1324 806 τοῦ
1351 759 1574 814 πολέμουῧ

82 842 251 898 γνώμην
278 840 450 896 ἔχοντας
480 835 637 896 ἑκάστῳ
678 837 963 891 ἀπαγγέλλων.
1019 829 1195 888 παρῄνει
1223 844 1267 872 τε
1295 830 1411 885 κοινῇ
1439 830 1542 881 βου-

33 909 395 961 ιολευσαμένους,
424 901 524 947 ὅθεν
550 900 601 945 ἂν
629 901 768 957 δοκοίη
796 903 963 955 βέλτιον
989 897 1061 940 τὸν
1087 895 1266 949 πόλεμον
1293 899 1435 939 κινεῖν.

195 972 245 1014 κ’.
302 971 396 1014 Καὶ
431 969 526 1013 ἐπεὶ
558 967 667 1025 πρὸς
702 963 972 1022 πατριάρχην
1009 960 1130 1020 ἧκον,
1172 958 1308 1004 ἐδόκει
1338 962 1451 1012 δεῖν,
1479 961 1580 1014 μηῐ)

82 1035 268 1096 ἀθρόους
287 1039 561 1092 (ἐπαγγέλλειν
582 1033 771 1088 βασιλίδι
799 1030 826 1073 ἃ
861 1033 1109 1084 ἐσκέψαντο,
1140 1024 1246 1070 ἄλλα
1268 1030 1355 1069 κατ’
1377 1026 1541 1079 ὄλιγους
1552 1032 1674 1077 V-334

79 1104 354 1160 προσιόντας,
399 1103 470 1144 ἵνα
511 1100 619 1156 ptri-9³
657 1099 848 1152 ὑποψίαν
889 1097 1117 1152 παρέχοιέν
1156 1111 1274 1147 τινα,
1322 1092 1430 1136 α’λλὰ
1469 1094 1543 1134 καὶ

79 1171 241 1223 μᾶλλον
268 1167 614 1222 καταπλήττοιεν,
656 1164 845 1218 συνεχῶς
874 1178 918 1205 τε
946 1160 1046 1217 περὶ
1069 1162 1161 1202 τῶν
1180 1160 1321 1202 αιῗτῶν
1351 1156 1542 1212 διαλεγό-·

30 1243 222 1289 ι5μενοι,
257 1235 331 1274 καί
363 1234 522 1286 μᾶλλον
550 1233 760 1282 πείθοιεν,
800 1229 944 1285 ἀληθῆ
971 1227 1156 1280 νομίζειν
1182 1224 1235 1267 τὰ
1265 1224 1345 1267 ὖπὸ
1377 1226 1542 1266 πολλῶν

77 1298 280 1350 ὡσαύτως
321 1299 536 1354 εἰρημένα.
589 1298 780 1339 ἐδέδοκτο
811 1293 862 1350 δη
905 1290 1090 1348 Ἀσάνην
1117 1294 1284 1348 πρῶτον
1308 1290 1382 1333 τὸν
1407 1292 1542 1344 μέγαν

79 1367 212 1408 defixa
250 1362 327 1406 καὶ
350 1366 670 1406 Κωνσταντΐνον
695 1360 772 1403 τόν
799 1357 988 1416 οἶδελφὸν
1015 1356 1243 1414 προσάγειν
1269 1355 1347 1412 την
1391 1361 1541 1411 πεῖραν

77 1432 281 1486 βασιλίδι.
349 1426 654 1486 προσελθόντες
698 1429 920 1483 τοιγαροῦν
960 1426 1035 1467 καί
1061 1422 1194 1466 πολλοὶ
1238 1425 1340 1478 περὶ
1374 1424 1447 1476 τῆς
1475 1422 1535 1470 εἰς

80 1494 211 1551 αότὴν
238 1491 402 1545 εὖνοιάς
434 1494 508 1536 καί
532 1494 711 1548 βασιλέα
738 1493 1116 1548 προδιαλεχθέντες
1144 1489 1219 1532 τὸν
1239 1487 1357 1540 υἱὸν,
1391 1486 1533 1530 ἔπειτα

24 1561 250 1619 ,οέφασαν
267 1593 279 1615 ,
319 1561 391 1603 τὸν
427 1563 560 1614 μέγαν
592 1561 835 1612 δομέστικον
863 1558 1019 1599 εἰδέναι
1046 1555 1119 1611 την
1146 1554 1366 1609 βασιλείαν
1394 1551 1531 1610 ἑαυτῷ
1546 1547 1664 1593 nm.

81 1624 424 1683 περιποιούμενον
452 1625 525 1666 καί
551 1620 650 1666 ὅσον
678 1624 843 1665 ου’δέπω
873 1623 948 1676 τὴν
978 1622 1164 1663 ἐπίνοιαν
1192 1622 1251 1668 εἰς
1277 1617 1397 1673 ἔργον
1419 1614 1536 1672 ἄγειν

76 1694 394 1747 βεβουλημένον.
460 1686 562 1744 ὅπερ
602 1689 747 1737 αὕτοΐς
786 1703 832 1729 τε
875 1682 981 1741 ἄγαν
1017 1684 1134 1736 ἔδοξε
1177 1686 1261 1726 τῶν
1290 1684 1534 1726 δεινοτάτων

76 1759 153 1800 καί
178 1759 265 1800 δεῖν
292 1753 351 1811 μὴ
380 1754 698 1811 συγκαλύπτειν,
729 1751 837 1796 α’λλὰ
867 1750 996 1808 δήλην
1017 1748 1101 1808 ’τὴν
1129 1748 1356 1805 ἐπιβουλήν
1381 1755 1531 1802 ποιεῖν,

76 1889 226 1931 adiicit,
265 1900 338 1936 quo
371 1890 504 1924 certior
537 1889 644 1922 dictis
686 1887 775 1923 fides
814 1893 918 1922 esset.
969 1889 1016 1921 Ut
1056 1886 1241 1920 hominem
1274 1885 1443 1919 Latinum
1481 1884 1530 1918 ad

75 1948 177 1973 suam
221 1936 418 1974 factionem
441 1935 647 1977 mdiumrit,
685 1947 766 1968 eum
803 1935 989 1976 hortatur,
1028 1934 1153 1966 eadem
1196 1934 1301 1966 matri
1340 1933 1527 1974 referens,

75 1984 179 2018 illam
208 1988 452 2024 commoveat,
476 1988 517 2016 ut
539 1988 616 2015 tota
642 1988 764 2015 mente
794 1983 968 2028 omnique
991 1991 1061 2025 ope
1087 1981 1270 2018 enitatur,
1306 1987 1379 2024 quo
1412 1979 1529 2022 impe-

74 2031 242 2063 ratricem
267 2031 386 2074 magni
413 2029 604 2063 domestici
638 2028 723 2063 odio
759 2028 1008 2062 inflammaret.
1058 2028 1140 2060 Alia
1179 2026 1266 2059 item
1303 2023 1400 2068 apud
1435 2025 1528 2057 alios

76 2076 173 2111 dicta
203 2078 376 2114 annectit.
422 2077 543 2121 Atque
575 2075 666 2110 haee
691 2075 912 2120 quatriduo,
941 2079 1134 2119 postquam
1165 2072 1375 2116 Byzantium
1402 2071 1527 2111 venit,

74 2132 142 2167 per
166 2122 287 2156 dolum
315 2128 351 2156 et
376 2122 543 2156 fraudem
570 2121 714 2159 struxit.
739 2121 905 2167 Cumque
926 2121 1111 2164 singulos,
1141 2130 1230 2166 quos
1250 2118 1528 2158 nominavimus,

75 2171 149 2202 iam
177 2170 336 2202 irretitos
364 2173 531 2209 teneret,
568 2168 613 2202 de
647 2169 789 2212 integro
828 2179 888 2201 eos
918 2167 1145 2204 concitabat,
1188 2165 1300 2205 dum,
1336 2165 1398 2209 qui
1436 2163 1528 2197 sub-

75 2216 324 2260 scripsissent,
349 2215 563 2248 eircumiens
588 2215 739 2259 singulis
766 2218 972 2254 enarraret3
999 2212 1258 2257 monebatque,
1284 2211 1338 2244 uti
1363 2221 1524 2244 commu-

74 2262 173 2296 niter
197 2261 461 2302 deliberarent,
487 2260 584 2294 unde
609 2261 830 2295 commodius
855 2260 994 2294 bellum
1019 2259 1238 2293 ordirentur.

169 2319 225 2342 20.
273 2308 320 2342 Ut
350 2307 396 2340 ad
433 2308 674 2353 patriarcham
709 2312 906 2348 venerunt,
943 2307 1109 2352 placuit,
1146 2315 1221 2338 non
1259 2313 1384 2337 omnes
1414 2303 1523 2336 simul

74 2354 309 2388 clandestinis
348 2354 481 2399 agitata
516 2355 678 2388 consiliis
712 2365 913 2399 exponere,
958 2353 1021 2386 sed
1055 2363 1187 2396 paucos
1225 2361 1290 2395 per
1325 2351 1525 2385 successio-

74 2412 157 2434 nem
189 2400 235 2432 ad
266 2411 344 2433 eam
377 2400 500 2441 adire,
539 2406 580 2433 ut
616 2411 736 2446 neque
774 2401 1016 2445 suspicionem
1057 2399 1216 2445 aliquam
1254 2397 1409 2438 darent,
1457 2396 1523 2431 sed

75 2448 188 2492 magis
213 2457 291 2480 eam
316 2451 518 2487 terrerent,
543 2446 629 2480 dum
653 2445 779 2481 crebro
805 2446 850 2481 de
876 2446 1010 2480 iisdem
1035 2445 1278 2484 dissererent,
1315 2449 1353 2478 et
1374 2443 1420 2477 ad
1443 2454 1522 2477 cre-

76 2493 234 2527 dendum
262 2497 446 2538 tamquam
469 2494 562 2527 veris
587 2494 839 2538 impellerent,
872 2494 959 2539 quia
985 2503 1004 2524 a
1029 2492 1152 2524 multis
1179 2490 1303 2523 eadem
1327 2501 1521 2524 narraren-

72 2545 147 2574 tur.
193 2539 375 2574 convenit
398 2545 545 2580 autem,
581 2546 622 2574 ut
645 2540 798 2574 Isaacius
822 2551 971 2585 magnus
996 2539 1069 2572 dux
1094 2542 1131 2572 et
1160 2536 1417 2571 Constantinus
1443 2537 1520 2570 eius

75 2586 186 2620 frater
212 2586 348 2619 Azanes
373 2586 479 2631 primi
509 2586 668 2620 animum
697 2587 879 2631 Augustae
906 2586 1212 2632 periclitarentur,
1260 2582 1334 2627 Qui
1369 2583 1521 2629 ingressi

74 2637 114 2666 et
139 2632 305 2678 pluribus
331 2631 376 2665 de
410 2642 473 2664 sua
506 2633 545 2665 in
571 2634 686 2678 ipsam
712 2632 900 2678 filiumque
926 2634 1178 2676 imperatorem
1203 2629 1390 2664 voluntate
1413 2641 1522 2675 prae-

74 2679 164 2719 fati,
197 2689 234 2712 se
269 2688 373 2712 nosse
406 2677 596 2720 dicebant,
632 2690 799 2723 magnum
824 2679 1061 2714 domesticum
1093 2677 1163 2710 sibi
1189 2676 1383 2722 imperium
1420 2686 1518 2710 asse-

74 2735 153 2758 rere
181 2730 218 2759 et
241 2723 342 2758 brevi
374 2724 532 2769 cogitata
557 2725 811 2771 perfecturum.
861 2724 972 2770 Quod
1006 2735 1085 2758 cum
1120 2722 1412 2769 indignissimum
1446 2727 1520 2755 sta-

73 2774 199 2812 tuant,
234 2770 413 2804 iudicasse
436 2771 586 2806 minime
608 2771 801 2817 tegendas,
843 2771 906 2804 sed
934 2771 971 2804 in
998 2776 1160 2816 apertum
1190 2768 1424 2815 proferendas
1457 2770 1517 2802 iu-

73 2816 210 2860 sidias,
240 2821 282 2851 ut
305 2827 342 2851 re
365 2822 577 2864 perspecta,
607 2823 645 2854 et
665 2818 710 2854 de
736 2829 774 2853 se
798 2820 878 2865 ipsa
902 2822 940 2852 et
963 2817 1008 2852 de
1031 2817 1158 2852 liberis
1187 2815 1285 2864 quod
1311 2826 1402 2861 opus
1424 2815 1516 2855 erit,
