1812 3132
544 157 923 203 msTomARUM
964 160 1036 199 ιιι.
1069 156 1135 202 16.
1453 150 1473 186 1
1487 128 1558 187 05

123 272 200 326 μὲν
236 265 340 310 οἴκοι
381 261 694 316 κατελιζιιπανεν,
738 259 794 308 ὥς
832 261 876 308 ἐς
907 257 981 314 τὴν
1020 257 1247 311 ὑστεραίαν
1274 250 1426 310 ἥξοντα
1456 250 1755 307 nocis-&Gaui

125 332 268 378 αὐτόν.
323 333 474 380 ἐκεῖνος
510 329 557 370 δὲ
593 329 652 375 εἰς
688 326 926 381 Σηλυβρίαν
966 319 1110 378 ἦλθεν.
1164 322 1208 370 ἐς
1236 318 1312 374 τήν
1340 316 1564 373 ὑστεραίαν

125 403 173 443 δὲ
201 401 295 442 ἐπεὶ
321 395 391 440 καί
417 394 438 437 ὅ
468 389 841 449 παρακοιμώμενος
870 384 955 444 ἧκε,
984 388 1156 440 πέμψας
1183 384 1287 440 πρὸς
1314 382 1564 437 Βυζάντιον,

127 465 184 514 ὥς
211 465 261 521 τῇ
291 462 479 516 βασιλίδι
505 457 847 514 προσκυνήσαντα
877 450 1004 502 αὖθις
1032 453 1252 507 ἐπανήκειν
1279 449 1380 505 πρὸς
1413 448 1566 502 αιῖτόν,

98 527 251 578 δαῦτὸς
286 528 345 576 εἰς
382 522 690 578 Διδυμότειχον
731 519 890 573 ἐλθών,
933 518 1038 574 πρὸς
1076 519 1152 572 τήν
1189 518 1247 566 εἷς
1283 514 1358 570 τήν
1384 513 1567 571 ἑσπέραν

125 593 456 650 παρεσκευάζετο
490 587 728 644 στρατείαν.
785 586 806 627 ὅ
844 585 1214 640 παρακοιμιόμενος
1261 584 1307 624 δὲ
1328 578 1567 636 ’γενόμενος

125 662 170 702 ἐν
196 659 436 713 Βυζαντίῳ,
466 657 611 710 πρῶτα
636 656 716 706 μὲν
746 650 990 707 προσεκύνει
1028 650 1228 703 βασιλίδα
1268 650 1341 689 καί
1377 643 1567 701 συγγνώ-

123 743 206 781 μης
225 721 405 780 ἠξιοῦτο,
425 717 567 778 ἑφόἷς
590 717 721 761 ἐδόκει
746 717 1135 773 προσκεκρουκέναι.
1192 711 1335 754 ἔπειτα
1360 715 1412 770 τῇ
1436 711 1597 766 prepi-B

124 795 198 833 λου
228 788 471 843 δομεστίκου
500 783 742 842 προσελθών
767 784 898 838 μητρί
912 814 924 835 ,
970 784 1014 824 ἐν
1045 779 1266 837 Βυζαντίῳ
1301 778 1391 821 τότε
1427 794 1568 833 παρα-

77 858 286 910 ιομυθίας
324 857 443 897 ἕνεκα
478 854 552 907 τῆς
578 851 794 905 βασιλίδος
823 843 951 905 οὔσῃ,
992 850 1137 902 πρῶτα
1165 847 1243 898 μὲν
1270 843 1426 894 πολλὰς
1455 843 1569 897 ὦμο-

125 921 235 977 λὸγει
268 919 444 975 χάριτας
481 920 536 975 τῷ
565 914 732 974 μεγάλῳ
760 916 1016 970 δομεστιόιῳ,
1057 912 1108 953 οὔ
1133 908 1269 964 μόνων
1293 911 1376 952 τῶν
1404 909 1569 964 εὐεργε-

125 990 255 1039 σιιὸν,
294 981 354 1028 ὧν
394 986 575 1039 ἐξαρχῆς
608 978 712 1037 ἄχρι
753 982 847 1023 τότε
882 980 1112 1035 παρέσχετο
1142 975 1248 1032 πρὸς
1276 974 1430 1030 αὐτὸν,
1458 974 1566 1016 α’λλὰ

124 1053 199 1095 καί
221 1055 292 1108 τῆς
317 1051 632 1106 μεγαλοψυχίας
656 1049 731 1089 καί
754 1047 1050 1099 συμπαθείας,
1093 1041 1145 1098 ἢν
1174 1043 1255 1097 οὐχ
1284 1039 1422 1096 ἅπαξ,
1459 1037 1567 1082 ἆλλά

125 1118 199 1161 καί
238 1117 435 1166 πολλάκις
473 1115 546 1158 καί
570 1114 621 1157 τὰ
649 1118 867 1157 τελευταῖα
893 1113 967 1154 νῦν
994 1113 1038 1162 ἐξ
1067 1111 1212 1158 οἷνοιάς
1238 1104 1568 1164 προσκεκρουκό-

78 1183 197 1235 15τος
232 1184 454 1235 ἐνδείξαιτο
488 1181 594 1238 πρὸς
631 1177 773 1222 αὐτόν.
829 1177 970 1220 ἔπειτα
1011 1176 1303 1231 ἐπηγγέλλετο,
1345 1173 1404 1222 ὥς
1445 1169 1570 1214 οὐδὲν

126 1250 246 1294 ἔσται
287 1248 335 1291 τὸ
372 1254 511 1291 πεῖσον
545 1242 571 1301 ἢ
594 1244 844 1300 βιασόμενον
871 1243 1101 1299 ἀχάριστον
1128 1243 1202 1284 καί
1226 1239 1354 1284 κακὸν
1384 1240 1572 1295 ὀφθῆναι

127 1319 227 1372 περὶ
269 1317 450 1368 ἐκεῖνον,
492 1313 585 1355 ἀλλ’
621 1309 734 1353 οὕτω
774 1311 1013 1360 πεπεικέναι
1040 1307 1219 1362 ἑαυτὸν,
1249 1307 1308 1358 ὥς
1336 1303 1412 1349 οὖκ
1439 1303 1572 1351 αὖτὸν
1591 1313 1635 1352 V.
1654 1313 1722 1349 325

127 1380 285 1437 μόνον,
329 1378 436 1422 ἀλλὰ
479 1379 552 1421 καί
586 1381 702 1430 γένος
729 1374 826 1419 ὅλον
854 1371 1001 1418 εὔνουν
1027 1376 1169 1432 ἐκείνῳ
1196 1373 1270 1416 καὶ
1294 1371 1440 1416 πιστὸν
1467 1370 1614 1418 εἶναιῦ

128 1447 199 1490 διὰ
217 1447 377 1489 πάντων
395 1444 466 1488 καί
483 1444 559 1500 τήν
587 1446 781 1486 δουλείαν
814 1443 968 1497 ἀκριβῆ
994 1443 1175 1497 τηρῆσον
1203 1435 1270 1482 οἷα
1294 1439 1346 1495 δή
1375 1439 1576 1497 δεσπότῃ.

79 1514 306 1558 malorem:
334 1513 380 1553 δὲ
408 1509 482 1552 καί
504 1512 586 1552 τῶν
613 1512 842 1563 λεγομένων
862 1510 981 1551 ἕνεκα
1001 1509 1096 1550 νυνί
1122 1506 1283 1560 ἕτοιμος
1296 1503 1409 1552 εἶναι,
1423 1501 1574 1561 ὅρκους

132 1579 449 1631 παρασχέσθαι,
481 1573 581 1624 τούς
596 1573 781 1628 μάλιστα
801 1576 1027 1622 δοκοῦντας
1052 1570 1354 1626 βεβαιοτάτους
1380 1573 1453 1613 καί
1473 1586 1575 1627 φρι-

131 1642 278 1691 κώδεις
296 1638 414 1684 εἶναι.
457 1640 484 1696 ἧ
514 1642 552 1682 δ’
580 1639 762 1696 ἔφασκεν
790 1640 904 1696 αὐτῷ
929 1638 1004 1691 „tsi
1034 1641 1112 1690 μὲν
1138 1636 1213 1687 τὰς
1240 1637 1481 1691 εὐεργεσίας
1498 1652 1575 1677 κα·-

132 1710 339 1763 ταλέγειν,
370 1708 419 1749 αΐ
441 1705 558 1762 παρὰ
586 1705 770 1760 μεγάλου
800 1706 1045 1757 δομεστίκου
1073 1706 1253 1759 ἔξαρχῆς
1281 1697 1384 1757 ἄχρι
1412 1702 1490 1743 νῦν
1505 1716 1575 1755 γε-

132 1775 324 1829 γένηνται
350 1771 436 1824 σοί,
472 1770 701 1829 προσθήσω
729 1774 768 1813 δ’
795 1768 854 1813 ὅτι
883 1769 956 1812 καί
980 1769 1057 1821 τὰς
1083 1774 1127 1823 ἐξ
1155 1769 1385 1825 α’χαρίστου
1409 1767 1575 1823 γνώμης

230 1889 280 1912 ιι.
308 1878 359 1921 τῷ
387 1876 468 1911 add.
497 1877 547 1910 M.
645 1889 696 1911 ια.
720 1877 792 1913 νῦν
814 1887 880 1922 pro
904 1874 987 1910 τότε
1013 1877 1052 1909 Ρ.
1153 1887 1204 1920 ι9.
1227 1872 1404 1921 τηρήσειν
1427 1873 1477 1909 Μ.
1503 1885 1572 1920 mg.

229 1937 283 1959 22.
308 1918 355 1957 ια’
382 1936 447 1970 pro
472 1917 512 1957 τό
541 1924 576 1958 Ρ.

134 2029 219 2053 vcro
249 2007 453 2061 'Selybriam
489 2014 601 2048 venit.
670 2014 848 2048 Postridie
879 2019 1070 2060 postquam
1107 2018 1148 2046 et
1180 2012 1383 2058 praefectus
1418 2011 1580 2047 cubiculi

137 2063 263 2098 eodem
299 2065 419 2104 venit,
451 2061 560 2095 misso
595 2061 660 2094 illo
696 2062 928 2106 Byzantium,
963 2065 1004 2093 ut
1039 2060 1266 2106 imperatrice
1292 2059 1464 2101 adorata,
1490 2061 1581 2106 Epi-

136 2111 240 2145 batas
267 2111 426 2150 rediret,
460 2109 538 2153 ipse
573 2107 870 2152 Didymotichum
903 2108 1108 2152 profectus,
1151 2106 1197 2139 ad
1231 2106 1508 2151 expeditionem
1540 2110 1582 2142 in

139 2158 365 2191 occidentem
398 2168 436 2190 se
470 2153 685 2189 instruebat.
744 2156 983 2201 Apocauchus
1018 2155 1087 2188 iam
1124 2153 1285 2196 Byzantii
1312 2154 1582 2198 imperatricem

138 2209 362 2246 veneratus,
400 2202 543 2236 veniam
577 2202 733 2246 peccatis
778 2202 851 2235 suis
888 2202 1035 2247 flagitat.
1095 2200 1238 2235 Deinde
1270 2204 1422 2233 matrem
1459 2203 1582 2246 magni

141 2251 349 2290 domestici,
383 2261 476 2296 quae
511 2254 600 2282 tunc
637 2249 878 2283 cousolaudae
923 2249 1161 2292 imperatricis
1197 2246 1360 2290 Byzantii
1395 2247 1580 2290 manebat,

141 2298 382 2339 conveniens,
415 2297 571 2343 primum
607 2295 755 2340 quidem
784 2297 862 2329 eius
899 2295 974 2328 filio
1003 2305 1148 2338 magnas
1175 2294 1305 2338 agebat
1329 2295 1482 2337 gratias,
1505 2305 1582 2328 non

142 2343 250 2378 modo
277 2343 322 2377 de
346 2343 531 2377 beneficiis
556 2341 602 2374 ab
627 2342 736 2376 initio
762 2352 877 2387 usque
901 2341 946 2374 ad
978 2342 1083 2374 illum
1109 2341 1206 2374 diem
1229 2340 1274 2372 ab
1304 2350 1347 2372 eo
1387 2341 1580 2386 perceptis,

142 2391 379 2424 verumetiam
415 2390 460 2424 de
498 2389 693 2423 tolerantia
727 2395 764 2422 et
787 2389 1127 2428 commiseratione,
1166 2398 1274 2433 quam
1303 2386 1447 2431 saepius
1471 2393 1509 2422 et
1533 2387 1582 2421 ad

145 2443 344 2472 extremum
370 2441 444 2469 tam
467 2436 602 2471 stolide
635 2447 673 2469 se
705 2435 904 2470 offendenti
942 2434 1179 2477 ostendisset3
1223 2432 1452 2479 addebatque
1487 2446 1583 2469 nun-

143 2495 252 2530 quam
278 2484 424 2516 omnino
450 2493 487 2517 se
509 2483 687 2527 ingratum
718 2487 829 2528 atque
854 2481 1058 2526 improbum
1083 2491 1164 2525 erga
1189 2480 1293 2513 illum
1318 2486 1500 2525 repertum
1522 2482 1583 2522 iri,

144 2530 208 2565 sed
243 2532 295 2564 ita
328 2529 513 2564 induxisse
536 2530 719 2570 animum,
749 2535 790 2562 ut
813 2540 887 2561 non
912 2530 990 2573 ipsc
1014 2533 1178 2566 tantum,
1211 2536 1336 2560 verum
1362 2531 1438 2561 tota
1460 2533 1586 2575 poste·

143 2580 232 2612 ritas
256 2588 319 2611 sua
345 2587 426 2609 eum
450 2576 705 2610 benevolentia
730 2581 767 2609 et
790 2575 860 2609 fide
884 2579 1125 2619 prosequatur
1156 2573 1195 2606 in
1223 2571 1388 2608 omnibus
1417 2579 1456 2607 et
1486 2580 1584 2608 tam-

144 2635 253 2670 quam
289 2623 437 2657 domino
470 2623 630 2667 perfecte
667 2622 828 2660 obediat,
892 2621 933 2654 Id
969 2627 1007 2654 ut
1042 2620 1236 2659 credatur,
1261 2618 1309 2652 ad
1333 2619 1585 2654 iusiurandum

145 2670 388 2704 firmissimum
419 2669 800 2714 religiosissimumque
831 2673 996 2713 paratum
1024 2677 1110 2701 esse.
1158 2665 1359 2710 Respondit
1381 2667 1467 2709 illa,
1503 2668 1583 2702 Me-

146 2727 287 2751 morare
313 2717 456 2754 officia.
483 2727 576 2762 quae
600 2727 620 2748 a
646 2717 770 2761 primis
803 2716 874 2749 huc
904 2724 1020 2759 usque
1059 2723 1206 2756 magnus
1235 2711 1451 2749 domesticus
1483 2713 1582 2758 apud

146 2768 184 2797 te
214 2765 354 2809 posuit:
394 2762 524 2798 addam
555 2767 592 2798 et
622 2762 736 2805 illud,
773 2762 916 2809 quoties
958 2761 1142 2795 immemor
1172 2757 1431 2796 beneficiorum
1443 2787 1457 2804 ,
1487 2760 1583 2796 male
