1820 3138
557 150 935 210 ins'romAnUM
976 170 1049 210 111.
1076 169 1143 218 69.
1451 151 1576 227 ,423

132 285 257 326 μενον
292 267 626 324 ,ναῦςὲξὴκοντα
663 268 866 325 ἐφορμεῖν
905 266 1151 326 Περσικιὶς,
1193 266 1392 313 ἐπέθεντό
1422 282 1468 313 τε
1505 270 1773 325 naimo-nus

131 335 363 393 ἐκράτησαν
389 334 529 377 αὐτῶν
566 334 710 377 κενῶν.
775 331 823 375 τὸ
865 331 949 389 γὰρ
977 333 1220 389 Περσικὸν,
1257 334 1316 391 μή
1348 335 1707 393 δυνάμενονΥ.47ρ

131 397 515 444 ἀντικαθίστασθαι
552 398 668 456 ,πρὸς
698 402 964 454 ναυμαχίαν,
1013 399 1091 450 τὰς
1132 403 1236 450 ναῦς
1282 398 1577 451 καταλιπόντες

131 465 376 519 διεσώζοντο
404 469 464 516 εἰς
490 465 565 521 τήν
591 469 693 521 γῆν.
757 469 940 509 Λατῖνοι
968 467 1015 508 δὲ
1040 463 1340 516 ἀνελκύσαντες
1369 466 1446 517 τὰς
1472 469 1576 518 ναῦς

103 535 208 582 5καί
243 535 349 588 πυρὶ
373 532 635 588 παραδόντες
662 532 918 588 ἀνεχώρουν.
975 532 1014 574 οἶ
1043 535 1216 588 Πέρσαι
1235 534 1282 575 δὲ
1300 532 1610 589 ἀπολειφθὲν-Β

126 614 196 647 τες
224 601 379 656 α’πορίᾳ
416 600 544 651 νεῶν,
574 596 761 652 ἔγνωσαν
791 599 878 640 δεῖν
905 599 979 640 ἐπὶ
1004 595 1276 655 Χερρόνησον
1301 600 1376 654 τῆς
1407 597 1577 656 Θρᾴκης

128 662 197 705 διαὶ
228 666 303 719 τῆς
333 664 507 720 ἠπείρου
536 665 796 719 α’ναχωρεῖν,
834 663 892 713 ὥς
927 665 1088 706 ἐκεῖθεν
1133 666 1192 715 εἰς
1223 666 1368 708 Ἀσίαν
1393 680 1575 723 περαιω·

125 727 297 784 σόμενοι
326 727 635 786 εὐπορήσαντες
662 732 776 773 νεῶν.

235 794 311 847 ἔθ’.
373 794 543 852 Κράλης
572 798 619 839 δὲ
660 798 705 838 ἐν
746 797 884 854 Ζίχνᾳ
927 797 1379 852 ἐστρατοπεδευμένος,
1427 793 1564 854 ὥσπερ
1582 803 1611 842 C

78 859 305 917 ωέφημεν,
330 861 401 904 ἐπὶ
425 864 482 920 τῷ
505 863 837 920 Καντακουζηνῷ
854 863 912 920 τῷ
940 866 1114 916 βασιλεῖ
1133 867 1344 918 πολεμεῖν,
1373 862 1467 905 ε’πεί
1492 862 1574 906 πό·-

123 930 242 970 θοιτο
281 927 326 970 τὸ
372 927 471 983 περὶ
495 927 595 978 τούς
622 929 799 980 Πέρσας
826 926 996 982 συμβάν
1033 930 1108 971 καί
1150 926 1208 978 ὥς
1237 927 1308 970 διὰ
1339 930 1411 985 τῆς
1438 929 1574 985 αὐτῆς

125 992 229 1036 ὁδοῦ
259 995 331 1036 ἐπὶ
358 994 628 1050 Χερῥόνησον
649 994 876 1047 μέλλουσιν
903 995 1014 1037 ἰέναι
1032 1027 1044 1050 ,
1071 993 1117 1037 τὸ
1146 994 1364 1049 κράτιστον
1382 996 1457 1050 τῆς
1473 996 1575 1051 περί

123 1058 254 1102 αὔτὸν
296 1059 600 1112 α’πολεξάμενος
635 1061 836 1115 στρατιᾶς
862 1061 937 1102 καί
976 1058 1201 1117 στρατηγὸν
1229 1062 1374 1112 αὕτοῖς
1400 1060 1573 1117 ἐπιστή-

121 1141 201 1174 σας
242 1123 313 1168 τὸν
348 1125 538 1183 εὐψυχίᾳ
577 1127 653 1167 καί
694 1122 826 1183 τόλμῃ
871 1125 946 1168 καί
988 1125 1184 1184 ἑμπειριζι
1213 1127 1297 1168 τῶν
1325 1131 1427 1182 παρ’
1456 1129 1570 1186 αύτῷ

73 1191 310 1240 ι5δυνατῶν
338 1192 540 1233 δοκοῦντα
581 1190 804 1246 ὑπερέχειν
831 1189 1113 1246 Πρεοίλιμπον
1140 1188 1453 1246 ὠνομασμένον,
1482 1194 1572 1234 ἐκέ-

117 1261 240 1298 λευσε
283 1259 599 1310 συμπλέκεσθαι
637 1263 722 1307 τοῖς
763 1254 1022 1313 βαρβάροις,
1070 1252 1185 1314 οἷπερ
1226 1253 1277 1299 ἂν
1313 1256 1570 1312 συντύχωσι.

117 1323 191 1363 καὶ
216 1320 322 1377 πρός
348 1339 444 1365 τινα
472 1323 598 1365 τόπον
625 1321 892 1379 Στεφανιανοὶ
922 1323 1142 1378 λεγόμενον
1161 1322 1466 1378 περιτυχόντες,
1494 1339 1571 1364 κα-

114 1390 311 1430 θίσταντο
338 1387 444 1444 πρὸς
459 1388 616 1444 μάχην.
678 1388 717 1430 οἱ
736 1392 909 1445 Πέρσαι
938 1391 999 1443 δὲ,
1027 1391 1122 1432 ἐπεὶ
1149 1388 1295 1430 πεδίον
1322 1383 1388 1443 ἧν,
1417 1387 1487 1444 ἐφ’
1518 1383 1570 1430 οὗ

122 1456 344 1510 Τριβαλοῖς
372 1452 542 1506 ἔμελλον
568 1455 678 1496 ἰέναι
704 1457 749 1504 ἐς
773 1454 849 1504 τοὶς
873 1460 1043 1510 χεῖρας,
1073 1456 1283 1504 δείσαντες
1307 1453 1383 1509 τὴν
1414 1453 1568 1510 ἔφοδον

62 1522 197 1561 ποτῶν
238 1517 423 1570 ἱππέων,
473 1517 717 1574 α’νεχώρουν
750 1518 855 1575 πρὸς
894 1519 941 1561 τὸ
970 1515 1067 1575 ὅρος
1094 1518 1168 1562 καί
1193 1519 1270 1568 τὰς
1296 1519 1562 1574 δυσχωρίας·

115 1579 167 1640 ἦν
192 1584 271 1640 γὰρ
301 1583 433 1640 ἐγγύς.
497 1583 675 1640 ὁρῶντες
703 1586 749 1627 δὲ
778 1583 818 1627 οἱ
855 1587 1062 1640 Τριβαλοί
1088 1584 1375 1638 δυσπρόσοδον
1402 1583 1447 1625 τὸ
1477 1596 1606 1637 >gui-1)

114 1652 207 1705 ρίον
237 1650 310 1691 καί
336 1651 606 1702 νομίσαντες,
654 1651 694 1691 εἰ
721 1648 791 1691 διὰ
816 1651 899 1692 τῶν
930 1649 1084 1691 στενῶν
1112 1651 1332 1691 εἰσωθοῖεν
1358 1646 1564 1698 ἑαυτοὺς,

113 1716 268 1765 ἵππους
285 1731 328 1756 τε
350 1714 520 1757 ἀπολεῖν
541 1714 736 1766 πολλοὺς,
764 1715 1158 1770 περιτοξευομένους
1182 1713 1265 1755 ὑπὸ
1293 1716 1375 1756 τῶν
1401 1712 1567 1770 βαρβά-

110 1798 212 1836 ρων,
241 1780 313 1822 καί
339 1780 493 1830 αὐτούς
522 1778 1004 1836 τραυματισθήσεσθαι,
1034 1779 1266 1833 ἀποβάντες
1292 1781 1377 1821 τῶν
1402 1779 1564 1833 ἵππων,

58 1846 304 1901 α5ὲβάδιζον
345 1845 463 1898 πεζοι)
495 1846 567 1889 ἐπὶ
593 1846 692 1896 τοὺς
719 1847 943 1900 πολεμίους
951 1879 964 1898 ,
996 1846 1208 1901 δυσέργως
1234 1845 1308 1888 καί
1331 1842 1437 1900 μετὰ
1463 1846 1563 1899 βίας

107 1984 256 2027 xaginta
279 1983 420 2018 delatas
456 1984 666 2025 rescissent,
698 1984 738 2018 in
764 1995 824 2018 eos
860 1995 966 2018 cursu
994 1983 1154 2024 directo,
1180 1983 1304 2017 vacuis
1329 1983 1438 2028 potiti
1462 1989 1560 2018 sunt.

108 2030 236 2064 Persae
259 2030 441 2075 siquidem
465 2031 584 2064 navali
610 2030 751 2076 proelio
777 2031 967 2071 imbelles,
992 2035 1110 2064 terrae
1135 2040 1174 2063 se
1203 2032 1390 2063 eredentes
1405 2055 1415 2071 ,
1448 2041 1561 2065 naves

108 2077 149 2110 in
184 2077 260 2110 solo
294 2077 556 2118 destituerant‚
596 2078 730 2124 quibus
764 2078 885 2111 Latini
922 2076 1109 2111 subductis
1149 2082 1186 2109 et
1210 2075 1376 2110 crematis
1402 2087 1561 2111 recesse-

111 2128 206 2156 runt.
267 2123 396 2158 Persae
423 2124 574 2158 navibus
598 2130 783 2165 carentes,
829 2124 1094 2158 Chersonesum
1140 2121 1320 2156 Thraciae
1345 2134 1410 2168 per
1437 2124 1558 2156 conti-

108 2174 255 2203 nentem
289 2171 448 2204 eundum
481 2175 518 2204 et
554 2170 660 2212 inde,
683 2172 828 2204 navium
853 2171 1027 2205 facultate
1054 2168 1337 2215 suppeditante,
1371 2169 1409 2203 in
1436 2170 1558 2204 Asiam

108 2216 183 2250 sibi
208 2217 462 2250 traiiciendum
489 2217 756 2252 existimarunt.

201 2265 258 2307 69.
310 2263 387 2297 lam
423 2274 509 2298 vero
549 2264 695 2304 Crales,
735 2264 816 2296 fixis
851 2261 949 2307 apud
982 2262 1130 2296 Zichnas
1165 2261 1353 2302 tentoriis,
1377 2271 1450 2307 quo
1473 2272 1556 2295 cum

105 2309 364 2343 cantacuzeno
408 2310 627 2354 confligeret,
666 2315 708 2343 ut
745 2311 1033 2344 demonstratum
1082 2314 1136 2343 est
1152 2334 1162 2349 ,
1208 2314 1249 2342 ut
1282 2307 1328 2341 de
1372 2307 1556 2342 Persarum

108 2363 241 2390 eventu
267 2360 304 2389 et
324 2357 408 2389 illac
427 2358 466 2390 in
489 2357 756 2391 Chersonesum
781 2358 850 2390 iter
876 2356 1034 2391 facturos
1060 2355 1226 2395 audivit,
1248 2354 1399 2387 delectis
1422 2354 1467 2388 de
1490 2365 1555 2388 ex·-

107 2404 224 2437 ereitu
255 2413 320 2435 suo
354 2402 561 2437 fortissimis
597 2403 756 2449 datoque
783 2403 857 2436 illis
883 2402 1000 2443 duce,
1041 2403 1105 2448 qui
1139 2401 1338 2447 praestanti
1371 2401 1493 2434 animo
1516 2407 1555 2436 et

107 2461 174 2483 usu
203 2451 300 2483 inter
324 2460 488 2494 proceres
512 2449 760 2484 Triballorum
784 2451 945 2483 eminere
972 2449 1186 2488 videbatur,
1222 2447 1461 2492 Prealimpum
1487 2458 1554 2483 vo·

105 2495 266 2537 cabulo,
299 2507 378 2528 cum
414 2496 576 2530 barbaris
614 2497 730 2531 obviis
769 2507 889 2541 pugna
925 2495 1112 2529 decertare
1141 2495 1257 2527 iussit.
1317 2495 1444 2541 ltaque
1469 2495 1554 2528 loco

105 2542 265 2588 quodam
299 2542 546 2587 Stephaniana
581 2543 678 2577 dicto
715 2545 754 2576 in
779 2554 840 2575 eos
869 2541 1095 2581 incidentes,
1128 2540 1175 2574 ad
1199 2550 1356 2586 pugnam
1383 2540 1552 2587 aggredi-

106 2595 229 2622 untur.
278 2590 404 2623 Persae
419 2615 428 2630 ‚
466 2590 563 2622 utin
588 2590 756 2634 planitie,
771 2589 937 2634 equitum
964 2589 1130 2622 timentes
1155 2588 1336 2621 incursum
1352 2612 1362 2627 ‚
1386 2588 1424 2621 in
1447 2598 1552 2621 mon-

111 2639 184 2668 tem
211 2636 370 2669 vicinum
404 2641 441 2669 et
475 2636 552 2669 loca
585 2636 757 2680 impedita
788 2636 972 2669 secedunt.
1039 2633 1195 2667 Triballi
1230 2633 1392 2667 difficiles
1427 2634 1551 2667 aditus

107 2688 296 2716 cernentes
329 2683 490 2728 ratique,
530 2682 561 2714 si
601 2694 665 2727 per
697 2682 879 2727 angustias
905 2680 1130 2725 penetrando
1154 2691 1232 2714 sese
1259 2680 1491 2725 impellerent
1515 2686 1552 2713 et

107 2733 351 2768 coarctarent,
388 2739 500 2773 equos
533 2730 736 2773 complures
773 2727 858 2760 hinc
882 2727 967 2761 inde
993 2727 1133 2771 sagittis
1157 2728 1316 2760 confixos
1340 2738 1359 2758 a
1384 2725 1549 2759 barbari-s

107 2775 305 2820 perituros,
347 2786 457 2822 seque
494 2774 590 2811 nihil
615 2777 685 2812 uisi
711 2775 859 2810 vulnera
885 2779 1157 2820 reportaturos,
1186 2772 1231 2809 de
1266 2775 1371 2820 equis
1398 2773 1547 2807 descen—
