<?xml version="1.0" encoding="UTF-8"?>
<!DOCTYPE html PUBLIC "-//W3C//DTD XHTML 1.0 Transitional//EN"
    "http://www.w3.org/TR/xhtml1/DTD/xhtml1-transitional.dtd">
<html xmlns="http://www.w3.org/1999/xhtml" xml:lang="en" lang="en">
 <head>
  <title>
</title>
<meta http-equiv="Content-Type" content="text/html;charset=utf-8" />
  <meta name='ocr-system' content='tesseract 3.04.00' />
  <meta name='ocr-capabilities' content='ocr_page ocr_carea ocr_par ocr_line ocrx_word'/>
</head>
<body>
  <div class='ocr_page' id='page_1' title='image "./corpusscriptorum24niebuoft_0579.png"; bbox 0 0 1820 3152; ppageno 0'>
   <div class='ocr_carea' id='block_1_1' title="bbox 504 124 1524 200">
    <p class='ocr_par' dir='ltr' id='par_1_1' title="bbox 504 124 1524 200">
     <span class='ocr_line' id='line_1_1' title="bbox 504 124 1524 200; baseline -0.015 -6"><span class='ocrx_word' id='word_1_1' title='bbox 504 147 886 196; x_wconf 76' lang='lat' dir='ltr'><strong>msTomAmm</strong></span> <span class='ocrx_word' id='word_1_2' title='bbox 924 151 998 191; x_wconf 78' lang='grc' dir='ltr'><em>ιιι.</em></span> <span class='ocrx_word' id='word_1_3' title='bbox 1026 153 1096 199; x_wconf 80' lang='lat'><strong>92.</strong></span> <span class='ocrx_word' id='word_1_4' title='bbox 1417 124 1524 200; x_wconf 84' lang='lat'><strong>567</strong></span> 
     </span>
    </p>
   </div>
   <div class='ocr_carea' id='block_1_2' title="bbox 37 243 1722 1831">
    <p class='ocr_par' dir='ltr' id='par_1_2' title="bbox 37 243 1722 1831">
     <span class='ocr_line' id='line_1_2' title="bbox 86 243 1722 311; baseline -0.006 -18"><span class='ocrx_word' id='word_1_5' title='bbox 86 252 222 311; x_wconf 69' lang='grc' dir='ltr'><em>τριρας</em></span> <span class='ocrx_word' id='word_1_6' title='bbox 249 253 381 309; x_wconf 76' lang='grc' dir='ltr'><em>ἀρχῆς</em></span> <span class='ocrx_word' id='word_1_7' title='bbox 408 249 485 292; x_wconf 77' lang='grc' dir='ltr'><strong>οιῖκ</strong></span> <span class='ocrx_word' id='word_1_8' title='bbox 507 243 804 306; x_wconf 73' lang='grc' dir='ltr'><em>ἀποστερήσω,</em></span> <span class='ocrx_word' id='word_1_9' title='bbox 837 248 929 291; x_wconf 77' lang='grc' dir='ltr'><em>ἀλλ’</em></span> <span class='ocrx_word' id='word_1_10' title='bbox 948 243 1076 298; x_wconf 71' lang='grc' dir='ltr'><em>αὖθις</em></span> <span class='ocrx_word' id='word_1_11' title='bbox 1102 250 1192 301; x_wconf 86' lang='grc' dir='ltr'><em>μετ’</em></span> <span class='ocrx_word' id='word_1_12' title='bbox 1211 246 1284 299; x_wconf 75' lang='grc' dir='ltr'><em>ἐμὲ</em></span> <span class='ocrx_word' id='word_1_13' title='bbox 1306 244 1523 299; x_wconf 89' lang='grc' dir='ltr'><em>Ῥωμαίων</em></span> <span class='ocrx_word' id='word_1_14' title='bbox 1533 256 1563 291; x_wconf 70' lang='lat' dir='ltr'>A</span> <span class='ocrx_word' id='word_1_15' title='bbox 1578 257 1615 291; x_wconf 80' lang='lat' dir='ltr'><strong>c,</strong></span> <span class='ocrx_word' id='word_1_16' title='bbox 1635 255 1722 301; x_wconf 70' lang='grc'><strong>,346</strong></span> 
     </span>
     <span class='ocr_line' id='line_1_3' title="bbox 86 309 1661 373; baseline -0.004 -12"><span class='ocrx_word' id='word_1_17' title='bbox 86 317 195 363; x_wconf 85' lang='grc' dir='ltr'><em>εἶναι</em></span> <span class='ocrx_word' id='word_1_18' title='bbox 223 318 399 373; x_wconf 78' lang='grc' dir='ltr'><strong><em>βασιλέα</em></strong></span> <span class='ocrx_word' id='word_1_19' title='bbox 431 316 704 371; x_wconf 83' lang='grc' dir='ltr'><em>καταστήσω,</em></span> <span class='ocrx_word' id='word_1_20' title='bbox 747 316 963 370; x_wconf 74' lang='grc' dir='ltr'><strong><em>θυγατέρα</em></strong></span> <span class='ocrx_word' id='word_1_21' title='bbox 991 312 1068 369; x_wconf 77' lang='grc' dir='ltr'><strong>τήν</strong></span> <span class='ocrx_word' id='word_1_22' title='bbox 1094 312 1202 368; x_wconf 73' lang='grc' dir='ltr'><em>ἐμὴν</em></span> <span class='ocrx_word' id='word_1_23' title='bbox 1245 310 1394 360; x_wconf 74' lang='grc' dir='ltr'><em>έκδοὸς</em></span> <span class='ocrx_word' id='word_1_24' title='bbox 1420 309 1526 367; x_wconf 84' lang='grc' dir='ltr'><em>πρὸς</em></span> <span class='ocrx_word' id='word_1_25' title='bbox 1539 321 1582 355; x_wconf 85' lang='lat' dir='ltr'><strong>V.</strong></span> <span class='ocrx_word' id='word_1_26' title='bbox 1593 321 1661 356; x_wconf 78' lang='lat'><strong>536</strong></span> 
     </span>
     <span class='ocr_line' id='line_1_4' title="bbox 86 374 1526 440; baseline -0.006 -13"><span class='ocrx_word' id='word_1_27' title='bbox 86 385 235 440; x_wconf 82' lang='grc' dir='ltr'><em>γάμον.</em></span> <span class='ocrx_word' id='word_1_28' title='bbox 286 384 337 426; x_wconf 74' lang='grc' dir='ltr'><strong>οὕ</strong></span> <span class='ocrx_word' id='word_1_29' title='bbox 371 381 456 438; x_wconf 72' lang='grc' dir='ltr'><strong>μὴν</strong></span> <span class='ocrx_word' id='word_1_30' title='bbox 505 382 597 424; x_wconf 76' lang='grc' dir='ltr'><em>ἀλλ’</em></span> <span class='ocrx_word' id='word_1_31' title='bbox 627 383 667 423; x_wconf 85' lang='grc' dir='ltr'><em>εἰ</em></span> <span class='ocrx_word' id='word_1_32' title='bbox 704 382 777 429; x_wconf 68' lang='grc' dir='ltr'>καί</span> <span class='ocrx_word' id='word_1_33' title='bbox 817 378 1021 437; x_wconf 85' lang='grc' dir='ltr'><em>πρότερον</em></span> <span class='ocrx_word' id='word_1_34' title='bbox 1057 380 1268 434; x_wconf 87' lang='grc' dir='ltr'><em>συμβαίη,</em></span> <span class='ocrx_word' id='word_1_35' title='bbox 1308 374 1338 433; x_wconf 73' lang='grc' dir='ltr'><em>ἢ</em></span> <span class='ocrx_word' id='word_1_36' title='bbox 1379 374 1526 432; x_wconf 70' lang='grc' dir='ltr'><em>ἑτέραν</em></span> 
     </span>
     <span class='ocr_line' id='line_1_5' title="bbox 88 440 1528 504; baseline -0.006 -11"><span class='ocrx_word' id='word_1_37' title='bbox 88 453 242 493; x_wconf 79' lang='grc' dir='ltr'><em>ἐκεῖνον</em></span> <span class='ocrx_word' id='word_1_38' title='bbox 283 445 518 504; x_wconf 70' lang='grc' dir='ltr'><em>ἀγαγέσθαι</em></span> <span class='ocrx_word' id='word_1_39' title='bbox 563 448 638 489; x_wconf 78' lang='grc' dir='ltr'><strong>τοῦ</strong></span> <span class='ocrx_word' id='word_1_40' title='bbox 676 448 860 499; x_wconf 90' lang='grc' dir='ltr'><em>πολέμου</em></span> <span class='ocrx_word' id='word_1_41' title='bbox 901 447 1279 501; x_wconf 84' lang='grc' dir='ltr'><em>παρατεινομένου,</em></span> <span class='ocrx_word' id='word_1_42' title='bbox 1327 440 1355 499; x_wconf 78' lang='grc' dir='ltr'><em>ἢ</em></span> <span class='ocrx_word' id='word_1_43' title='bbox 1396 444 1528 485; x_wconf 82' lang='grc' dir='ltr'><em>παῖδα</em></span> 
     </span>
     <span class='ocr_line' id='line_1_6' title="bbox 65 506 1530 572; baseline -0.005 -12"><span class='ocrx_word' id='word_1_44' title='bbox 65 516 166 572; x_wconf 72' lang='grc' dir='ltr'><em>ὄτὴν</em></span> <span class='ocrx_word' id='word_1_45' title='bbox 191 513 297 570; x_wconf 74' lang='grc' dir='ltr'><em>ἐμὴν</em></span> <span class='ocrx_word' id='word_1_46' title='bbox 326 514 407 571; x_wconf 82' lang='grc' dir='ltr'><strong>πρὸ</strong></span> <span class='ocrx_word' id='word_1_47' title='bbox 438 514 515 555; x_wconf 79' lang='grc' dir='ltr'><strong>τοῦ</strong></span> <span class='ocrx_word' id='word_1_48' title='bbox 545 509 684 568; x_wconf 73' lang='grc' dir='ltr'><em>γάμου</em></span> <span class='ocrx_word' id='word_1_49' title='bbox 713 514 936 569; x_wconf 77' lang='grc' dir='ltr'><strong><em>τελευτᾷν,</em></strong></span> <span class='ocrx_word' id='word_1_50' title='bbox 966 508 1058 554; x_wconf 70' lang='grc' dir='ltr'><em>οὐδ’</em></span> <span class='ocrx_word' id='word_1_51' title='bbox 1078 509 1190 552; x_wconf 73' lang='grc' dir='ltr'><em>οὕτω</em></span> <span class='ocrx_word' id='word_1_52' title='bbox 1211 508 1412 566; x_wconf 81' lang='grc' dir='ltr'><em>πράττειν</em></span> <span class='ocrx_word' id='word_1_53' title='bbox 1440 506 1530 563; x_wconf 48' lang='grc' dir='ltr'><em>ἑτέ,-</em></span> 
     </span>
     <span class='ocr_line' id='line_1_7' title="bbox 89 575 1570 638; baseline -0.005 -15"><span class='ocrx_word' id='word_1_54' title='bbox 89 599 173 638; x_wconf 85' lang='grc' dir='ltr'><strong>ρως</strong></span> <span class='ocrx_word' id='word_1_55' title='bbox 193 579 371 636; x_wconf 83' lang='grc' dir='ltr'><em>ἔγνωκα,</em></span> <span class='ocrx_word' id='word_1_56' title='bbox 406 576 506 621; x_wconf 66' lang='grc' dir='ltr'><em>οῦδὲ</em></span> <span class='ocrx_word' id='word_1_57' title='bbox 545 577 615 620; x_wconf 82' lang='grc' dir='ltr'><em>διὰ</em></span> <span class='ocrx_word' id='word_1_58' title='bbox 650 579 728 634; x_wconf 80' lang='grc' dir='ltr'><strong>τὴν</strong></span> <span class='ocrx_word' id='word_1_59' title='bbox 770 575 927 634; x_wconf 74' lang='grc' dir='ltr'><em>ἑτέρων</em></span> <span class='ocrx_word' id='word_1_60' title='bbox 954 575 1246 632; x_wconf 68' lang='grc' dir='ltr'><em>ἀγνωμοσύνην</em></span> <span class='ocrx_word' id='word_1_61' title='bbox 1288 575 1414 626; x_wconf 85' lang='grc' dir='ltr'><em>κακὸς</em></span> <span class='ocrx_word' id='word_1_62' title='bbox 1454 577 1570 617; x_wconf 75' lang='lat' dir='ltr'><strong>ari-D</strong></span> 
     </span>
     <span class='ocr_line' id='line_1_8' title="bbox 41 643 1531 702; baseline -0.007 -10"><span class='ocrx_word' id='word_1_63' title='bbox 41 692 46 697; x_wconf 34' lang='lat'><strong>⁴</strong></span> <span class='ocrx_word' id='word_1_64' title='bbox 88 646 161 698; x_wconf 81' lang='grc' dir='ltr'><strong>τὸς</strong></span> <span class='ocrx_word' id='word_1_65' title='bbox 189 646 262 690; x_wconf 75' lang='grc' dir='ltr'><em>καί</em></span> <span class='ocrx_word' id='word_1_66' title='bbox 287 646 514 702; x_wconf 80' lang='grc' dir='ltr'><em>α’χάριστος</em></span> <span class='ocrx_word' id='word_1_67' title='bbox 539 644 638 701; x_wconf 67' lang='grc' dir='ltr'><em>περὶ</em></span> <span class='ocrx_word' id='word_1_68' title='bbox 672 643 743 687; x_wconf 89' lang='grc' dir='ltr'><strong>τὸν</strong></span> <span class='ocrx_word' id='word_1_69' title='bbox 770 644 868 698; x_wconf 72' lang='grc' dir='ltr'><em>ἐμοὶ</em></span> <span class='ocrx_word' id='word_1_70' title='bbox 913 645 1112 701; x_wconf 85' lang='grc' dir='ltr'><em>φίλτατον</em></span> <span class='ocrx_word' id='word_1_71' title='bbox 1159 644 1312 685; x_wconf 81' lang='grc' dir='ltr'><em>ἐκεῖνον</em></span> <span class='ocrx_word' id='word_1_72' title='bbox 1353 644 1531 697; x_wconf 79' lang='grc' dir='ltr'><em>βασιλέα</em></span> 
     </span>
     <span class='ocr_line' id='line_1_9' title="bbox 89 707 1530 764; baseline -0.005 -8"><span class='ocrx_word' id='word_1_73' title='bbox 89 715 162 756; x_wconf 83' lang='grc' dir='ltr'><strong><em>καί</em></strong></span> <span class='ocrx_word' id='word_1_74' title='bbox 203 711 302 762; x_wconf 78' lang='grc' dir='ltr'><strong>τούς</strong></span> <span class='ocrx_word' id='word_1_75' title='bbox 338 713 495 762; x_wconf 87' lang='grc' dir='ltr'><em>παῖδας</em></span> <span class='ocrx_word' id='word_1_76' title='bbox 536 712 879 753; x_wconf 73' lang='grc' dir='ltr'><em>α’ποδεύινυσθαι.</em></span> <span class='ocrx_word' id='word_1_77' title='bbox 934 707 1041 752; x_wconf 77' lang='grc' dir='ltr'><em>οὕτω</em></span> <span class='ocrx_word' id='word_1_78' title='bbox 1073 713 1119 753; x_wconf 83' lang='grc' dir='ltr'><strong>δὲ</strong></span> <span class='ocrx_word' id='word_1_79' title='bbox 1140 711 1304 752; x_wconf 76' lang='grc' dir='ltr'><em>,τούτων</em></span> <span class='ocrx_word' id='word_1_80' title='bbox 1341 709 1530 764; x_wconf 82' lang='grc' dir='ltr'><em>κεκριμέ-</em></span> 
     </span>
     <span class='ocr_line' id='line_1_10' title="bbox 89 771 1533 834; baseline -0.005 -12"><span class='ocrx_word' id='word_1_81' title='bbox 89 795 173 823; x_wconf 90' lang='grc' dir='ltr'><strong>νων</strong></span> <span class='ocrx_word' id='word_1_82' title='bbox 199 783 300 834; x_wconf 87' lang='grc' dir='ltr'><em>παρ’</em></span> <span class='ocrx_word' id='word_1_83' title='bbox 320 780 438 832; x_wconf 73' lang='grc' dir='ltr'><em>ἐμοὶ,</em></span> <span class='ocrx_word' id='word_1_84' title='bbox 471 775 528 828; x_wconf 79' lang='grc' dir='ltr'><strong>ὦς</strong></span> <span class='ocrx_word' id='word_1_85' title='bbox 556 773 749 820; x_wconf 71' lang='grc' dir='ltr'><em>ἀδύνατα</em></span> <span class='ocrx_word' id='word_1_86' title='bbox 780 779 963 830; x_wconf 78' lang='grc' dir='ltr'><em>αι’τεῖτε,</em></span> <span class='ocrx_word' id='word_1_87' title='bbox 1000 779 1181 832; x_wconf 82' lang='grc' dir='ltr'><em>συνορᾷν</em></span> <span class='ocrx_word' id='word_1_88' title='bbox 1220 771 1297 831; x_wconf 72' lang='grc' dir='ltr'><strong>ἤδη</strong></span> <span class='ocrx_word' id='word_1_89' title='bbox 1327 776 1400 816; x_wconf 83' lang='grc' dir='ltr'><em>καί</em></span> <span class='ocrx_word' id='word_1_90' title='bbox 1433 772 1533 827; x_wconf 82' lang='grc' dir='ltr'><strong>ὗμῖν</strong></span> 
     </span>
     <span class='ocr_line' id='line_1_11' title="bbox 42 840 1534 899; baseline -0.006 -10"><span class='ocrx_word' id='word_1_91' title='bbox 42 847 266 897; x_wconf 81' lang='grc' dir='ltr'><em>ιοέξέοται.</em></span> <span class='ocrx_word' id='word_1_92' title='bbox 325 845 379 886; x_wconf 80' lang='grc' dir='ltr'><strong>ου’</strong></span> <span class='ocrx_word' id='word_1_93' title='bbox 417 842 498 899; x_wconf 80' lang='grc' dir='ltr'><strong>γὰρ</strong></span> <span class='ocrx_word' id='word_1_94' title='bbox 541 842 592 899; x_wconf 78' lang='grc' dir='ltr'><em>δὴ</em></span> <span class='ocrx_word' id='word_1_95' title='bbox 632 840 750 898; x_wconf 81' lang='grc' dir='ltr'><em>λήϊον</em></span> <span class='ocrx_word' id='word_1_96' title='bbox 789 840 928 898; x_wconf 78' lang='grc' dir='ltr'><em>ὥσπερ</em></span> <span class='ocrx_word' id='word_1_97' title='bbox 979 844 1186 896; x_wconf 83' lang='grc' dir='ltr'><em>βασιλέων</em></span> <span class='ocrx_word' id='word_1_98' title='bbox 1235 840 1534 893; x_wconf 71' lang='grc' dir='ltr'><em>ἀποδείξομεν,</em></span> 
     </span>
     <span class='ocr_line' id='line_1_12' title="bbox 91 901 1535 967; baseline -0.006 -13"><span class='ocrx_word' id='word_1_99' title='bbox 91 913 185 954; x_wconf 73' lang='grc' dir='ltr'><em>ἀλλ’</em></span> <span class='ocrx_word' id='word_1_100' title='bbox 213 907 241 967; x_wconf 81' lang='grc' dir='ltr'><em>ἢ</em></span> <span class='ocrx_word' id='word_1_101' title='bbox 283 911 446 966; x_wconf 78' lang='grc' dir='ltr'><em>μηδένα</em></span> <span class='ocrx_word' id='word_1_102' title='bbox 484 912 629 965; x_wconf 77' lang='grc' dir='ltr'><em>ἕτερον</em></span> <span class='ocrx_word' id='word_1_103' title='bbox 669 906 776 952; x_wconf 81' lang='grc' dir='ltr'><em>εἶναι</em></span> <span class='ocrx_word' id='word_1_104' title='bbox 817 910 993 962; x_wconf 79' lang='grc' dir='ltr'><em>βασιλέα</em></span> <span class='ocrx_word' id='word_1_105' title='bbox 1024 910 1145 962; x_wconf 84' lang='grc' dir='ltr'><em>δέον,</em></span> <span class='ocrx_word' id='word_1_106' title='bbox 1180 902 1210 963; x_wconf 77' lang='grc' dir='ltr'><strong><em>ἢ</em></strong></span> <span class='ocrx_word' id='word_1_107' title='bbox 1240 909 1314 949; x_wconf 79' lang='grc' dir='ltr'>καί</span> <span class='ocrx_word' id='word_1_108' title='bbox 1339 906 1410 948; x_wconf 83' lang='grc' dir='ltr'><strong>τὸν</strong></span> <span class='ocrx_word' id='word_1_109' title='bbox 1437 901 1535 947; x_wconf 74' lang='grc' dir='ltr'><em>ὄντα</em></span> 
     </span>
     <span class='ocr_line' id='line_1_13' title="bbox 91 972 1535 1028; baseline -0.006 -8"><span class='ocrx_word' id='word_1_110' title='bbox 91 975 399 1020; x_wconf 74' lang='grc' dir='ltr'><em>ἀποκτιννύναι.</em></span> <span class='ocrx_word' id='word_1_111' title='bbox 453 978 577 1018; x_wconf 78' lang='grc' dir='ltr'><em>τοῦτο</em></span> <span class='ocrx_word' id='word_1_112' title='bbox 606 976 653 1018; x_wconf 81' lang='grc' dir='ltr'><strong>δὲ</strong></span> <span class='ocrx_word' id='word_1_113' title='bbox 682 973 740 1025; x_wconf 79' lang='grc' dir='ltr'><strong>ὥς</strong></span> <span class='ocrx_word' id='word_1_114' title='bbox 767 972 974 1017; x_wconf 71' lang='grc' dir='ltr'><em>ἀδύνατον</em></span> <span class='ocrx_word' id='word_1_115' title='bbox 1013 976 1089 1028; x_wconf 77' lang='grc' dir='ltr'><em>ἐμὲ</em></span> <span class='ocrx_word' id='word_1_116' title='bbox 1123 979 1278 1028; x_wconf 83' lang='grc' dir='ltr'><em>ποιεῖν,</em></span> <span class='ocrx_word' id='word_1_117' title='bbox 1320 972 1535 1014; x_wconf 76' lang='grc' dir='ltr'><em>ου’δόἷπο-</em></span> 
     </span>
     <span class='ocr_line' id='line_1_14' title="bbox 91 1037 1532 1097; baseline -0.004 -12"><span class='ocrx_word' id='word_1_118' title='bbox 91 1045 256 1094; x_wconf 77' lang='grc' dir='ltr'><em>δείξεως</em></span> <span class='ocrx_word' id='word_1_119' title='bbox 294 1040 436 1095; x_wconf 83' lang='grc' dir='ltr'><em>οἴομαι</em></span> <span class='ocrx_word' id='word_1_120' title='bbox 467 1041 706 1096; x_wconf 75' lang='grc' dir='ltr'><em>δεήσεσθαι.</em></span> <span class='ocrx_word' id='word_1_121' title='bbox 751 1040 839 1084; x_wconf 84' lang='grc' dir='ltr'><em>ἴστε</em></span> <span class='ocrx_word' id='word_1_122' title='bbox 883 1039 963 1096; x_wconf 76' lang='grc' dir='ltr'><strong>γὰρ</strong></span> <span class='ocrx_word' id='word_1_123' title='bbox 998 1043 1169 1097; x_wconf 70' lang='grc' dir='ltr'><em>σαφῶς,</em></span> <span class='ocrx_word' id='word_1_124' title='bbox 1203 1037 1260 1089; x_wconf 79' lang='grc' dir='ltr'><strong>ὥς</strong></span> <span class='ocrx_word' id='word_1_125' title='bbox 1291 1039 1331 1081; x_wconf 83' lang='grc' dir='ltr'><em>εἰ</em></span> <span class='ocrx_word' id='word_1_126' title='bbox 1359 1038 1532 1088; x_wconf 78' lang='grc' dir='ltr'><em>πάντες,</em></span> 
     </span>
     <span class='ocr_line' id='line_1_15' title="bbox 90 1103 1535 1163; baseline -0.003 -13"><span class='ocrx_word' id='word_1_127' title='bbox 90 1106 185 1152; x_wconf 77' lang='grc' dir='ltr'><em>ὅσοι</em></span> <span class='ocrx_word' id='word_1_128' title='bbox 208 1108 282 1151; x_wconf 81' lang='grc' dir='ltr'><strong><em>καί</em></strong></span> <span class='ocrx_word' id='word_1_129' title='bbox 306 1107 508 1162; x_wconf 83' lang='grc' dir='ltr'><em>Ἑλλήνων</em></span> <span class='ocrx_word' id='word_1_130' title='bbox 555 1106 629 1149; x_wconf 70' lang='grc' dir='ltr'><strong>καὶ</strong></span> <span class='ocrx_word' id='word_1_131' title='bbox 665 1106 895 1163; x_wconf 85' lang='grc' dir='ltr'><em>βαρβάρων</em></span> <span class='ocrx_word' id='word_1_132' title='bbox 933 1103 1116 1162; x_wconf 75' lang='grc' dir='ltr'><em>ἄρχουσι</em></span> <span class='ocrx_word' id='word_1_133' title='bbox 1142 1104 1250 1148; x_wconf 75' lang='grc' dir='ltr'><em>κατὰ</em></span> <span class='ocrx_word' id='word_1_134' title='bbox 1290 1104 1367 1161; x_wconf 75' lang='grc' dir='ltr'><strong>την</strong></span> <span class='ocrx_word' id='word_1_135' title='bbox 1395 1106 1535 1148; x_wconf 85' lang='grc' dir='ltr'><em>οἰκου-</em></span> 
     </span>
     <span class='ocr_line' id='line_1_16' title="bbox 43 1168 1659 1231; baseline -0.005 -12"><span class='ocrx_word' id='word_1_136' title='bbox 43 1177 244 1230; x_wconf 74' lang='grc' dir='ltr'><em>ιόμένην,</em></span> <span class='ocrx_word' id='word_1_137' title='bbox 291 1176 408 1231; x_wconf 86' lang='grc' dir='ltr'><em>κοινῇ</em></span> <span class='ocrx_word' id='word_1_138' title='bbox 442 1171 576 1230; x_wconf 77' lang='grc' dir='ltr'><strong>ψήφῳ</strong></span> <span class='ocrx_word' id='word_1_139' title='bbox 617 1171 861 1215; x_wconf 82' lang='grc' dir='ltr'><em>δουλεύσειν</em></span> <span class='ocrx_word' id='word_1_140' title='bbox 900 1175 1192 1228; x_wconf 82' lang='grc' dir='ltr'><em>ἐπηγγέλλοντο</em></span> <span class='ocrx_word' id='word_1_141' title='bbox 1234 1169 1425 1221; x_wconf 74' lang='grc' dir='ltr'><em>ἐλθόντες</em></span> <span class='ocrx_word' id='word_1_142' title='bbox 1453 1168 1536 1214; x_wconf 72' lang='grc' dir='ltr'><em>,καὶ</em></span> <span class='ocrx_word' id='word_1_143' title='bbox 1549 1176 1659 1223; x_wconf 81' lang='lat' dir='ltr'><strong>P.672</strong></span> 
     </span>
     <span class='ocr_line' id='line_1_17' title="bbox 88 1235 1567 1295; baseline -0.006 -12"><span class='ocrx_word' id='word_1_144' title='bbox 88 1239 228 1283; x_wconf 85' lang='grc' dir='ltr'><em>κοινὸν</em></span> <span class='ocrx_word' id='word_1_145' title='bbox 257 1237 452 1282; x_wconf 76' lang='grc' dir='ltr'><em>ἁπάντων</em></span> <span class='ocrx_word' id='word_1_146' title='bbox 478 1235 714 1294; x_wconf 67' lang='grc' dir='ltr'><em>ἀνθρώπων</em></span> <span class='ocrx_word' id='word_1_147' title='bbox 743 1240 977 1290; x_wconf 77' lang='grc' dir='ltr'><em>ἀποδείξειν</em></span> <span class='ocrx_word' id='word_1_148' title='bbox 995 1242 1202 1293; x_wconf 80' lang='grc' dir='ltr'><em>βασιλέα,</em></span> <span class='ocrx_word' id='word_1_149' title='bbox 1230 1237 1302 1280; x_wconf 75' lang='grc' dir='ltr'><strong>ἐπὶ</strong></span> <span class='ocrx_word' id='word_1_150' title='bbox 1328 1239 1386 1295; x_wconf 73' lang='grc' dir='ltr'><strong>τῷ</strong></span> <span class='ocrx_word' id='word_1_151' title='bbox 1411 1238 1536 1290; x_wconf 81' lang='grc' dir='ltr'><em>βασι-</em></span> <span class='ocrx_word' id='word_1_152' title='bbox 1557 1255 1567 1263; x_wconf 59' lang='grc'><em>’</em></span> 
     </span>
     <span class='ocr_line' id='line_1_18' title="bbox 88 1300 1535 1359; baseline -0.004 -9"><span class='ocrx_word' id='word_1_153' title='bbox 88 1310 165 1350; x_wconf 87' lang='grc' dir='ltr'><strong>λέα</strong></span> <span class='ocrx_word' id='word_1_154' title='bbox 191 1306 265 1350; x_wconf 81' lang='grc' dir='ltr'><strong>τὸν</strong></span> <span class='ocrx_word' id='word_1_155' title='bbox 284 1307 385 1348; x_wconf 53' lang='grc' dir='ltr'><em>«νέον</em></span> <span class='ocrx_word' id='word_1_156' title='bbox 407 1301 604 1359; x_wconf 81' lang='grc' dir='ltr'><em>Ἰωάννην</em></span> <span class='ocrx_word' id='word_1_157' title='bbox 621 1303 916 1358; x_wconf 64' lang='grc' dir='ltr'><em>“α’ποκτει’νειν,</em></span> <span class='ocrx_word' id='word_1_158' title='bbox 945 1306 1104 1358; x_wconf 84' lang='grc' dir='ltr'><em>μᾶλλον</em></span> <span class='ocrx_word' id='word_1_159' title='bbox 1132 1300 1186 1346; x_wconf 75' lang='grc' dir='ltr'><strong>ἂν</strong></span> <span class='ocrx_word' id='word_1_160' title='bbox 1205 1302 1376 1358; x_wconf 82' lang='grc' dir='ltr'><em>εἱλόμην</em></span> <span class='ocrx_word' id='word_1_161' title='bbox 1406 1301 1535 1357; x_wconf 78' lang='grc' dir='ltr'><em>ἐσχά-</em></span> 
     </span>
     <span class='ocr_line' id='line_1_19' title="bbox 88 1365 1538 1430; baseline -0.003 -16"><span class='ocrx_word' id='word_1_162' title='bbox 88 1375 142 1430; x_wconf 86' lang='grc' dir='ltr'><strong>τῇ</strong></span> <span class='ocrx_word' id='word_1_163' title='bbox 185 1373 317 1426; x_wconf 81' lang='grc' dir='ltr'><em>συζῆν</em></span> <span class='ocrx_word' id='word_1_164' title='bbox 354 1372 473 1429; x_wconf 78' lang='grc' dir='ltr'><em>πενίᾳ</em></span> <span class='ocrx_word' id='word_1_165' title='bbox 515 1370 587 1412; x_wconf 82' lang='grc' dir='ltr'><strong><em>καί</em></strong></span> <span class='ocrx_word' id='word_1_166' title='bbox 625 1370 808 1428; x_wconf 73' lang='grc' dir='ltr'><em>ἀφανείᾳ</em></span> <span class='ocrx_word' id='word_1_167' title='bbox 849 1374 1004 1427; x_wconf 82' lang='grc' dir='ltr'><em>πολλῇ,</em></span> <span class='ocrx_word' id='word_1_168' title='bbox 1048 1366 1077 1426; x_wconf 81' lang='grc' dir='ltr'><em>ἢ</em></span> <span class='ocrx_word' id='word_1_169' title='bbox 1116 1368 1227 1411; x_wconf 78' lang='grc' dir='ltr'><em>οὕτω</em></span> <span class='ocrx_word' id='word_1_170' title='bbox 1270 1369 1416 1426; x_wconf 82' lang='grc' dir='ltr'><em>φαῦλα</em></span> <span class='ocrx_word' id='word_1_171' title='bbox 1443 1365 1538 1409; x_wconf 67' lang='grc' dir='ltr'><em>’καὶ</em></span> 
     </span>
     <span class='ocr_line' id='line_1_20' title="bbox 89 1431 1535 1494; baseline -0.003 -14"><span class='ocrx_word' id='word_1_172' title='bbox 89 1437 315 1494; x_wconf 80' lang='grc' dir='ltr'><em>παράνομα</em></span> <span class='ocrx_word' id='word_1_173' title='bbox 362 1435 638 1492; x_wconf 88' lang='grc' dir='ltr'><em>προελόμενος</em></span> <span class='ocrx_word' id='word_1_174' title='bbox 680 1433 937 1489; x_wconf 80' lang='grc' dir='ltr'><em>συμπάντων</em></span> <span class='ocrx_word' id='word_1_175' title='bbox 986 1437 1221 1491; x_wconf 73' lang='grc' dir='ltr'><em>ἀνθρώπων</em></span> <span class='ocrx_word' id='word_1_176' title='bbox 1266 1431 1440 1491; x_wconf 68' lang='grc' dir='ltr'><em>ἄρχειν,</em></span> <span class='ocrx_word' id='word_1_177' title='bbox 1483 1434 1535 1476; x_wconf 79' lang='grc' dir='ltr'><strong>οὕ</strong></span> 
     </span>
     <span class='ocr_line' id='line_1_21' title="bbox 37 1498 1537 1559; baseline -0.003 -12"><span class='ocrx_word' id='word_1_178' title='bbox 37 1505 216 1559; x_wconf 67' lang='grc' dir='ltr'><em>τιομόνον</em></span> <span class='ocrx_word' id='word_1_179' title='bbox 254 1503 326 1546; x_wconf 82' lang='grc' dir='ltr'><em>διὰ</em></span> <span class='ocrx_word' id='word_1_180' title='bbox 361 1504 540 1557; x_wconf 86' lang='grc' dir='ltr'><em>βασιλέα</em></span> <span class='ocrx_word' id='word_1_181' title='bbox 577 1501 650 1544; x_wconf 86' lang='grc' dir='ltr'><strong>τὸν</strong></span> <span class='ocrx_word' id='word_1_182' title='bbox 676 1503 864 1556; x_wconf 78' lang='grc' dir='ltr'><em>πατέρα,</em></span> <span class='ocrx_word' id='word_1_183' title='bbox 893 1498 1002 1543; x_wconf 78' lang='grc' dir='ltr'><em>α’λλιὶ</em></span> <span class='ocrx_word' id='word_1_184' title='bbox 1030 1500 1102 1542; x_wconf 82' lang='grc' dir='ltr'><em>καί</em></span> <span class='ocrx_word' id='word_1_185' title='bbox 1132 1503 1187 1542; x_wconf 78' lang='grc' dir='ltr'><em>δι’</em></span> <span class='ocrx_word' id='word_1_186' title='bbox 1216 1500 1372 1553; x_wconf 69' lang='grc' dir='ltr'><em>αὐτόν,</em></span> <span class='ocrx_word' id='word_1_187' title='bbox 1418 1498 1537 1544; x_wconf 77' lang='grc' dir='ltr'><em>οὔδε-</em></span> 
     </span>
     <span class='ocr_line' id='line_1_22' title="bbox 87 1564 1538 1625; baseline -0.004 -12"><span class='ocrx_word' id='word_1_188' title='bbox 87 1573 191 1625; x_wconf 89' lang='grc' dir='ltr'><em>μίαν</em></span> <span class='ocrx_word' id='word_1_189' title='bbox 218 1572 356 1612; x_wconf 85' lang='grc' dir='ltr'><em>αἰτίαν</em></span> <span class='ocrx_word' id='word_1_190' title='bbox 383 1568 489 1624; x_wconf 86' lang='grc' dir='ltr'><em>πρὸς</em></span> <span class='ocrx_word' id='word_1_191' title='bbox 516 1566 590 1609; x_wconf 83' lang='grc' dir='ltr'><strong>τὸν</strong></span> <span class='ocrx_word' id='word_1_192' title='bbox 615 1566 720 1623; x_wconf 86' lang='grc' dir='ltr'><em>πρὸς</em></span> <span class='ocrx_word' id='word_1_193' title='bbox 747 1568 822 1619; x_wconf 81' lang='grc' dir='ltr'><em>ἐμὲ</em></span> <span class='ocrx_word' id='word_1_194' title='bbox 842 1569 1104 1621; x_wconf 83' lang='grc' dir='ltr'><em>κεκινημένον</em></span> <span class='ocrx_word' id='word_1_195' title='bbox 1122 1564 1303 1619; x_wconf 83' lang='grc' dir='ltr'><em>πόλεμον</em></span> <span class='ocrx_word' id='word_1_196' title='bbox 1323 1582 1538 1622; x_wconf 74' lang='grc' dir='ltr'><em>παρεσχη-</em></span> 
     </span>
     <span class='ocr_line' id='line_1_23' title="bbox 87 1629 1538 1690; baseline -0.003 -12"><span class='ocrx_word' id='word_1_197' title='bbox 87 1638 225 1690; x_wconf 88' lang='grc' dir='ltr'><em>μένον.</em></span> <span class='ocrx_word' id='word_1_198' title='bbox 284 1634 356 1677; x_wconf 78' lang='grc' dir='ltr'><em>διὰ</em></span> <span class='ocrx_word' id='word_1_199' title='bbox 387 1633 468 1690; x_wconf 79' lang='grc' dir='ltr'><strong>γὰρ</strong></span> <span class='ocrx_word' id='word_1_200' title='bbox 498 1634 575 1689; x_wconf 74' lang='grc' dir='ltr'><strong>τὴν</strong></span> <span class='ocrx_word' id='word_1_201' title='bbox 622 1634 789 1688; x_wconf 82' lang='grc' dir='ltr'><em>ἡλικίαν</em></span> <span class='ocrx_word' id='word_1_202' title='bbox 841 1629 1043 1685; x_wconf 72' lang='grc' dir='ltr'><em>οὐδεμιᾶς</em></span> <span class='ocrx_word' id='word_1_203' title='bbox 1085 1631 1251 1672; x_wconf 78' lang='grc' dir='ltr'><em>οὐδέπω</em></span> <span class='ocrx_word' id='word_1_204' title='bbox 1295 1630 1538 1687; x_wconf 75' lang='grc' dir='ltr'><em>διοικήσεως</em></span> 
     </span>
     <span class='ocr_line' id='line_1_24' title="bbox 90 1691 1534 1758; baseline -0.002 -15"><span class='ocrx_word' id='word_1_205' title='bbox 90 1701 347 1758; x_wconf 82' lang='grc' dir='ltr'><em>πραγμάτων</em></span> <span class='ocrx_word' id='word_1_206' title='bbox 374 1695 531 1755; x_wconf 81' lang='grc' dir='ltr'><em>ἧπται,</em></span> <span class='ocrx_word' id='word_1_207' title='bbox 563 1694 671 1742; x_wconf 77' lang='grc' dir='ltr'><em>ὥστε</em></span> <span class='ocrx_word' id='word_1_208' title='bbox 699 1697 771 1741; x_wconf 83' lang='grc' dir='ltr'><strong><em>καί</em></strong></span> <span class='ocrx_word' id='word_1_209' title='bbox 796 1698 935 1741; x_wconf 81' lang='grc' dir='ltr'><em>αἰτίαν</em></span> <span class='ocrx_word' id='word_1_210' title='bbox 962 1703 1209 1753; x_wconf 80' lang='grc' dir='ltr'><em>παρασχεῖν.</em></span> <span class='ocrx_word' id='word_1_211' title='bbox 1236 1696 1292 1747; x_wconf 76' lang='grc' dir='ltr'><strong>ὥς</strong></span> <span class='ocrx_word' id='word_1_212' title='bbox 1321 1691 1397 1739; x_wconf 74' lang='grc' dir='ltr'><strong>οὖν</strong></span> <span class='ocrx_word' id='word_1_213' title='bbox 1424 1695 1534 1740; x_wconf 76' lang='grc' dir='ltr'><em>οὕτω</em></span> 
     </span>
     <span class='ocr_line' id='line_1_25' title="bbox 182 1782 739 1831; baseline -0.007 -11"><span class='ocrx_word' id='word_1_214' title='bbox 182 1787 214 1820; x_wconf 89' lang='grc'><strong>6.</strong></span> <span class='ocrx_word' id='word_1_215' title='bbox 239 1784 374 1831; x_wconf 74' lang='grc' dir='ltr'><em>ἑτέρως</em></span> <span class='ocrx_word' id='word_1_216' title='bbox 396 1785 435 1818; x_wconf 82' lang='lat' dir='ltr'><strong>P.</strong></span> <span class='ocrx_word' id='word_1_217' title='bbox 529 1796 563 1830; x_wconf 84' lang='lat'><strong>9.</strong></span> <span class='ocrx_word' id='word_1_218' title='bbox 588 1782 681 1830; x_wconf 73' lang='grc' dir='ltr'><em>η’μῖν</em></span> <span class='ocrx_word' id='word_1_219' title='bbox 704 1783 739 1816; x_wconf 84' lang='grc' dir='ltr'><strong>Ρ.</strong></span> 
     </span>
    </p>
   </div>
   <div class='ocr_carea' id='block_1_3' title="bbox 88 1859 1542 2793">
    <p class='ocr_par' dir='ltr' id='par_1_3' title="bbox 88 1859 1542 2793">
     <span class='ocr_line' id='line_1_26' title="bbox 91 1859 1538 1909; baseline -0.005 -9"><span class='ocrx_word' id='word_1_220' title='bbox 91 1876 214 1901; x_wconf 83' lang='lat' dir='ltr'><strong>rursus</strong></span> <span class='ocrx_word' id='word_1_221' title='bbox 248 1866 504 1909; x_wconf 82' lang='lat' dir='ltr'><strong>imperatorem</strong></span> <span class='ocrx_word' id='word_1_222' title='bbox 539 1863 763 1902; x_wconf 83' lang='lat' dir='ltr'><strong>Romanum,</strong></span> <span class='ocrx_word' id='word_1_223' title='bbox 794 1860 872 1894; x_wconf 87' lang='lat' dir='ltr'><strong>filia</strong></span> <span class='ocrx_word' id='word_1_224' title='bbox 910 1870 974 1893; x_wconf 83' lang='lat' dir='ltr'><strong>sua</strong></span> <span class='ocrx_word' id='word_1_225' title='bbox 1006 1860 1045 1893; x_wconf 86' lang='lat' dir='ltr'><strong>in</strong></span> <span class='ocrx_word' id='word_1_226' title='bbox 1069 1859 1338 1893; x_wconf 78' lang='lat' dir='ltr'><strong>matrimonium</strong></span> <span class='ocrx_word' id='word_1_227' title='bbox 1370 1862 1406 1895; x_wconf 86' lang='lat' dir='ltr'><strong>ei</strong></span> <span class='ocrx_word' id='word_1_228' title='bbox 1430 1860 1538 1902; x_wconf 89' lang='lat' dir='ltr'><strong>data,</strong></span> 
     </span>
     <span class='ocr_line' id='line_1_27' title="bbox 91 1905 1537 1955; baseline -0.004 -8"><span class='ocrx_word' id='word_1_229' title='bbox 91 1924 211 1947; x_wconf 89' lang='lat' dir='ltr'><strong>secum</strong></span> <span class='ocrx_word' id='word_1_230' title='bbox 236 1923 312 1944; x_wconf 85' lang='lat' dir='ltr'><strong>csse</strong></span> <span class='ocrx_word' id='word_1_231' title='bbox 337 1911 608 1955; x_wconf 85' lang='lat' dir='ltr'><strong>permissurum.</strong></span> <span class='ocrx_word' id='word_1_232' title='bbox 657 1908 733 1942; x_wconf 87' lang='lat' dir='ltr'><strong>Nec</strong></span> <span class='ocrx_word' id='word_1_233' title='bbox 760 1908 855 1941; x_wconf 86' lang='lat' dir='ltr'><strong>istuc</strong></span> <span class='ocrx_word' id='word_1_234' title='bbox 878 1907 1017 1940; x_wconf 82' lang='lat' dir='ltr'><strong>solum:</strong></span> <span class='ocrx_word' id='word_1_235' title='bbox 1042 1905 1107 1941; x_wconf 75' lang='lat' dir='ltr'><strong>sed</strong></span> <span class='ocrx_word' id='word_1_236' title='bbox 1131 1906 1198 1940; x_wconf 88' lang='lat' dir='ltr'><strong>etsi</strong></span> <span class='ocrx_word' id='word_1_237' title='bbox 1220 1907 1413 1951; x_wconf 85' lang='lat' dir='ltr'><strong>contigerit</strong></span> <span class='ocrx_word' id='word_1_238' title='bbox 1431 1908 1537 1941; x_wconf 86' lang='lat' dir='ltr'><strong>illum</strong></span> 
     </span>
     <span class='ocr_line' id='line_1_28' title="bbox 92 1953 1538 2000; baseline -0.003 -7"><span class='ocrx_word' id='word_1_239' title='bbox 92 1960 201 1993; x_wconf 87' lang='lat' dir='ltr'><strong>aliam</strong></span> <span class='ocrx_word' id='word_1_240' title='bbox 230 1959 361 1991; x_wconf 87' lang='lat' dir='ltr'><strong>ducere</strong></span> <span class='ocrx_word' id='word_1_241' title='bbox 377 1982 386 1997; x_wconf 90' lang='lat'><strong>,</strong></span> <span class='ocrx_word' id='word_1_242' title='bbox 411 1956 528 1997; x_wconf 77' lang='lat' dir='ltr'><strong>(bello</strong></span> <span class='ocrx_word' id='word_1_243' title='bbox 553 1955 696 2000; x_wconf 85' lang='lat' dir='ltr'><strong>longius</strong></span> <span class='ocrx_word' id='word_1_244' title='bbox 724 1960 876 1988; x_wconf 77' lang='lat' dir='ltr'><strong>extenso</strong></span> <span class='ocrx_word' id='word_1_245' title='bbox 906 1953 1074 1995; x_wconf 84' lang='lat' dir='ltr'><strong>scilicet‚)</strong></span> <span class='ocrx_word' id='word_1_246' title='bbox 1099 1958 1163 1986; x_wconf 84' lang='lat' dir='ltr'><strong>aut</strong></span> <span class='ocrx_word' id='word_1_247' title='bbox 1189 1953 1300 1986; x_wconf 84' lang='lat' dir='ltr'><strong>filiam</strong></span> <span class='ocrx_word' id='word_1_248' title='bbox 1326 1965 1425 1988; x_wconf 81' lang='lat' dir='ltr'><strong>suam</strong></span> <span class='ocrx_word' id='word_1_249' title='bbox 1453 1960 1538 1988; x_wconf 86' lang='lat' dir='ltr'><strong>ante</strong></span> 
     </span>
     <span class='ocr_line' id='line_1_29' title="bbox 91 1999 1538 2051; baseline -0.005 -11"><span class='ocrx_word' id='word_1_250' title='bbox 91 2006 238 2051; x_wconf 79' lang='lat' dir='ltr'><strong>nuptias</strong></span> <span class='ocrx_word' id='word_1_251' title='bbox 276 2005 316 2038; x_wconf 88' lang='lat' dir='ltr'><strong>in</strong></span> <span class='ocrx_word' id='word_1_252' title='bbox 351 2004 426 2037; x_wconf 81' lang='lat' dir='ltr'><strong>sata</strong></span> <span class='ocrx_word' id='word_1_253' title='bbox 463 2003 588 2043; x_wconf 88' lang='lat' dir='ltr'><strong>abire,</strong></span> <span class='ocrx_word' id='word_1_254' title='bbox 620 2013 695 2035; x_wconf 91' lang='lat' dir='ltr'><strong>non</strong></span> <span class='ocrx_word' id='word_1_255' title='bbox 729 2001 837 2034; x_wconf 87' lang='lat' dir='ltr'><strong>aliter</strong></span> <span class='ocrx_word' id='word_1_256' title='bbox 860 1999 998 2041; x_wconf 78' lang='lat' dir='ltr'><strong>facere,</strong></span> <span class='ocrx_word' id='word_1_257' title='bbox 1024 2011 1092 2033; x_wconf 89' lang='lat' dir='ltr'><strong>nec</strong></span> <span class='ocrx_word' id='word_1_258' title='bbox 1114 2005 1265 2045; x_wconf 87' lang='lat' dir='ltr'><strong>propter</strong></span> <span class='ocrx_word' id='word_1_259' title='bbox 1288 2000 1443 2035; x_wconf 80' lang='lat' dir='ltr'><strong>aliorum</strong></span> <span class='ocrx_word' id='word_1_260' title='bbox 1470 2002 1538 2033; x_wconf 88' lang='lat' dir='ltr'><strong>im-</strong></span> 
     </span>
     <span class='ocr_line' id='line_1_30' title="bbox 91 2046 1538 2099; baseline -0.005 -13"><span class='ocrx_word' id='word_1_261' title='bbox 91 2052 310 2099; x_wconf 72' lang='lat' dir='ltr'><strong>probitatem</strong></span> <span class='ocrx_word' id='word_1_262' title='bbox 351 2061 509 2097; x_wconf 84' lang='lat' dir='ltr'><strong>nequam</strong></span> <span class='ocrx_word' id='word_1_263' title='bbox 539 2061 577 2082; x_wconf 89' lang='lat' dir='ltr'><strong>se</strong></span> <span class='ocrx_word' id='word_1_264' title='bbox 630 2054 668 2082; x_wconf 91' lang='lat' dir='ltr'><strong>et</strong></span> <span class='ocrx_word' id='word_1_265' title='bbox 699 2048 878 2092; x_wconf 87' lang='lat' dir='ltr'><strong>ingratum</strong></span> <span class='ocrx_word' id='word_1_266' title='bbox 906 2057 988 2092; x_wconf 88' lang='lat' dir='ltr'><strong>erga</strong></span> <span class='ocrx_word' id='word_1_267' title='bbox 1016 2048 1269 2090; x_wconf 83' lang='lat' dir='ltr'><strong>imperatorem</strong></span> <span class='ocrx_word' id='word_1_268' title='bbox 1296 2046 1538 2088; x_wconf 78' lang='lat' dir='ltr'><strong>demortuum,</strong></span> 
     </span>
     <span class='ocr_line' id='line_1_31' title="bbox 91 2093 1539 2142; baseline -0.003 -9"><span class='ocrx_word' id='word_1_269' title='bbox 91 2100 163 2133; x_wconf 90' lang='lat' dir='ltr'><strong>sibi</strong></span> <span class='ocrx_word' id='word_1_270' title='bbox 198 2098 440 2138; x_wconf 82' lang='lat' dir='ltr'><strong>carissimum,</strong></span> <span class='ocrx_word' id='word_1_271' title='bbox 482 2097 634 2142; x_wconf 88' lang='lat' dir='ltr'><strong>eiusque</strong></span> <span class='ocrx_word' id='word_1_272' title='bbox 667 2094 761 2128; x_wconf 87' lang='lat' dir='ltr'><strong>filios</strong></span> <span class='ocrx_word' id='word_1_273' title='bbox 797 2094 989 2128; x_wconf 77' lang='lat' dir='ltr'><strong>ostendere</strong></span> <span class='ocrx_word' id='word_1_274' title='bbox 1026 2093 1238 2129; x_wconf 84' lang='lat' dir='ltr'><strong>decrevisse.</strong></span> <span class='ocrx_word' id='word_1_275' title='bbox 1285 2093 1349 2128; x_wconf 79' lang='lat' dir='ltr'><strong>His</strong></span> <span class='ocrx_word' id='word_1_276' title='bbox 1375 2094 1472 2140; x_wconf 86' lang='lat' dir='ltr'><strong>apud</strong></span> <span class='ocrx_word' id='word_1_277' title='bbox 1500 2105 1539 2128; x_wconf 83' lang='lat' dir='ltr'><strong>se</strong></span> 
     </span>
     <span class='ocr_line' id='line_1_32' title="bbox 91 2138 1538 2188; baseline -0.006 -8"><span class='ocrx_word' id='word_1_278' title='bbox 91 2148 197 2187; x_wconf 76' lang='lat' dir='ltr'><strong>fixis,</strong></span> <span class='ocrx_word' id='word_1_279' title='bbox 235 2145 320 2179; x_wconf 86' lang='lat' dir='ltr'><strong>illos</strong></span> <span class='ocrx_word' id='word_1_280' title='bbox 345 2154 451 2188; x_wconf 82' lang='lat' dir='ltr'><strong>posse</strong></span> <span class='ocrx_word' id='word_1_281' title='bbox 485 2152 716 2188; x_wconf 75' lang='lat' dir='ltr'><strong>cognoscere,</strong></span> <span class='ocrx_word' id='word_1_282' title='bbox 742 2140 924 2188; x_wconf 89' lang='lat' dir='ltr'><strong>quomodo</strong></span> <span class='ocrx_word' id='word_1_283' title='bbox 948 2144 1097 2187; x_wconf 84' lang='lat' dir='ltr'><strong>petant,</strong></span> <span class='ocrx_word' id='word_1_284' title='bbox 1132 2151 1226 2185; x_wconf 88' lang='lat' dir='ltr'><strong>quae</strong></span> <span class='ocrx_word' id='word_1_285' title='bbox 1253 2138 1332 2184; x_wconf 86' lang='lat' dir='ltr'><strong>ipse</strong></span> <span class='ocrx_word' id='word_1_286' title='bbox 1355 2145 1538 2186; x_wconf 80' lang='lat' dir='ltr'><strong>praestare</strong></span> 
     </span>
     <span class='ocr_line' id='line_1_33' title="bbox 90 2186 1542 2240; baseline -0.006 -13"><span class='ocrx_word' id='word_1_287' title='bbox 90 2197 260 2240; x_wconf 80' lang='lat' dir='ltr'><strong>nequeat.</strong></span> <span class='ocrx_word' id='word_1_288' title='bbox 319 2190 403 2223; x_wconf 88' lang='lat' dir='ltr'><strong>Non</strong></span> <span class='ocrx_word' id='word_1_289' title='bbox 441 2191 538 2223; x_wconf 87' lang='lat' dir='ltr'><strong>enim</strong></span> <span class='ocrx_word' id='word_1_290' title='bbox 572 2188 734 2234; x_wconf 80' lang='lat' dir='ltr'><strong>profecto</strong></span> <span class='ocrx_word' id='word_1_291' title='bbox 759 2188 875 2221; x_wconf 87' lang='lat' dir='ltr'><strong>instar</strong></span> <span class='ocrx_word' id='word_1_292' title='bbox 898 2191 1059 2232; x_wconf 84' lang='lat' dir='ltr'><strong>segetum</strong></span> <span class='ocrx_word' id='word_1_293' title='bbox 1083 2186 1256 2221; x_wconf 82' lang='lat' dir='ltr'><strong>creandos</strong></span> <span class='ocrx_word' id='word_1_294' title='bbox 1280 2187 1542 2233; x_wconf 80' lang='lat' dir='ltr'><strong>imperatores3</strong></span> 
     </span>
     <span class='ocr_line' id='line_1_34' title="bbox 92 2233 1538 2280; baseline -0.006 -6"><span class='ocrx_word' id='word_1_295' title='bbox 92 2240 157 2274; x_wconf 85' lang='lat' dir='ltr'><strong>sed</strong></span> <span class='ocrx_word' id='word_1_296' title='bbox 190 2244 253 2272; x_wconf 75' lang='lat' dir='ltr'><strong>aut</strong></span> <span class='ocrx_word' id='word_1_297' title='bbox 283 2237 426 2271; x_wconf 89' lang='lat' dir='ltr'><strong>nullum</strong></span> <span class='ocrx_word' id='word_1_298' title='bbox 461 2237 572 2270; x_wconf 87' lang='lat' dir='ltr'><strong>alium</strong></span> <span class='ocrx_word' id='word_1_299' title='bbox 607 2246 684 2269; x_wconf 89' lang='lat' dir='ltr'><strong>esse</strong></span> <span class='ocrx_word' id='word_1_300' title='bbox 718 2236 996 2280; x_wconf 87' lang='lat' dir='ltr'><strong>imperatorem,</strong></span> <span class='ocrx_word' id='word_1_301' title='bbox 1032 2238 1097 2266; x_wconf 87' lang='lat' dir='ltr'><strong>aut</strong></span> <span class='ocrx_word' id='word_1_302' title='bbox 1119 2233 1185 2279; x_wconf 90' lang='lat' dir='ltr'><strong>qui</strong></span> <span class='ocrx_word' id='word_1_303' title='bbox 1213 2237 1286 2274; x_wconf 83' lang='lat' dir='ltr'><strong>est,</strong></span> <span class='ocrx_word' id='word_1_304' title='bbox 1312 2245 1392 2267; x_wconf 89' lang='lat' dir='ltr'><strong>eum</strong></span> <span class='ocrx_word' id='word_1_305' title='bbox 1420 2234 1538 2267; x_wconf 88' lang='lat' dir='ltr'><strong>occidi</strong></span> 
     </span>
     <span class='ocr_line' id='line_1_35' title="bbox 91 2278 1540 2331; baseline -0.006 -11"><span class='ocrx_word' id='word_1_306' title='bbox 91 2291 272 2331; x_wconf 81' lang='lat' dir='ltr'><strong>oportere.</strong></span> <span class='ocrx_word' id='word_1_307' title='bbox 334 2284 412 2316; x_wconf 82' lang='lat' dir='ltr'><strong>Hoc</strong></span> <span class='ocrx_word' id='word_1_308' title='bbox 446 2288 567 2316; x_wconf 88' lang='lat' dir='ltr'><strong>autem</strong></span> <span class='ocrx_word' id='word_1_309' title='bbox 598 2293 636 2316; x_wconf 88' lang='lat' dir='ltr'><strong>se</strong></span> <span class='ocrx_word' id='word_1_310' title='bbox 667 2281 783 2314; x_wconf 85' lang='lat' dir='ltr'><strong>facere</strong></span> <span class='ocrx_word' id='word_1_311' title='bbox 815 2282 1030 2326; x_wconf 78' lang='lat' dir='ltr'><strong>neutiquam</strong></span> <span class='ocrx_word' id='word_1_312' title='bbox 1062 2290 1189 2325; x_wconf 85' lang='lat' dir='ltr'><strong>posse,</strong></span> <span class='ocrx_word' id='word_1_313' title='bbox 1230 2278 1540 2313; x_wconf 79' lang='lat' dir='ltr'><strong>demonstratione</strong></span> 
     </span>
     <span class='ocr_line' id='line_1_36' title="bbox 88 2326 1540 2376; baseline -0.005 -9"><span class='ocrx_word' id='word_1_314' title='bbox 88 2343 164 2367; x_wconf 91' lang='lat' dir='ltr'><strong>non</strong></span> <span class='ocrx_word' id='word_1_315' title='bbox 188 2341 303 2376; x_wconf 84' lang='lat' dir='ltr'><strong>egere.</strong></span> <span class='ocrx_word' id='word_1_316' title='bbox 352 2329 460 2364; x_wconf 86' lang='lat' dir='ltr'><strong>Certo</strong></span> <span class='ocrx_word' id='word_1_317' title='bbox 484 2331 580 2363; x_wconf 86' lang='lat' dir='ltr'><strong>enim·</strong></span> <span class='ocrx_word' id='word_1_318' title='bbox 605 2329 677 2362; x_wconf 88' lang='lat' dir='ltr'><strong>sibi</strong></span> <span class='ocrx_word' id='word_1_319' title='bbox 699 2326 962 2372; x_wconf 85' lang='lat' dir='ltr'><strong>persuadeant,</strong></span> <span class='ocrx_word' id='word_1_320' title='bbox 987 2326 1017 2360; x_wconf 78' lang='lat' dir='ltr'><strong>si</strong></span> <span class='ocrx_word' id='word_1_321' title='bbox 1042 2336 1188 2368; x_wconf 88' lang='lat' dir='ltr'><strong>omnes,</strong></span> <span class='ocrx_word' id='word_1_322' title='bbox 1211 2331 1394 2372; x_wconf 86' lang='lat' dir='ltr'><strong>quotquot</strong></span> <span class='ocrx_word' id='word_1_323' title='bbox 1427 2326 1540 2360; x_wconf 85' lang='lat' dir='ltr'><strong>Grae-</strong></span> 
     </span>
     <span class='ocr_line' id='line_1_37' title="bbox 91 2374 1538 2421; baseline -0.006 -7"><span class='ocrx_word' id='word_1_324' title='bbox 91 2381 142 2414; x_wconf 90' lang='lat' dir='ltr'><strong>cis</strong></span> <span class='ocrx_word' id='word_1_325' title='bbox 181 2385 218 2412; x_wconf 91' lang='lat' dir='ltr'><strong>et</strong></span> <span class='ocrx_word' id='word_1_326' title='bbox 250 2376 416 2412; x_wconf 84' lang='lat' dir='ltr'><strong>barbaris</strong></span> <span class='ocrx_word' id='word_1_327' title='bbox 449 2387 513 2421; x_wconf 89' lang='lat' dir='ltr'><strong>per</strong></span> <span class='ocrx_word' id='word_1_328' title='bbox 553 2375 677 2410; x_wconf 89' lang='lat' dir='ltr'><strong>orbem</strong></span> <span class='ocrx_word' id='word_1_329' title='bbox 708 2379 885 2408; x_wconf 86' lang='lat' dir='ltr'><strong>terrarum</strong></span> <span class='ocrx_word' id='word_1_330' title='bbox 924 2374 1157 2418; x_wconf 80' lang='lat' dir='ltr'><strong>imperitant,</strong></span> <span class='ocrx_word' id='word_1_331' title='bbox 1185 2374 1373 2415; x_wconf 87' lang='lat' dir='ltr'><strong>venirent,</strong></span> <span class='ocrx_word' id='word_1_332' title='bbox 1404 2374 1538 2406; x_wconf 83' lang='lat' dir='ltr'><strong>unani-</strong></span> 
     </span>
     <span class='ocr_line' id='line_1_38' title="bbox 90 2420 1539 2471; baseline -0.004 -12"><span class='ocrx_word' id='word_1_333' title='bbox 90 2435 239 2471; x_wconf 88' lang='lat' dir='ltr'><strong>mesque</strong></span> <span class='ocrx_word' id='word_1_334' title='bbox 261 2425 537 2469; x_wconf 82' lang='lat' dir='ltr'><strong>promitterent,</strong></span> <span class='ocrx_word' id='word_1_335' title='bbox 570 2433 609 2456; x_wconf 90' lang='lat' dir='ltr'><strong>se</strong></span> <span class='ocrx_word' id='word_1_336' title='bbox 644 2422 714 2467; x_wconf 86' lang='lat' dir='ltr'><strong>ipsi</strong></span> <span class='ocrx_word' id='word_1_337' title='bbox 739 2421 920 2455; x_wconf 87' lang='lat' dir='ltr'><strong>subiectos</strong></span> <span class='ocrx_word' id='word_1_338' title='bbox 953 2420 1031 2454; x_wconf 85' lang='lat' dir='ltr'><strong>fore</strong></span> <span class='ocrx_word' id='word_1_339' title='bbox 1063 2424 1100 2453; x_wconf 87' lang='lat' dir='ltr'><strong>et</strong></span> <span class='ocrx_word' id='word_1_340' title='bbox 1124 2431 1349 2453; x_wconf 85' lang='lat' dir='ltr'><strong>communem</strong></span> <span class='ocrx_word' id='word_1_341' title='bbox 1376 2420 1539 2453; x_wconf 82' lang='lat' dir='ltr'><strong>omnium</strong></span> 
     </span>
     <span class='ocr_line' id='line_1_39' title="bbox 91 2466 1539 2515; baseline -0.006 -8"><span class='ocrx_word' id='word_1_342' title='bbox 91 2471 298 2507; x_wconf 85' lang='lat' dir='ltr'><strong>mortalium</strong></span> <span class='ocrx_word' id='word_1_343' title='bbox 337 2480 457 2515; x_wconf 86' lang='lat' dir='ltr'><strong>regem</strong></span> <span class='ocrx_word' id='word_1_344' title='bbox 492 2470 732 2507; x_wconf 81' lang='lat' dir='ltr'><strong>salutaturus,</strong></span> <span class='ocrx_word' id='word_1_345' title='bbox 764 2467 831 2501; x_wconf 85' lang='lat' dir='ltr'><strong>sub</strong></span> <span class='ocrx_word' id='word_1_346' title='bbox 863 2479 906 2502; x_wconf 84' lang='lat' dir='ltr'><strong>ea</strong></span> <span class='ocrx_word' id='word_1_347' title='bbox 942 2466 1180 2508; x_wconf 86' lang='lat' dir='ltr'><strong>conditione,</strong></span> <span class='ocrx_word' id='word_1_348' title='bbox 1210 2471 1252 2501; x_wconf 85' lang='lat' dir='ltr'><strong>ut</strong></span> <span class='ocrx_word' id='word_1_349' title='bbox 1275 2467 1444 2501; x_wconf 87' lang='lat' dir='ltr'><strong>Ioannem</strong></span> <span class='ocrx_word' id='word_1_350' title='bbox 1471 2467 1539 2499; x_wconf 85' lang='lat' dir='ltr'><strong>im-</strong></span> 
     </span>
     <span class='ocr_line' id='line_1_40' title="bbox 93 2513 1539 2564; baseline -0.005 -11"><span class='ocrx_word' id='word_1_351' title='bbox 93 2524 297 2564; x_wconf 87' lang='lat' dir='ltr'><strong>peratorem</strong></span> <span class='ocrx_word' id='word_1_352' title='bbox 322 2516 587 2550; x_wconf 84' lang='lat' dir='ltr'><strong>adolescentem</strong></span> <span class='ocrx_word' id='word_1_353' title='bbox 612 2515 854 2555; x_wconf 83' lang='lat' dir='ltr'><strong>interficeret,</strong></span> <span class='ocrx_word' id='word_1_354' title='bbox 891 2515 1088 2548; x_wconf 87' lang='lat' dir='ltr'><strong>electurum</strong></span> <span class='ocrx_word' id='word_1_355' title='bbox 1116 2514 1238 2558; x_wconf 87' lang='lat' dir='ltr'><strong>potius</strong></span> <span class='ocrx_word' id='word_1_356' title='bbox 1261 2513 1371 2547; x_wconf 88' lang='lat' dir='ltr'><strong>vitam</strong></span> <span class='ocrx_word' id='word_1_357' title='bbox 1406 2524 1539 2560; x_wconf 78' lang='lat' dir='ltr'><strong>perpe-</strong></span> 
     </span>
     <span class='ocr_line' id='line_1_41' title="bbox 91 2559 1541 2609; baseline -0.005 -10"><span class='ocrx_word' id='word_1_358' title='bbox 91 2572 158 2600; x_wconf 81' lang='lat' dir='ltr'><strong>tuo</strong></span> <span class='ocrx_word' id='word_1_359' title='bbox 209 2563 474 2609; x_wconf 83' lang='lat' dir='ltr'><strong>pauperrimam</strong></span> <span class='ocrx_word' id='word_1_360' title='bbox 510 2561 874 2607; x_wconf 87' lang='lat' dir='ltr'><strong>obscurissimamque</strong></span> <span class='ocrx_word' id='word_1_361' title='bbox 911 2560 1065 2605; x_wconf 86' lang='lat' dir='ltr'><strong>degere,</strong></span> <span class='ocrx_word' id='word_1_362' title='bbox 1104 2570 1212 2604; x_wconf 85' lang='lat' dir='ltr'><strong>quam</strong></span> <span class='ocrx_word' id='word_1_363' title='bbox 1247 2559 1341 2594; x_wconf 80' lang='lat' dir='ltr'><strong>adeo</strong></span> <span class='ocrx_word' id='word_1_364' title='bbox 1374 2560 1541 2605; x_wconf 88' lang='lat' dir='ltr'><strong>improba</strong></span> 
     </span>
     <span class='ocr_line' id='line_1_42' title="bbox 96 2605 1540 2647; baseline -0.005 -2"><span class='ocrx_word' id='word_1_365' title='bbox 96 2617 134 2645; x_wconf 90' lang='lat' dir='ltr'><strong>et</strong></span> <span class='ocrx_word' id='word_1_366' title='bbox 161 2612 335 2645; x_wconf 82' lang='lat' dir='ltr'><strong>scelerata</strong></span> <span class='ocrx_word' id='word_1_367' title='bbox 360 2610 399 2642; x_wconf 88' lang='lat' dir='ltr'><strong>in</strong></span> <span class='ocrx_word' id='word_1_368' title='bbox 426 2609 584 2642; x_wconf 85' lang='lat' dir='ltr'><strong>animum</strong></span> <span class='ocrx_word' id='word_1_369' title='bbox 610 2608 864 2647; x_wconf 88' lang='lat' dir='ltr'><strong>inducentem,</strong></span> <span class='ocrx_word' id='word_1_370' title='bbox 889 2606 1056 2640; x_wconf 80' lang='lat' dir='ltr'><strong>omnibus</strong></span> <span class='ocrx_word' id='word_1_371' title='bbox 1094 2605 1304 2640; x_wconf 83' lang='lat' dir='ltr'><strong>hominibus</strong></span> <span class='ocrx_word' id='word_1_372' title='bbox 1329 2608 1406 2640; x_wconf 86' lang='lat' dir='ltr'><strong>iura</strong></span> <span class='ocrx_word' id='word_1_373' title='bbox 1432 2607 1540 2640; x_wconf 85' lang='lat' dir='ltr'><strong>dare:</strong></span> 
     </span>
     <span class='ocr_line' id='line_1_43' title="bbox 94 2653 1541 2704; baseline -0.006 -12"><span class='ocrx_word' id='word_1_374' title='bbox 94 2658 209 2704; x_wconf 89' lang='lat' dir='ltr'><strong>idque</strong></span> <span class='ocrx_word' id='word_1_375' title='bbox 233 2667 308 2690; x_wconf 89' lang='lat' dir='ltr'><strong>non</strong></span> <span class='ocrx_word' id='word_1_376' title='bbox 332 2656 447 2689; x_wconf 91' lang='lat' dir='ltr'><strong>solum</strong></span> <span class='ocrx_word' id='word_1_377' title='bbox 476 2661 624 2700; x_wconf 89' lang='lat' dir='ltr'><strong>propter</strong></span> <span class='ocrx_word' id='word_1_378' title='bbox 649 2661 785 2700; x_wconf 88' lang='lat' dir='ltr'><strong>patrem</strong></span> <span class='ocrx_word' id='word_1_379' title='bbox 815 2654 893 2686; x_wconf 81' lang='lat' dir='ltr'><strong>cius</strong></span> <span class='ocrx_word' id='word_1_380' title='bbox 921 2654 1172 2697; x_wconf 85' lang='lat' dir='ltr'><strong>imperatorem</strong></span> <span class='ocrx_word' id='word_1_381' title='bbox 1189 2679 1198 2694; x_wconf 88' lang='lat'>‚</span> <span class='ocrx_word' id='word_1_382' title='bbox 1235 2653 1298 2687; x_wconf 86' lang='lat' dir='ltr'><strong>sed</strong></span> <span class='ocrx_word' id='word_1_383' title='bbox 1324 2654 1430 2687; x_wconf 86' lang='lat' dir='ltr'><strong>etiarn</strong></span> <span class='ocrx_word' id='word_1_384' title='bbox 1458 2663 1541 2696; x_wconf 88' lang='lat' dir='ltr'><strong>pro-</strong></span> 
     </span>
     <span class='ocr_line' id='line_1_44' title="bbox 94 2697 1540 2751; baseline -0.006 -12"><span class='ocrx_word' id='word_1_385' title='bbox 94 2711 177 2751; x_wconf 87' lang='lat' dir='ltr'><strong>pter</strong></span> <span class='ocrx_word' id='word_1_386' title='bbox 210 2704 349 2749; x_wconf 88' lang='lat' dir='ltr'><strong>ipsum,</strong></span> <span class='ocrx_word' id='word_1_387' title='bbox 384 2702 447 2747; x_wconf 92' lang='lat' dir='ltr'><strong>qui</strong></span> <span class='ocrx_word' id='word_1_388' title='bbox 482 2703 521 2735; x_wconf 87' lang='lat' dir='ltr'><strong>in</strong></span> <span class='ocrx_word' id='word_1_389' title='bbox 545 2713 651 2736; x_wconf 87' lang='lat' dir='ltr'><strong>causa</strong></span> <span class='ocrx_word' id='word_1_390' title='bbox 682 2701 772 2735; x_wconf 82' lang='lat' dir='ltr'><strong>belli</strong></span> <span class='ocrx_word' id='word_1_391' title='bbox 810 2700 997 2733; x_wconf 88' lang='lat' dir='ltr'><strong>adversum</strong></span> <span class='ocrx_word' id='word_1_392' title='bbox 1034 2699 1079 2734; x_wconf 76' lang='lat' dir='ltr'><strong>se&#39;</strong></span> <span class='ocrx_word' id='word_1_393' title='bbox 1105 2701 1262 2745; x_wconf 84' lang='lat' dir='ltr'><strong>suscepti</strong></span> <span class='ocrx_word' id='word_1_394' title='bbox 1295 2700 1397 2734; x_wconf 89' lang='lat' dir='ltr'><strong>nullo</strong></span> <span class='ocrx_word' id='word_1_395' title='bbox 1433 2697 1540 2732; x_wconf 88' lang='lat' dir='ltr'><strong>modo</strong></span> 
     </span>
     <span class='ocr_line' id='line_1_45' title="bbox 96 2744 1541 2793; baseline -0.007 -6"><span class='ocrx_word' id='word_1_396' title='bbox 96 2751 221 2787; x_wconf 67' lang='lat' dir='ltr'><strong>fuerit.</strong></span> <span class='ocrx_word' id='word_1_397' title='bbox 283 2748 341 2785; x_wconf 84' lang='lat' dir='ltr'><strong>Ob</strong></span> <span class='ocrx_word' id='word_1_398' title='bbox 378 2753 535 2784; x_wconf 78' lang='lat' dir='ltr'><strong>aetatem</strong></span> <span class='ocrx_word' id='word_1_399' title='bbox 562 2751 658 2784; x_wconf 89' lang='lat' dir='ltr'><strong>enim</strong></span> <span class='ocrx_word' id='word_1_400' title='bbox 683 2748 920 2782; x_wconf 80' lang='lat' dir='ltr'><strong>infirmiorem</strong></span> <span class='ocrx_word' id='word_1_401' title='bbox 946 2746 1041 2782; x_wconf 86' lang='lat' dir='ltr'><strong>nihil</strong></span> <span class='ocrx_word' id='word_1_402' title='bbox 1075 2746 1193 2782; x_wconf 84' lang='lat' dir='ltr'><strong>adhuc</strong></span> <span class='ocrx_word' id='word_1_403' title='bbox 1215 2747 1357 2793; x_wconf 87' lang='lat' dir='ltr'><strong>publici</strong></span> <span class='ocrx_word' id='word_1_404' title='bbox 1380 2744 1541 2780; x_wconf 74' lang='lat' dir='ltr'><strong>muneris</strong></span> 
     </span>
    </p>
   </div>
  </div>
 </body>
</html>
