1800 3132
508 170 886 215 HlSTORlARUM
928 174 1001 213 111.
1025 177 1067 217 2.
1472 169 1540 225 19

86 278 181 333 χήν.
236 275 386 318 ἐδεδίει
416 274 495 329 γὰρ
524 274 720 327 γενέσθαι
749 273 931 329 φανερὸς
958 272 1365 325 ἀντιπολιτευόμενος
1383 273 1443 330 τῷ
1457 287 1532 324 με-
1543 273 1632 309 A.C-
1650 273 1731 319 1341

89 340 200 401 γάλῳ
219 339 459 396 δομεστίκῳ.
503 337 575 380 καί
599 334 707 380 ἄλλα
733 354 779 380 τε
806 337 1031 393 ἔπραττεν,
1061 335 1091 379 ἃ
1121 339 1198 380 οὔκ
1226 336 1278 393 ἦν
1299 339 1415 396 αὐτῷ
1437 338 1573 393 deb-c

89 424 226 460 σκειν,
271 408 344 447 καί
379 403 589 460 ἑταιρείαν
615 405 662 446 ἐκ
689 406 772 446 ταῖν
801 406 1080 458 συγκλητικῶν
1121 403 1300 446 συνίστα
1330 402 1403 444 καὶ
1427 401 1539 445 ἔπει-

87 477 140 516 θε
159 476 327 521 πολλαῖς
347 470 624 524 ὑποσχέσεσιν
652 467 764 528 αὐτῷ
788 469 1075 525 συμπράττειν
1089 502 1100 520 ,
1132 469 1190 519 ὥς
1215 468 1268 511 τά
1289 472 1464 524 μέγιστα
1487 462 1540 511 εὖ

31 534 41 544 ’
61 537 293 593 ὅποιήσων,
321 539 360 580 εἰ
388 536 502 594 αὐτῷ
524 537 788 591 προσγένοιτο
818 538 903 577 τῶν
931 532 1185 590 πραγμάτων
1221 535 1247 590 ἧ
1287 536 1412 590 ἀρχή.
1467 534 1542 577 καὶ

86 605 283 659 διηνεκῶς
320 605 523 657 διέτριβεν
562 602 607 643 ἑν
634 602 888 655 βασιλείοις,
932 599 1081 649 νυκτὸς
1112 601 1244 656 μόνης
1280 601 1353 643 καί
1387 600 1540 657 ταύτης

84 669 215 724 μέσης
253 667 395 710 οἴκαδε
433 669 678 723 α’ναχωρᾰίν.
747 668 791 718 ἐξ
834 660 895 709 ὧν
933 663 955 707 ὅ
981 669 1113 720 μέγας
1141 668 1382 719 δομέστικος
1410 683 1539 708 κατα-

84 732 384 788 στοχαζόμενος
413 734 488 788 τῆς
517 734 595 774 τοῦ
622 731 885 788 πατριάρχου
919 733 1126 783 διανοίας,
1157 727 1292 780 ἄλλως
1320 747 1364 773 τε
1389 734 1465 772 καί
1477 749 1539 774 τι-

84 816 167 842 νων
193 802 274 841 τῶν
303 796 608 840 κοινωνούντων
649 798 762 854 αὐτῷ
798 799 882 839 τῶν
911 793 1169 852 α’πορῥήτων
1198 795 1540 850 ἀπαγγελλόντων

39 867 170 912 ποτῶν
199 867 424 919 γινομένων
457 862 533 918 τὴν
562 865 726 914 αἰτίαν,
760 864 1033 918 ἐδυσχέραινε
1061 863 1141 914 μὲν
1171 860 1228 911 ὥς
1260 861 1372 911 εἰκὸς
1391 861 1463 903 καί
1484 863 1541 903 δι’

83 931 210 985 ὄργῆς
235 929 286 972 τὰ
306 927 568 986 πραττόμενα
591 930 773 970 ἐποιεῖτο
793 961 804 978 ,
835 924 951 982 ὅμως
980 928 1027 969 δὲ
1054 926 1181 984 ἔφερε
1210 928 1310 984 σιγῇ
1320 960 1333 979 ,
1362 929 1538 968 α’ποσκο-

81 998 171 1038 πῶν
207 993 302 1037 ὅποι
341 993 577 1049 τελευτήσει
615 995 640 1049 ἦ
683 991 848 1036 διάνοια
889 994 1018 1050 αὐτῷ.
1084 991 1242 1046 μεταξύ
1289 994 1337 1035 δὲ
1375 990 1539 1034 τούτων

79 1063 311 1117 γινομένων
346 1060 583 1115 συμβέβηκέ
612 1076 655 1101 τι
682 1059 756 1101 καί
791 1055 924 1112 ἄλλο,
969 1058 992 1100 ὃ
1021 1059 1072 1100 οὐ
1098 1060 1276 1111 μετρίως
1305 1055 1577 1112 καθήψατοῠ

83 1129 158 1182 τῆς
184 1130 263 1170 τοῦ
288 1123 473 1180 μεγάλου
505 1127 749 1179 δὀμεστίκου
779 1127 938 1180 ψυχῆς.
1005 1122 1027 1164 ὃ
1057 1122 1139 1179 γάρ
1169 1127 1252 1165 τῶν
1271 1126 1441 1166 Invadit)
1455 1125 1537 1176 βα-

31 1191 224 1242 ι5σιλεὺς
264 1193 530 1246 Ἀλέξανδρος
583 1192 809 1247 πρεσβείαν
850 1192 1026 1244 πέμψας
1073 1188 1177 1245 πρὸς
1219 1191 1419 1243 βασιλίδα
1465 1188 1542 1230 καὶ

74 1259 331 1312 Ῥωμαίους,
371 1257 445 1300 τὸν
469 1261 570 1313 παρ’
598 1248 743 1305 αὐτοῖς
772 1258 1041 1312 διατρίβοντα
1070 1253 1240 1310 φυγάδα
1266 1251 1356 1312 ᾔτει
1381 1254 1537 1307 Σῶμα-

80 1340 150 1367 νον
186 1324 260 1366 τὸν
293 1324 365 1365 τοῦ
402 1321 520 1378 παρά
556 1326 731 1371 Μυσοῖς
769 1318 1199 1377 προβεβασιλευκότος
1238 1319 1446 1374 ΠΙιχαήλ·
1488 1318 1536 1368 ὃς

83 1388 135 1446 δὴ
174 1391 363 1445 γεγένητο
404 1389 517 1447 αὖτῷ
554 1390 602 1431 ἐκ
627 1392 700 1442 της
727 1386 945 1443 Στεφάνου
986 1388 1064 1429 τοῦ
1092 1387 1176 1427 ταῖν
1211 1388 1430 1439 Τριβαλῶν
1457 1380 1536 1440 ἔρ-

80 1471 227 1510 χοντος
257 1455 469 1510 ἀδελφῆς,
499 1454 525 1510 ἦ
555 1453 661 1507 μετὰ
690 1454 766 1508 τὴν
797 1453 952 1495 ἐκείνου
980 1450 1176 1507 τελευτὴν
1214 1447 1314 1506 ἦρξε
1343 1452 1534 1499 Mvm'ag.

29 1519 287 1575 207195f⁸90⁹
326 1519 404 1575 γάρ
447 1521 724 1575 ἐκβεβλημένη
754 1518 827 1560 ὑπ’
855 1519 1013 1560 ἐκείνου
1042 1514 1094 1572 ἦν
1122 1516 1186 1559 ἔτι
1216 1517 1434 1571 περιόντος
1462 1517 1537 1558 καί

81 1587 132 1643 τῇ
150 1586 354 1639 βασιλέως
378 1581 646 1640 Ἀνδρονώιου
667 1586 743 1626 τοῦ
774 1586 870 1627 νέου
889 1585 1176 1632 συνοικοῦντος
1199 1583 1376 1638 ἀδελφῇ.
1443 1580 1536 1623 ἐπεὶ

82 1654 129 1694 δὲ
156 1656 247 1706 μετ’
287 1652 426 1704 ὀλίγον
462 1649 546 1692 ὑπὸ
571 1653 654 1692 τῶν
686 1647 984 1692 δυνατωτάτων
1012 1650 1376 1702 ἐπιβουλευθεῖσα,
1405 1645 1532 1688 πάλιν

81 1714 286 1772 ἐξεβλήθη
306 1718 379 1771 τῆς
397 1717 552 1771 ἀρχῆς,
591 1715 616 1771 ἢ
644 1717 723 1769 μὲν
749 1713 818 1756 τὸν
847 1717 987 1770 ἕτερον
1014 1712 1173 1767 ἔχουσα
1202 1715 1285 1754 τῶν
1313 1711 1418 1753 υἱῶν
1439 1708 1532 1753 Ἰω-·

80 1781 230 1839 άννην,
270 1781 375 1839 πρὸς
410 1779 587 1837 Κράλην
616 1783 796 1835 ἐπανῆκε
825 1778 899 1822 τὸν
927 1779 1140 1835 α’δελφὸν,
1185 1780 1395 1832 Σισμανος
1425 1779 1474 1825 ,δὲ
1504 1776 1655 1818 ‹ip-353

177 1891 227 1924 13.
252 1890 414 1936 μετρίως
440 1888 486 1922 οὐ
511 1888 547 1920 Ρ.

77 1981 323 2026 principatum
356 1977 565 2018 intrudens,
601 1977 712 2010 latere
751 1974 895 2009 studuit
926 1984 1034 2020 quam
1070 1973 1224 2007 maxime
1258 1971 1397 2017 potuit3
1429 1970 1530 2014 quod

77 2031 279 2068 metueret,
314 2037 361 2064 ne
386 2025 507 2068 magni
533 2023 721 2058 domestici
747 2022 929 2057 aemulum
956 2032 994 2055 se
1023 2031 1100 2054 esse
1126 2021 1165 2052 in
1193 2018 1349 2064 regenda
1382 2027 1419 2049 re
1442 2016 1528 2061 pub.

75 2075 198 2119 palam
221 2078 411 2108 constaret.
459 2071 505 2105 Et
542 2082 621 2104 cum
650 2070 721 2104 alia
750 2070 785 2102 ei
822 2067 971 2101 inimica
1006 2066 1185 2106 faciebat,
1211 2071 1290 2098 tum
1314 2062 1526 2097 sodalitium

78 2131 125 2154 ex
149 2121 276 2154 aulicis
301 2119 517 2166 proceribus
548 2115 751 2157 conflabat,
774 2116 964 2161 multaque
989 2114 1210 2158 amplissima
1237 2110 1414 2144 beneficia
1440 2120 1527 2154 pro-

77 2167 271 2207 mittebat,
316 2168 345 2199 si
396 2167 484 2210 ipsis
523 2163 743 2197 administris
793 2173 914 2196 rerum
958 2161 1203 2206 principatum
1248 2157 1525 2201 adipisceretur.

77 2215 264 2248 Praeterea
288 2217 382 2246 totos
407 2212 484 2246 dies
508 2217 545 2245 et
573 2210 619 2244 ad
642 2209 778 2243 medias
802 2213 928 2242 noctes
964 2209 1003 2242 in
1030 2208 1165 2252 palatio
1196 2204 1381 2240 haerebat.
1429 2203 1525 2236 Hinc

76 2271 226 2304 magnus
250 2260 466 2294 domesticus
492 2261 570 2292 eius
595 2258 750 2302 cogitata
776 2256 976 2294 olfaciens,
1004 2258 1042 2287 et
1066 2253 1244 2300 imprimis
1269 2263 1289 2284 a
1313 2249 1523 2290 nonnullis,

77 2307 294 2354 quibuscum
322 2305 527 2352 patriarcha
562 2314 690 2339 arcana
716 2315 780 2336 sua
806 2300 1114 2340 communicabat,
1151 2300 1196 2333 de
1224 2308 1330 2331 causa
1358 2295 1523 2329 molitio-

76 2365 165 2388 num
188 2354 335 2386 istarum
360 2354 492 2386 certior
519 2351 636 2385 factus
652 2377 661 2391 ‚
703 2349 832 2383 merito
867 2349 1017 2392 indigne
1041 2346 1182 2381 ferebat
1219 2348 1256 2380 et
1287 2342 1520 2377 irascebatur.

77 2400 218 2433 Silebat
250 2399 367 2432 nihilo
398 2401 516 2433 minus
555 2403 592 2432 et
633 2409 706 2444 quo
740 2396 885 2430 demum
920 2406 976 2429 res
1017 2397 1249 2438 erumperet,
1293 2389 1520 2423 observabat.

75 2447 176 2480 Inter
199 2445 289 2479 haec
319 2445 419 2479 aliud
454 2444 628 2491 quiddam
661 2444 802 2483 evenit,
837 2442 936 2488 quod
968 2441 1046 2474 eius
1085 2440 1246 2473 animum
1282 2448 1357 2470 non
1390 2437 1520 2469 leviter

75 2493 240 2539 pupugit.
291 2492 380 2526 Nam
406 2493 610 2527 Moesorum
636 2502 699 2524 rex
723 2488 927 2523 Alexander
949 2499 1015 2534 per
1039 2488 1175 2531 legatos
1210 2484 1258 2517 ab
1289 2483 1519 2528 imperatrice

76 2544 116 2573 et
141 2539 308 2573 Romanis
333 2539 535 2572 Sismanum
561 2538 703 2570 exulem
729 2535 894 2580 Byzantii
915 2535 1103 2579 degentem
1121 2531 1288 2578 petebat,
1314 2529 1520 2568 Michaelis,

77 2587 136 2619 cui
159 2591 402 2626 successerat,
440 2597 484 2619 ex
513 2584 688 2629 Stephani
726 2583 972 2617 Triballorum
1010 2581 1186 2625 principis
1223 2589 1345 2611 sorore
1378 2576 1518 2608 filium:

77 2643 170 2678 quae
199 2643 220 2665 a
245 2633 393 2672 marito,
417 2631 672 2676 superinducta
697 2641 818 2663 sorore
844 2628 1042 2662 Andronici
1073 2624 1246 2666 iunioris,
1272 2626 1409 2662 eiecia‚
1435 2626 1519 2666 post

77 2680 155 2712 eius
188 2680 376 2714 interitum
398 2677 437 2711 in
461 2677 599 2711 Moesia
625 2681 850 2720 regnaverat:
887 2685 953 2707 nee
977 2674 1092 2707 multo
1130 2676 1212 2718 post
1244 2669 1518 2715 potentissimo-

78 2737 157 2760 rum
184 2725 343 2759 factione
375 2735 515 2758 rursum
553 2724 658 2769 pulsa
690 2734 820 2766 regno,
857 2732 938 2755 cum
970 2723 1104 2754 Ioanne
1141 2730 1160 2752 e
1199 2718 1284 2751 filiis
1320 2717 1434 2749 altero
1470 2713 1517 2747 ad

79 2772 221 2808 Cralem
244 2772 391 2806 fratrem
423 2782 462 2806 se
489 2775 684 2817 receperat.
738 2770 923 2810 Sismanus
946 2767 1038 2802 alter
1064 2766 1161 2800 filius
1184 2764 1231 2798 ad
1253 2763 1402 2809 Scythas
1428 2772 1516 2795 exu-
