1800 3138
509 179 884 223 His'romARUM
926 181 997 221 ιιι.
1028 184 1097 227 217.
1421 158 1531 215 285

91 285 193 335 τούς
229 289 314 335 τοῖς
349 285 561 335 πολεμίοις
588 283 947 338 καταπροδοῦναι,
994 277 1099 324 ἄλλα
1129 280 1506 340 συμφρονήσαντας
1519 287 1575 334 ,Δ.
1591 286 1732 333 C.1342

91 348 243 405 ὅρκους
270 352 413 392 δοῦναι
439 351 628 402 βασιλίδι
655 350 729 389 καί
757 344 967 402 ἀλλήλοις,
997 343 1024 403 ἦ
1051 346 1137 402 μὴν
1161 348 1323 402 μηδένα
1352 345 1458 402 μήτε
1478 347 1536 387 δι’

95 417 269 470 ἀγαθῶν
295 415 458 456 πολλῶν
485 413 732 468 ἐπαγγελίαν
742 447 754 465 ,
791 413 896 468 μήτε
927 415 982 454 δι’
1010 411 1229 468 ἐπαγωγὴν
1257 415 1419 454 πολλῶν
1450 413 1538 453 δει-

94 483 198 533 νῶν,
227 476 255 535 ἢ
280 481 467 533 βασιλίδι
497 479 571 521 καὶ
596 482 743 521 παισίν
769 475 797 534 ἢ
830 478 1024 534 ἀλλήλοις
1056 476 1388 531 ἐπιβουλεύσειν·
1446 478 1538 520 ἀλλ’

67 544 332 599 5οἶμὺνεσθαι
360 546 500 603 τρόπῳ
528 546 651 588 παντί
673 544 770 594 τούς
798 547 1018 598 πολεμίους
1043 546 1147 597 μίαν
1169 543 1335 600 γνώμην
1365 542 1538 599 ἔχοντας

91 615 165 654 κατ’
189 610 266 666 τήν
293 611 430 653 πίστιν
457 606 604 653 ἄδολον
630 609 705 652 καί
728 609 922 665 καθαράν
952 612 1174 666 φυλάττειν
1202 614 1377 665 βασιλεῖ’.
1433 612 1582 663 πέμ-Ι)

91 692 185 719 πειν
205 677 252 718 δὲ
269 675 341 718 καὶ
366 676 442 732 τὴν
467 677 669 732 ταχίστην
695 675 798 733 πρὸς
829 678 984 719 ἐκεῖνον
1013 671 1187 731 ἄνδρας,
1221 677 1264 718 οἳ
1280 677 1537 730 διδάξουσιν,

94 743 152 792 ὥς
192 742 313 797 ἡμεῖς
346 739 450 798 ὑπὲρ
480 743 637 784 ἐκείνου
667 742 741 784 καί
767 738 977 798 φιλτάτων
1006 740 1078 801 καί
1102 744 1177 796 τῆς
1205 742 1401 796 γυναικὸς
1432 739 1539 783 πάν-

92 825 144 850 τα
162 807 236 850 καί
248 807 442 862 πράττειν
469 811 541 851 καί
567 808 787 861 ὑπομένειν
815 806 1050 863 ἐγνώκαμεν
1072 803 1174 863 ἄχρι
1191 806 1360 860 παντὸς,
1388 809 1441 850 ἵν’
1459 808 1540 848 αὖ-

49 870 166 923 ῐοτός
206 889 251 914 τε
289 869 431 928 ἥδοιτο
468 875 641 916 τοιαῦτα
679 875 778 929 περὶ
814 874 934 928 ἡμῶν
965 872 1131 915 α’κούων
1159 875 1231 915 καί
1259 874 1357 928 ἡμῖν
1388 873 1541 928 πολλὴν

92 938 221 994 εἰδείη
260 937 387 994 χάριν
424 942 498 994 τῆς
539 941 599 990 εἷς
636 938 764 981 αὐτὸν
793 941 969 989 εὐνοίας.
1028 939 1126 981 οὐδὲ
1154 937 1233 995 γάρ
1265 937 1420 995 μικράν
1445 955 1540 981 τινα

93 1003 259 1046 οἴεσθαι
303 1006 458 1046 ἐκεῖνον
496 1003 574 1059 τήν
611 1005 711 1060 περὶ
746 1005 864 1060 ἡμῶν
903 1006 1109 1061 φροντίδα
1148 1003 1261 1058 ἔχειν
1287 1004 1394 1060 χρὴ,
1431 1003 1539 1046 ἄλλα

90 1074 257 1119 πολλοῖς
297 1072 490 1112 παλαίειν
526 1075 737 1125 λογισμοῖς
774 1069 1082 1123 ὖποπτεύοντα,
1126 1067 1263 1126 ὥσπερ
1304 1071 1430 1124 εἰκὸς,
1481 1065 1539 1126 μη

90 1135 196 1191 πρὸς
231 1135 328 1186 τοὺς
367 1138 532 1191 α’γῶνας
571 1133 906 1192 ἆποκνη’σωμεν.”
975 1139 1150 1179 τοιαῦτα
1191 1138 1269 1187 μὲν
1299 1136 1320 1178 ὁ
1351 1134 1542 1189 Κομιτό-

39 1200 240 1250 ῐόπουλος
281 1199 407 1244 einez«.
466 1198 598 1251 εὖθῠς
637 1203 684 1243 δὲ
721 1206 810 1254 μετ’
839 1205 994 1245 ἐκεῖνον
1021 1202 1042 1244 ὃ
1076 1200 1297 1258 Βατάτζης
1325 1200 1464 1259 ἐπῄνει
1491 1218 1535 1244 τε
1553 1214 1670 1253 P,506

88 1266 139 1310 τοὶ
170 1270 369 1324 εἰρημένα
403 1268 477 1309 καί
505 1267 563 1317 ὥς
590 1267 770 1323 μηδενὸς
801 1270 1008 1321 ἐνδέοντα,
1053 1266 1158 1323 μήτε
1201 1266 1306 1323 πρὸς
1346 1268 1538 1322 σύνεσιν,

89 1332 194 1388 μήτε
235 1331 341 1389 πρὸς
368 1333 614 1388 εὐβουλίαν,
652 1335 931 1390 ἐπεψηφίζετο
960 1336 1033 1376 καί
1061 1334 1185 1383 αὐτὸς
1216 1333 1289 1376 καί
1313 1335 1542 1377 ἐπέσπευδε

89 1397 188 1448 τούς
227 1394 393 1453 ὅρκους.
459 1398 618 1455 Εἰρήνη
659 1402 705 1442 δὲ
742 1400 963 1455 ἦβασιλίς
994 1402 1068 1441 καί
1094 1399 1114 1441 ὃ
1143 1399 1328 1456 οἷδελφὸς
1366 1400 1542 1456 Ἀσάνης

92 1464 166 1518 τὴν
193 1461 510 1516 Κομιτοπούλου
549 1465 792 1521 παραίνεσιν
819 1467 1064 1518 νομίσαντες
1090 1463 1239 1507 θεόθεν
1268 1469 1539 1521 κεκινῆσθαι,

42 1529 146 1577 2oi'v’
177 1528 240 1583 εἴη
274 1530 378 1570 πᾶσι
405 1529 664 1584 παράκλησις
691 1529 795 1584 πρὸς
822 1530 922 1579 τούς
941 1532 1103 1590 οἰγῷνας
1121 1530 1168 1572 τὸ
1189 1530 1288 1579 τούς
1307 1532 1536 1573 ὑποπτευο-
1554 1544 1671 1590 v‚407

97 1598 248 1650 μένους
277 1597 497 1636 τουτουσίν
527 1591 662 1644 οὕτως
689 1594 862 1649 ἔχοντας
891 1597 1055 1644 εὐνοίας
1087 1599 1317 1651 φαίνεσθαι
1343 1596 1449 1653 πρὸς
1464 1602 1544 1651 βα-

91 1662 239 1712 σιλέα,
266 1662 349 1701 τῶν
374 1661 536 1702 πολλῶν
564 1658 894 1709 ἀναπνεύσαντες
922 1663 1156 1716 φροντίδων
1181 1661 1254 1704 καί
1282 1664 1544 1719 ἐπιψηφισά-

90 1741 211 1780 μενοι
238 1724 315 1781 τὴν
345 1725 517 1782 βουλήν,
548 1724 692 1782 ἐπειδη
724 1727 797 1770 καί
823 1733 911 1776 τοῖς
938 1723 1080 1776 ἄλλοις
1098 1723 1252 1770 ἅπασιν
1267 1726 1420 1783 ἐδόκει,
1448 1727 1544 1779 τούς

95 1893 239 1936 dicere,
266 1893 420 1929 'nullum
458 1900 619 1930 nostrum
657 1908 777 1943 neque
822 1897 1001 1931 bonorum
1038 1897 1234 1930 multorum
1274 1897 1544 1942 pollicitatione

93 1941 276 1982 illectum,
299 1953 420 1988 neque
448 1945 643 1977 multorum
669 1946 841 1977 malorum
867 1945 1072 1977 invectione
1093 1944 1342 1988 compulsum,v
1358 1944 1416 1978 illi
1442 1946 1544 1978 eius-

94 1998 166 2034 que
202 1989 328 2021 liberis
366 1994 429 2022 aut
462 1990 558 2023 inter
594 2002 658 2023 nos
698 1990 953 2024 insidiaturos:
993 1991 1056 2023 sed
1086 1992 1183 2024 omni
1221 1991 1361 2024 ratione
1397 1995 1434 2024 et
1471 2002 1544 2024 una

93 2039 217 2068 mente
241 2036 279 2067 in
304 2034 443 2069 hostem
468 2042 710 2081 pugnaturos,
736 2036 918 2081 fidemque
943 2048 1143 2080 germanam
1170 2048 1210 2069 ac
1233 2048 1361 2082 puram
1387 2038 1545 2081 impera-

94 2082 166 2113 tori
192 2086 404 2115 servaturos.
453 2081 551 2126 Quin
578 2084 686 2116 etiam
713 2088 829 2116 certos
861 2084 1027 2117 homines
1055 2083 1220 2116 celeriter
1253 2083 1300 2115 ad
1334 2094 1415 2116 eum
1453 2084 1542 2117 mit·

94 2126 224 2160 tendos
250 2127 398 2167 iudico,
438 2130 502 2174 qui
530 2130 704 2169 doceant,
740 2141 806 2163 nos
829 2141 895 2174 pro
934 2131 1012 2174 ipso
1043 2130 1308 2175 carissimisque
1343 2131 1421 2163 eius
1455 2129 1542 2163 filiis

95 2178 132 2206 et
156 2183 268 2206 uxore
294 2175 413 2208 omnia
444 2187 586 2221 semper
611 2182 648 2210 et
676 2176 795 2210 facere
831 2182 868 2210 et
891 2177 966 2221 pati
993 2178 1246 2210 constituisse:
1281 2181 1321 2209 ut
1354 2176 1398 2209 de
1435 2176 1543 2210 nobis

93 2218 184 2251 haec
213 2219 364 2254 audiens
401 2222 558 2256 laetetur
583 2223 701 2268 deque
734 2229 834 2257 tanta
873 2223 1130 2258 benevolentia
1164 2223 1295 2268 gratias
1327 2228 1416 2267 agat.
1464 2222 1540 2257 Nec

94 2265 190 2298 enim
215 2276 340 2309 parum
366 2267 410 2300 de
435 2269 542 2302 nobis
561 2270 757 2303 sollicitum
786 2281 864 2303 esse
888 2270 1106 2304 credendum
1137 2276 1210 2309 est,
1235 2269 1298 2302 sed
1323 2269 1432 2302 variis
1459 2269 1541 2303 dis-

95 2316 248 2345 tractum
288 2312 570 2357 cogitationibus
596 2316 790 2360 suspicari,
819 2322 860 2350 ut
884 2322 938 2349 est
962 2317 1158 2350 verisimile
1174 2341 1182 2356 ,
1208 2327 1273 2348 nos
1299 2316 1439 2360 ignavia
1465 2322 1543 2350 tor-

97 2363 247 2402 penteS‚
273 2363 409 2393 certare
435 2362 589 2405 amplius
617 2373 690 2395 non
719 2363 866 2399 audere.
913 2363 1095 2396 Hactenus
1122 2363 1394 2406 Comitopulus:
1432 2373 1541 2407 quem

98 2414 182 2437 mox
208 2405 391 2448 excipiens
414 2407 594 2450 Batatzes,
619 2415 656 2443 et
683 2408 779 2442 dicta
806 2407 953 2442 laudare
989 2415 1026 2442 et
1060 2414 1101 2442 ut
1129 2407 1409 2453 prudentissima
1430 2416 1541 2454 atque

99 2450 364 2485 consultissima
399 2455 564 2500 suffragio
604 2466 669 2488 suo
706 2457 908 2501 approbare
946 2461 982 2489 et
1023 2457 1223 2489 iuramenta
1251 2466 1387 2500 urgere.
1437 2457 1540 2490 Irene

98 2506 182 2529 vero
209 2497 417 2540 imperatrix
442 2506 478 2533 et
514 2503 645 2535 Asanes
673 2503 804 2544 frater,
841 2503 1064 2546 Comitopuli
1091 2501 1378 2535 cohortationem
1404 2512 1447 2535 ex
1480 2502 1542 2536 ‹li—

98 2543 184 2576 vino
210 2544 331 2576 afflatu
357 2546 537 2580 exstitisse
562 2549 650 2588 rati,
686 2554 725 2581 ut
746 2548 791 2582 ad
821 2548 1062 2582 dimicandum
1090 2559 1213 2580 omnes
1243 2555 1424 2589 acuerent,
1438 2549 1541 2594 (pro-

99 2596 224 2635 pterea
248 2590 347 2636 quod
372 2592 434 2636 qui
460 2593 559 2637 prius
586 2595 742 2639 suspecti
770 2601 892 2635 erant,
927 2601 1063 2628 tantam
1090 2605 1187 2627 nunc
1226 2605 1306 2638 erga
1343 2595 1541 2640 imperato-

100 2646 175 2668 rem
205 2637 406 2670 animorum
434 2639 707 2674 inclinationem
742 2640 1173 2686 praeferebant,)magnis
1205 2641 1312 2674 levati
1333 2642 1539 2686 angoribus,

101 2692 179 2713 cum
207 2688 243 2716 et
267 2683 378 2717 ceteri
403 2684 498 2718 idem
531 2696 655 2720 omnes
686 2689 886 2727 sentirent,
911 2693 1130 2720 sacramenta
1160 2687 1302 2731 concipi
1334 2688 1540 2722 iusserunt:

99 2728 310 2775 primusque
336 2741 373 2763 se
398 2732 635 2777 imperatricis
661 2734 771 2768 frater
795 2734 979 2778 obligavit.
1008 2735 1148 2767 Interea
1212 2734 1358 2776 uidam,
1382 2735 1537 2768 Bratilus

100 2775 260 2817 nomine,
285 2775 330 2810 ab
358 2776 574 2825 imperatore
597 2779 816 2822 adveniens,
840 2791 915 2814 non
939 2780 1002 2813 ille
1026 2779 1173 2827 quidem
1185 2746 1333 2816 ‘iitteras
1347 2806 1357 2824 ‚
1384 2781 1447 2815 sed
1477 2792 1536 2815 ce-
