1812 3146
558 173 938 218 ms‘romAntm
979 176 1053 217 ιιι.
1094 177 1164 230 78.
1442 153 1555 229 487

116 278 266 328 εσθαι,
297 275 388 318 ἄλλ’
407 273 674 326 ἀπωθοῦνται
702 269 780 328 τὴν
807 270 995 328 εἰρήνην,
1024 272 1210 327 μάλιστα
1230 269 1457 314 ὖπάὕτοῧ
1474 277 1753 327 noe-A.C.13⁴4

114 338 419 397 ρακαλοῦμενοι
456 340 532 382 τοῦ
570 341 752 381 τοσαῦτα
781 338 855 380 καί
886 338 1085 394 πρότερον
1110 337 1184 380 καί
1206 339 1335 394 μέχρι
1357 339 1433 380 νῦν
1461 337 1558 378 α’δι-

113 407 316 461 κουμένου
333 436 347 460 ,
383 403 459 448 καί
481 405 564 448 τῶν
590 406 650 454 εἰς
677 402 804 447 αὐτὸν
835 403 1042 446 τοσούτων
1078 405 1152 446 καί
1177 402 1431 459 τηλικούτων
1469 404 1557 444 δει-

112 474 196 514 νῶν
235 472 514 526 γεγενημένων
549 470 837 526 παρεχομένου
884 469 1139 524 ἀμνηστίαν,
1188 467 1263 525 τήν
1299 484 1345 511 τε
1389 470 1556 511 ἐκείνων

84 534 416 590 ὄβδελυξάμενον
443 533 741 591 α’γνωμοσύνην
781 536 856 577 καί
901 533 978 590 την
1006 535 1139 577 αὐτοῦ
1165 532 1452 588 θαυμάσαντα
1477 550 1568 587 με-ᾼ

109 604 375 656 γαλοψυχίαν
401 601 475 644 καὶ
511 599 738 657 καρτερίαν
771 603 845 642 καί
869 598 914 643 τὸ
945 596 1057 642 οὕτω
1085 603 1161 656 τῆς
1179 601 1318 655 κοινῆς
1338 599 1586 655 ὦφελείαςΒ

109 668 230 709 ἕνεκα
269 665 323 710 τοὶ
362 669 462 710 καθ’
482 665 632 710 ἑαυτὸν
681 669 904 724 προΐεσθαι
932 663 1128 719 ἑτοιζιιως,
1167 665 1227 722 μὴ
1266 666 1436 714 ἐκείνοις
1463 665 1559 706 ἐπι*

107 733 234 774 πλέον
261 730 472 775 δύνασθαι
510 738 696 776 συνεῖναι
713 766 727 786 ‚
765 730 871 774 ἀλλὰ
900 729 952 774 τά
985 732 1116 774 αὐτοῦ
1140 732 1334 790 ᾑρῆσθαι
1361 733 1553 785 μᾶλλον,

107 796 183 839 καί
207 798 252 849 ε”ξ
283 795 412 853 αὐτῆς
450 796 500 841 τὰ
529 799 659 841 αὖτοῦ
700 796 916 852 πράττειν,
953 796 1028 839 καί
1052 794 1392 853 προκινδυνεύειν
1421 795 1555 837 adro&

57 861 289 916 ιομάλιστα
315 863 545 917 βούλεσθαι
573 866 646 906 καί
673 866 752 905 τοῦ
794 864 974 906 δικαίου.
1029 866 1206 906 τοιαῦτα
1237 865 1317 917 μὲν
1338 858 1555 905 Ἀπόκαυ-

106 943 179 977 κος
205 925 229 969 0‘
255 931 332 971 τοῦ
357 927 543 983 μεγάλου
573 927 722 979 δουκὸς
749 927 844 978 υἱὸς
877 928 986 984 πρὸς
1024 931 1205 983 βασιλέα
1237 928 1380 984 κρύφα
1420 926 1554 968 διελέ-

103 1008 213 1047 γετο.
267 993 468 1049 βασιλευς
494 997 542 1038 δὲ
580 995 736 1049 ὁμοίως
764 994 907 1052 ἐπῄνει
933 1011 978 1037 τε
1008 998 1082 1050 τῆς
1109 994 1310 1050 αἱρέσεως
1340 994 1421 1035 τοῦ
1445 991 1552 1046 α’γα-

102 1061 214 1113 θοῦ,
258 1059 332 1102 καί
364 1057 546 1116 χάριτας
582 1063 655 1116 τῆς
685 1063 747 1110 εἰς
774 1057 903 1103 αὑτὸν
931 1062 1098 1110 εὐνοίας
1126 1057 1360 1114 ὡμολόγει,
1403 1055 1474 1099 καί
1499 1053 1552 1098 ἇ-

104 1123 275 1182 φορμοῖς
317 1128 539 1181 παρείχετο
584 1129 660 1169 τοῦ
697 1124 895 1183 πράττειν
945 1123 1026 1180 ὅ,τι
1065 1125 1237 1168 δύναιτο
1272 1124 1379 1179 ὑπὲρ
1421 1122 1554 1165 αὐτοῦ

51 1191 342 1246 ι5προθύμως.
396 1189 548 1245 μετόὖ
578 1191 735 1241 πολλὰς
762 1193 810 1234 δὲ
853 1191 1016 1247 ἡμέρας
1065 1189 1303 1233 ἀποστάντα
1336 1188 1443 1246 πρὸς
1471 1186 1565 1247 αὖε

100 1254 201 1311 τὸν,
232 1257 326 1299 ἐπεὶ
338 1256 399 1314 μὴ
428 1259 502 1299 καί
518 1257 593 1312 τὴν
621 1258 742 1300 πόλιν
769 1256 955 1313 ἠδύνατο
985 1255 1238 1311 προσάγειν,
1266 1254 1369 1307 τούς
1399 1273 1551 1300 συναι-

101 1324 303 1380 ρομένους
318 1323 392 1365 οὐκ
409 1321 519 1378 ἔχων
535 1321 641 1380 πρὸς
667 1321 714 1366 τὸ
745 1321 882 1379 ἔργον,
916 1322 1143 1380 (πρότερον
1168 1321 1250 1377 γὰρ
1270 1319 1391 1379 ὀλίγῳ
1413 1318 1550 1364 ἅπαν-

97 1404 167 1438 τες
196 1387 236 1430 οἱ
263 1391 470 1442 βασιλέως
495 1390 614 1445 φίλοι
643 1388 876 1439 ὕπ’ἆνοίας
905 1386 1199 1445 διεφθάρησαν
1209 1391 1244 1446 ‚)
1281 1387 1472 1441 ἀσμένως
1497 1394 1585 1430 τεῦ

99 1455 267 1505 ἐδέξατο
297 1451 318 1494 ὅ
349 1452 574 1508 βασιλεὺς,
600 1455 676 1496 καί
697 1455 820 1509 τιμῆς
844 1450 997 1509 ἠξίωσε
1014 1456 1087 1496 καί
1102 1455 1317 1507 εὐμενείας
1336 1453 1546 1509 πλείστης.

43 1519 204 1574 2ομετιὶ
231 1521 350 1563 τοῦτο
384 1522 432 1562 δὲ
460 1520 554 1562 έπεί
577 1520 602 1575 ἧ
626 1515 856 1575 Ἀδριανοῦ
882 1518 1199 1574 ἀνεπιχείρητος
1226 1519 1377 1572 ἐδόκει,
1404 1518 1542 1576 Βιζύῃ

94 1584 419 1641 ἐπεστράτευσεν
447 1585 470 1627 ὄ
497 1583 699 1638 βασιλεῦς
734 1585 807 1627 καί
838 1582 1014 1639 ἐπόρθει
1041 1582 1120 1638 τὴν
1146 1586 1321 1640 χώραν·
1347 1584 1543 1639 πρεσβεί-

95 1670 148 1695 αν
180 1655 227 1694 δὲ
258 1651 416 1705 ἔπεμπε
443 1650 550 1706 πρὸς
582 1650 659 1705 τήν
687 1651 832 1703 πόλιν,
863 1651 1081 1707 παραινῶν
1106 1647 1224 1706 αότῷ
1251 1649 1560 1705 παραδιδόναι,

92 1717 166 1761 καὶ
189 1717 248 1773 μὴ
277 1719 394 1773 κενῆς
417 1717 582 1764 ἐλπίδος
602 1717 720 1758 ἕνεκα
761 1715 965 1770 τοσαύτην
993 1714 1145 1770 ζημίαν
1173 1712 1414 1767 ὑπομένειν,
1445 1715 1539 1756 δια-
1551 1719 1593 1755 V.
1608 1721 1677 1756 500

93 1783 386 1840 φθειρομένων
413 1783 497 1823 τῶν
523 1782 682 1837 ἀγρῶν·
723 1779 832 1833 μετά
872 1779 953 1834 γάρ
994 1783 1076 1822 τῶν
1109 1781 1248 1821 κακῶν
1283 1778 1360 1836 τὴν
1387 1780 1539 1835 ἐπιφο-

39 1841 172 1907 25ρὰν
226 1842 554 1905 παραδώσουσιν
598 1844 755 1904 ἀνάγκῃ
792 1847 1045 1895 πιεσθέντες.
1118 1843 1292 1898 Βιζύϊοι
1343 1846 1391 1888 δὲ
1440 1841 1538 1888 οὔτε

89 1977 156 2012 sed
178 1987 303 2023 pacem
327 1975 545 2021 repudient,
571 1975 617 2008 ab
644 1985 688 2008 eo
711 1975 942 2021 potissimum
967 1975 1130 2016 invitati,
1154 1975 1218 2021 qui
1246 1979 1317 2009 tam
1341 1973 1471 2007 multas
1496 1976 1537 2007 et

90 2035 211 2070 graves
236 2023 387 2058 iniurias
412 2022 600 2068 hucusque
627 2021 699 2054 sibi
725 2022 913 2066 impositas
961 2027 1136 2067 perpetua
1163 2022 1350 2055 oblivione
1388 2020 1534 2054 deletu·

89 2082 170 2105 rum
204 2071 412 2116 promittat,
449 2074 488 2102 et
524 2079 648 2103 eorum
684 2069 800 2103 scelus
826 2074 1050 2102 exsecratum
1077 2073 1114 2101 et
1137 2068 1214 2101 eius
1240 2068 1420 2101 excelsum
1447 2067 1530 2099 ani-

88 2128 188 2151 mum
212 2127 255 2150 ac
278 2116 508 2151 tolerantiam
532 2115 772 2156 admiratum,
810 2119 848 2149 et
871 2115 971 2162 quod
998 2114 1087 2148 boni
1113 2115 1312 2148 communis
1338 2115 1450 2158 gratia
1474 2121 1532 2146 res

88 2174 171 2197 suas
207 2163 297 2197 adeo
331 2174 407 2197 non
442 2162 559 2196 invito
591 2163 786 2207 proiiciat,
818 2172 894 2195 non
928 2172 1034 2206 posse
1074 2160 1119 2195 de
1156 2166 1278 2194 cetero
1310 2159 1531 2204 imperatrici

87 2211 233 2251 favere,
280 2209 344 2243 sed
377 2211 454 2242 eius
490 2213 611 2254 pantes
645 2209 849 2253 amplexum
884 2208 1007 2252 potius
1052 2207 1098 2241 ab
1135 2206 1204 2241 hac
1240 2208 1318 2251 ipsa
1352 2205 1443 2240 hora
1471 2205 1530 2239 illi

87 2268 199 2301 opera
233 2255 489 2290 inserviturum
523 2265 663 2300 proque
687 2255 753 2288 illo
779 2259 816 2288 et
841 2255 982 2288 iustitia
1004 2255 1145 2288 nullum
1168 2253 1359 2287 discrimen
1385 2262 1531 2286 recusa-

85 2308 222 2341 turum.
268 2304 367 2337 Haec
392 2302 456 2336 ille
481 2301 694 2335 clanculum.
760 2302 830 2335 Cui
858 2302 1056 2347 imperator
1080 2306 1117 2335 et
1141 2300 1185 2332 de
1211 2305 1348 2334 mutato
1372 2299 1527 2333 consilio

84 2350 230 2384 laudem
255 2348 473 2393 impertivit,
505 2354 544 2382 et
580 2347 624 2382 de
654 2348 775 2384 animo
813 2359 894 2393 erga
926 2359 965 2382 se
989 2354 1061 2382 tam
1095 2347 1236 2392 egregio
1268 2346 1401 2391 gratias
1440 2346 1529 2389 egit,

87 2402 127 2430 et
154 2395 254 2442 quod
278 2401 402 2441 posset
427 2406 490 2439 pro
514 2405 552 2428 se
579 2395 730 2440 impigre
754 2394 913 2428 faciendi
941 2395 1164 2428 occasionem
1190 2393 1384 2439 praestitit.
1432 2393 1526 2427 Die-

86 2442 155 2476 bus
179 2443 322 2488 aliquot
344 2441 586 2487 intermissis,
619 2451 698 2474 cum
722 2441 769 2474 ad
792 2453 875 2475 eum
900 2442 1092 2480 transiret,
1118 2440 1227 2473 simul
1251 2445 1371 2472 autem
1396 2438 1525 2473 urbem

85 2489 229 2523 tradere
259 2488 452 2533 nequiret,
478 2487 576 2534 quod
610 2487 833 2522 administris
858 2487 966 2521 huius
1000 2487 1120 2532 operis
1145 2491 1294 2526 careret,
1319 2485 1449 2532 (nuper
1473 2486 1524 2518 si-

86 2535 235 2581 quidem
273 2545 396 2568 omnes
430 2534 655 2578 imperatoris
687 2535 792 2568 amici
835 2544 900 2579 per
935 2534 1184 2578 insipientiam
1211 2531 1454 2578 interierant,)
1476 2531 1523 2564 li-

85 2581 216 2616 benter
234 2582 344 2615 illum
373 2581 512 2625 accepit
543 2591 754 2626 summoque
779 2580 916 2614 honore
942 2586 979 2614 et
1002 2579 1113 2623 gratia
1139 2578 1306 2624 dignatus
1332 2584 1395 2612 est.
1444 2579 1522 2611 De-

86 2628 172 2662 inde
201 2629 370 2674 quoniam
396 2627 650 2671 Adrianopolis
676 2627 881 2661 invadenda
905 2638 979 2659 non
1003 2626 1217 2667 videbatur,
1243 2627 1380 2668 Bizyam
1408 2627 1522 2659 movit

84 2684 280 2721 agrumque
313 2674 477 2709 vastavit.
541 2673 736 2718 Legatione
769 2684 876 2718 porro
912 2673 958 2706 ad
993 2673 1088 2706 cives
1120 2674 1248 2714 missa,
1274 2671 1439 2706 hortatus
1466 2676 1522 2704 est

85 2731 146 2754 eos
165 2746 175 2762 ‚
200 2721 255 2755 uti
283 2731 360 2754 sese
383 2720 580 2760 dederent,
606 2730 695 2754 neve
719 2725 868 2765 propter
891 2720 1036 2753 inanem
1059 2729 1156 2764 spem
1181 2723 1281 2753 tanta
1298 2718 1389 2764 agris
1406 2717 1521 2751 detri-

84 2772 204 2803 menta
240 2767 366 2802 iuscrri
405 2767 642 2802 sustinerent:
681 2777 723 2801 co
758 2767 855 2800 enim
881 2765 1106 2812 compulsum
1132 2766 1199 2807 iri,
1233 2771 1274 2799 ut
1301 2766 1409 2800 etiam
1437 2769 1518 2809 post
