1812 3132
305 149 412 208 156
821 172 1191 218 CANTAcanm

103 271 326 322 mestun?
363 273 476 328 κοινῇ
513 272 629 313 δοκεῖ·
648 275 971 327 λυσιτελοῦντα,
1013 273 1150 329 οἵσπερ
1189 275 1262 330 τήν
1300 276 1730 336 ιῖρχὴν-ἐπηγγείλω,

295 338 515 392 πράττειν,
559 331 585 392 ἢ
623 342 709 386 τοῖς
736 341 954 395 σφετέροις
982 344 1217 393 λογισμοῖς,
1262 339 1310 392 ἑξ
1336 336 1396 385 ὧν
1433 343 1615 398 ὠφέλεια
1650 350 1731 399 μὲν

297 403 495 456 οὐδεμία,
534 401 619 445 εἴτε
659 401 742 444 ὑπὸ
770 405 852 445 τῶν
874 407 1148 460 συκοφαντῶν
1180 405 1519 461 διεφθαρμένου,
1548 408 1631 451 εἷθ’
1657 411 1730 452 ὑπ’

296 468 423 524 ὄργῆς
449 465 749 525 ἀπραγμοσύνῃ
777 470 906 526 συζῇν
934 471 1212 525 προελομένου
1232 503 1245 523 ,
1289 478 1378 521 τοῖς
1405 471 1621 528 πράγμασι
1648 492 1730 517 πα-

295 536 462 588 ρέσται·
491 535 733 575 τούναντίον
761 531 951 588 δ’ἅπαν,
980 534 1129 583 στάσις
1156 534 1228 576 καί
1251 536 1439 591 ταραχαὶ
1462 537 1537 579 καὶ
1558 539 1755 594 gomani—5

293 615 376 641 των
407 597 593 654 ἁρπαγαὶ
618 597 691 639 καὶ
715 596 838 656 φόνοι
863 602 1012 655 μυρίοι
1039 599 1111 641 καί
1147 599 1484 656 ἅνδραποδισμοί
1523 606 1594 645 καί
1621 605 1728 646 α’να-

292 662 456 712 arcium
486 662 646 705 πόλεων
682 666 755 705 καί
794 662 839 705 τὸ
868 667 1006 705 κακῶν
1037 663 1209 717 ε”σχατον
1237 665 1311 707 καί
1326 666 1623 722 φοβερώτατον
1643 674 1728 718 τοῖς

253 742 340 783 cys
370 731 465 770 νοῦν
493 727 689 782 ἔχουσιν,
715 726 742 782 ἦ
770 728 851 770 ὑπὸ
880 729 1113 784 βαρβάροις
1141 729 1333 782 δουλεία,
1362 729 1412 785 ἥν
1437 732 1727 788 ἐπιχειρήσου-

291 810 358 836 σιν
386 793 529 847 αὐτοί,
575 796 632 850 τῷ
658 794 763 849 πρὸς
808 793 1012 848 α’λλήλους
1049 792 1167 849 ἡμῶν
1196 797 1360 852 πολέμῳ
1389 796 1601 852 χρώμενοι
1627 814 1728 840 συν-

291 862 415 917 εργῷ,
456 861 753 901 καταδουλοῦν.
811 858 840 900 ἃ
875 863 953 913 μὲν
995 855 1071 901 οὖν
1120 859 1220 914 ἦμΐν
1259 861 1382 915 σφίσι
1419 877 1462 903 τε
1492 864 1631 911 αὐτοῖς
1658 865 1782 905 καίιο

292 930 378 975 τοῖς
406 919 547 974 ἄλλοις
573 921 729 966 ἅπασιν
759 923 871 975 ἔδοξε
899 929 1126 966 λυσιτελεῖν
1145 957 1156 979 ,
1190 922 1366 980 εἴρηται.
1395 926 1464 968 σοι’
1491 929 1532 968 ‹5’
1546 925 1725 983 ὁπότερα

294 993 455 1042 ἐξέσται
492 986 694 1046 ἑλομένῳ,
737 986 764 1043 ἢ
805 989 881 1038 τὰς
907 991 1254 1044 προσδοκωμένας
1288 989 1437 1033 παύειν
1477 990 1724 1048 συμφορὰς,

292 1052 322 1112 ἢ
348 1054 392 1098 τὸ
420 1061 609 1097 συνοῖσον
636 1056 721 1113 ἰδία
749 1055 1055 1110 μηχανώμενον
1073 1086 1085 1108 ,
1122 1056 1330 1110 μηδεμίαν
1359 1058 1458 1112 περί
1481 1059 1564 1099 τῶν
1589 1052 1726 1100 ἄλλων

291 1124 490 1164 τίθεσθαι
533 1123 760 1177 φροντίδα,
805 1119 888 1174 εἴγε
929 1122 1054 1161 τοῦτο
1096 1126 1289 1162 συνοῖσον
1324 1120 1459 1172 ἔξεστι
1508 1120 1642 1177 φάναι
1674 1122 1723 1165 τὸ

288 1189 492 1231 τοσούτων
519 1185 767 1229 αἰτιώτατον
794 1187 931 1228 κακῶν
960 1183 1029 1227 δια
1057 1183 1130 1240 τήν
1155 1201 1275 1227 τινων
1304 1185 1601 1241 ἀγνωμοσύνην
1621 1187 1780 1233 ‘Pon-15

286 1255 429 1307 μαιόις
457 1252 644 1308 ὀφθῆναι
679 1247 854 1293 {novt-12³³
908 1253 1083 1293 τοιαῦτα
1109 1253 1187 1303 μὲν
1214 1252 1288 1292 καί
1318 1251 1357 1292 οἱ
1394 1254 1466 1306 τῆς
1496 1250 1733 1308 συγκλήτου-

284 1319 529 1373 προέχοντες
556 1317 630 1358 καί
654 1319 727 1371 τῆς
754 1318 956 1372 στρατιᾶς
995 1314 1196 1370 ἡγεμόνες
1223 1314 1331 1372 πρὸς
1357 1314 1429 1358 τὸν
1464 1318 1597 1370 μέγαν
1625 1318 1726 1359 ἀπε-

285 1386 471 1437 κρίναντο
501 1384 754 1434 δομέστικον.
808 1380 830 1423 ὃ
857 1383 904 1424 δὲ
932 1379 1011 1436 τήν
1042 1382 1120 1434 μὲν
1148 1381 1321 1432 α’ξίωσιν
1351 1381 1494 1422 αὐταῖν
1519 1380 1631 1437 ὄρῶν
1658 1384 1726 1424 ‹51-

286 1448 430 1498 καιάν,
461 1446 663 1496 συνειδώς
690 1462 734 1488 τε
762 1442 906 1494 αὗτοῖς
929 1444 986 1495 ὥς
1015 1448 1155 1500 α’ληθῆ
1183 1447 1256 1487 καί
1270 1447 1369 1487 νοῦν
1397 1444 1544 1499 ἔχοντα
1571 1447 1724 1500 στοχά-

288 1515 447 1564 ζονται,
492 1513 567 1553 καί
602 1510 673 1553 διὰ
711 1513 829 1554 τοῦτο
862 1512 993 1565 μηδὲν
1035 1512 1261 1564 ἀντιλέγειν
1302 1508 1412 1563 ἔχων
1450 1509 1554 1565 πρὸς
1592 1507 1783 1560 οὕτωςαα

248 1576 501 1626 Βᾶπόὸειξιν
536 1578 609 1631 τῆς
644 1575 844 1631 ἀληθείας
883 1575 1059 1631 ἐναργῆ,
1107 1571 1217 1627 ὅμως
1245 1576 1292 1617 δὲ
1319 1573 1419 1629 πρὸς
1446 1573 1520 1629 τήν
1545 1579 1725 1630 μεταβο-

281 1640 358 1696 λὴν
384 1642 513 1683 ὅκνῶν
538 1640 648 1682 πάνυ
695 1640 768 1682 καὶ
793 1639 1100 1694 ἀναδυόμενος,
1147 1635 1214 1682 οἷα
1239 1639 1291 1695 δὴ
1319 1638 1397 1689 τοὶς
1423 1639 1620 1690 τοιαύτας
1646 1658 1731 1695 με-,

282 1706 465 1761 ταβολοὶς
493 1708 629 1749 κακῶν
658 1705 794 1755 αἰτίας
831 1705 954 1755 εἰδώς
995 1706 1052 1755 αἳς
1080 1708 1232 1754 ἐπίπαν
1256 1706 1477 1762 γινομένας
1497 1737 1510 1762 ,
1541 1706 1718 1750 ἐπιπολΰ

372 1821 404 1854 6.
431 1817 582 1854 στάσεις
605 1817 755 1854 πόλεων
779 1816 827 1850 Μ.
843 1826 909 1861 mg.
994 1812 1099 1859 ι4.τό
1127 1825 1194 1850 om.
1219 1815 1254 1850 P.

284 1925 388 1965 silio,
429 1923 729 1970 quemadmodum
774 1922 879 1956 initio
918 1922 1139 1966 promisisti,
1181 1932 1288 1967 quarn
1321 1925 1404 1955 tuae
1449 1921 1718 1955 ratiocinationi

284 1980 430 2017 parere:
472 1971 568 2004 unde
592 1969 688 2003 nihil
711 1969 887 2002 commodi
919 1968 959 2001 in
983 1967 1167 2013 publicum
1207 1967 1405 2007 redundet,
1438 1969 1514 2000 sive
1549 1972 1585 1999 te
1615 1978 1720 2011 syco-

284 2017 442 2062 phantae
475 2015 724 2061 perdiderint,
763 2017 836 2048 sive
870 2014 943 2047 irae
980 2014 1192 2057 indulgens,
1222 2014 1260 2047 in
1292 2015 1368 2047 otio
1399 2012 1520 2047 vivere
1555 2013 1719 2056 elegeris.

285 2063 522 2097 Commodum
547 2067 668 2096 autem
684 2063 700 2096 ?
729 2063 801 2095 imo
827 2060 979 2100 seditio,
1004 2060 1202 2100 tumultus,
1230 2059 1456 2093 fortunarum
1481 2060 1720 2103 direptiones,

284 2110 386 2142 mille
412 2109 557 2149 caedes,
591 2108 736 2141 amissio
768 2106 970 2146 libertatis,
1007 2106 1209 2139 eversiones
1242 2105 1386 2138 urbium
1421 2109 1458 2138 et
1493 2106 1593 2150 quod
1622 2106 1720 2150 apud

283 2155 478 2199 prudentes
502 2161 556 2188 est
580 2155 823 2187 calamitatum
846 2157 954 2196 caput
983 2151 1212 2196 horrorisque
1238 2153 1511 2196 plenissimum,
1539 2151 1606 2184 sub
1634 2151 1720 2185 bar-

283 2202 379 2235 baris
405 2201 578 2241 servitus,
603 2211 710 2245 quam
738 2200 833 2244 ipsi,
856 2199 951 2231 civili
981 2197 1050 2231 hoc
1074 2198 1171 2231 bello
1196 2204 1319 2232 nostro
1344 2197 1481 2238 adiuti,
1514 2197 1621 2230 nobis
1647 2199 1718 2231 im-

281 2259 419 2292 ponere
444 2248 680 2281 conabuntur.
718 2245 821 2290 Quae
848 2245 957 2286 igitur
981 2244 1088 2277 nobis
1115 2249 1152 2278 et
1175 2245 1303 2278 ceteris
1328 2244 1504 2276 universis
1531 2243 1606 2276 visa
1632 2249 1720 2278 sunt

283 2294 503 2334 conducere,
539 2294 626 2327 haec
649 2293 807 2325 fuerunt.
855 2290 941 2325 Tibi
976 2291 1150 2324 utrumvis
1188 2290 1335 2330 licebit,
1369 2294 1431 2322 aut
1464 2288 1716 2333 impendentes

286 2352 386 2373 casus
411 2345 570 2374 avertere
606 2344 670 2373 aut
703 2339 844 2382 privata
869 2341 1066 2370 sectantem
1098 2337 1303 2377 commoda,
1338 2336 1492 2368 aliorum
1523 2346 1643 2368 curam
1675 2336 1716 2369 in

283 2388 470 2431 postremis
495 2396 630 2430 ponere
646 2410 655 2425 ‚
680 2385 710 2417 si
736 2382 921 2417 commoda
944 2383 1063 2416 vocari
1090 2389 1253 2428 queunt,
1277 2381 1511 2427 quorumdam
1537 2381 1715 2425 improbi·

283 2437 359 2466 tate
381 2434 579 2473 offensum,
613 2436 791 2464 tantorum
817 2428 1124 2462 incommodorum
1152 2428 1264 2461 solam
1294 2433 1330 2461 et
1365 2428 1594 2473 praecipuam
1625 2437 1716 2461 cau-

282 2489 357 2511 sam
384 2478 551 2511 Romanis
569 2479 742 2514 extitisse.
789 2476 886 2509 Haec
910 2475 1100 2519 optimates
1127 2478 1163 2506 et
1187 2475 1362 2507 exercitus
1383 2474 1562 2518 principes
1585 2484 1714 2517 magno

283 2524 480 2558 domestico
513 2523 797 2568 responderunt:
836 2522 899 2567 qui
930 2522 1144 2564 petitionem
1181 2532 1360 2566 aequam,
1400 2525 1437 2552 et
1469 2528 1643 2552 eos-vera
1677 2524 1714 2554 et

283 2580 363 2604 cum
406 2571 546 2603 ratione
589 2569 819 2614 congruentia
854 2569 1054 2601 coniectare
1094 2577 1261 2607 cernens,
1297 2566 1454 2610 ideoque
1494 2569 1566 2597 tam
1596 2565 1712 2598 clai-ae

281 2617 426 2649 veritati
453 2618 547 2650 nihil
571 2612 709 2650 habens
724 2641 734 2656 ,
762 2613 859 2660 quod
883 2613 1078 2652 obiiceret,
1119 2617 1155 2645 et
1178 2619 1298 2646 tamen
1323 2614 1559 2645 mutationem
1583 2609 1712 2644 admo-

283 2662 368 2695 dum
397 2662 576 2705 refugiens
609 2673 649 2695 ac
673 2662 873 2695 detrectans
889 2685 898 2698 ,
932 2659 1029 2704 quod
1056 2659 1268 2704 plerumque
1294 2670 1337 2691 ex
1362 2656 1568 2690 huiusmodi
1591 2661 1712 2689 muta-

282 2708 442 2741 tionibus
480 2710 571 2741 mala
605 2709 702 2741 nasci
736 2708 851 2740 solere
882 2704 978 2738 haud
1012 2706 1190 2746 nesciret,
1230 2705 1292 2738 diu
1330 2707 1516 2737 cunctatus
1547 2707 1583 2735 et
1619 2701 1710 2747 quid

281 2754 509 2799 potissimum
534 2753 669 2788 diceret
692 2754 848 2788 incertus
874 2751 1003 2792 animi.
1037 2750 1185 2796 altoque
1214 2751 1361 2786 silentio
1393 2752 1610 2785 conventum
1643 2747 1709 2782 de-

1475 2837 1490 2847 ι-
