<?xml version="1.0" encoding="UTF-8"?>
<!DOCTYPE html PUBLIC "-//W3C//DTD XHTML 1.0 Transitional//EN"
    "http://www.w3.org/TR/xhtml1/DTD/xhtml1-transitional.dtd">
<html xmlns="http://www.w3.org/1999/xhtml" xml:lang="en" lang="en">
 <head>
  <title>
</title>
<meta http-equiv="Content-Type" content="text/html;charset=utf-8" />
  <meta name='ocr-system' content='tesseract 3.04.00' />
  <meta name='ocr-capabilities' content='ocr_page ocr_carea ocr_par ocr_line ocrx_word'/>
</head>
<body>
  <div class='ocr_page' id='page_1' title='image "./corpusscriptorum24niebuoft_0517.png"; bbox 0 0 1812 3146; ppageno 0'>
   <div class='ocr_carea' id='block_1_1' title="bbox 536 172 1549 247">
    <p class='ocr_par' dir='ltr' id='par_1_1' title="bbox 536 172 1549 247">
     <span class='ocr_line' id='line_1_1' title="bbox 536 172 1549 247; baseline -0.02 0"><span class='ocrx_word' id='word_1_1' title='bbox 536 200 912 247; x_wconf 75' lang='lat' dir='ltr'><strong>ms‘romARUM</strong></span> <span class='ocrx_word' id='word_1_2' title='bbox 954 202 1025 241; x_wconf 86' lang='lat'>111.</span> <span class='ocrx_word' id='word_1_3' title='bbox 1053 200 1119 244; x_wconf 83' lang='lat'><strong>82.</strong></span> <span class='ocrx_word' id='word_1_4' title='bbox 1440 172 1549 229; x_wconf 82' lang='lat'><strong>505</strong></span> 
     </span>
    </p>
   </div>
   <div class='ocr_carea' id='block_1_2' title="bbox 75 289 1748 1877">
    <p class='ocr_par' dir='ltr' id='par_1_2' title="bbox 75 289 1748 1877">
     <span class='ocr_line' id='line_1_2' title="bbox 117 289 1748 367; baseline -0.015 -13"><span class='ocrx_word' id='word_1_5' title='bbox 117 311 187 354; x_wconf 80' lang='grc' dir='ltr'><strong>διά</strong></span> <span class='ocrx_word' id='word_1_6' title='bbox 216 309 290 367; x_wconf 79' lang='grc' dir='ltr'><strong>τήν</strong></span> <span class='ocrx_word' id='word_1_7' title='bbox 316 309 468 366; x_wconf 85' lang='grc' dir='ltr'><em>σοφίαν</em></span> <span class='ocrx_word' id='word_1_8' title='bbox 494 307 568 348; x_wconf 88' lang='grc' dir='ltr'><strong><em>καί</em></strong></span> <span class='ocrx_word' id='word_1_9' title='bbox 594 304 669 359; x_wconf 77' lang='grc' dir='ltr'><em>τὴν</em></span> <span class='ocrx_word' id='word_1_10' title='bbox 696 301 891 359; x_wconf 75' lang='grc' dir='ltr'><em>σύνεσιν,</em></span> <span class='ocrx_word' id='word_1_11' title='bbox 927 301 1017 343; x_wconf 76' lang='grc' dir='ltr'><strong>ἀλλ’</strong></span> <span class='ocrx_word' id='word_1_12' title='bbox 1044 296 1110 342; x_wconf 77' lang='grc' dir='ltr'><strong>ὅτι</strong></span> <span class='ocrx_word' id='word_1_13' title='bbox 1136 296 1211 340; x_wconf 74' lang='grc' dir='ltr'><em>καὶ</em></span> <span class='ocrx_word' id='word_1_14' title='bbox 1235 297 1300 339; x_wconf 78' lang='grc' dir='ltr'><strong>ἐπ’</strong></span> <span class='ocrx_word' id='word_1_15' title='bbox 1321 294 1437 352; x_wconf 67' lang='grc' dir='ltr'><em>αὐτῷ</em></span> <span class='ocrx_word' id='word_1_16' title='bbox 1455 289 1552 336; x_wconf 71' lang='grc' dir='ltr'><em>τού-</em></span> <span class='ocrx_word' id='word_1_17' title='bbox 1564 293 1645 331; x_wconf 78' lang='lat' dir='ltr'><strong>A.C.</strong></span> <span class='ocrx_word' id='word_1_18' title='bbox 1661 291 1748 336; x_wconf 69' lang='grc'>1345</span> 
     </span>
     <span class='ocr_line' id='line_1_3' title="bbox 116 358 1680 435; baseline -0.013 -16"><span class='ocrx_word' id='word_1_19' title='bbox 116 391 174 435; x_wconf 78' lang='grc' dir='ltr'><strong>τῳ</strong></span> <span class='ocrx_word' id='word_1_20' title='bbox 217 374 381 431; x_wconf 78' lang='grc' dir='ltr'><em>ἥκοιεν,</em></span> <span class='ocrx_word' id='word_1_21' title='bbox 424 374 478 416; x_wconf 79' lang='grc' dir='ltr'><em>ἵν’</em></span> <span class='ocrx_word' id='word_1_22' title='bbox 505 373 550 414; x_wconf 80' lang='grc' dir='ltr'><strong>ἐκ</strong></span> <span class='ocrx_word' id='word_1_23' title='bbox 587 372 668 412; x_wconf 81' lang='grc' dir='ltr'><strong>τῶν</strong></span> <span class='ocrx_word' id='word_1_24' title='bbox 693 369 925 423; x_wconf 85' lang='grc' dir='ltr'><em>λεγομένων</em></span> <span class='ocrx_word' id='word_1_25' title='bbox 951 367 1116 421; x_wconf 67' lang='grc' dir='ltr'><em>τάληθῆ</em></span> <span class='ocrx_word' id='word_1_26' title='bbox 1145 362 1243 419; x_wconf 74' lang='grc' dir='ltr'><em>περὶ</em></span> <span class='ocrx_word' id='word_1_27' title='bbox 1270 365 1347 405; x_wconf 78' lang='grc' dir='ltr'><em>τοῦ</em></span> <span class='ocrx_word' id='word_1_28' title='bbox 1371 358 1555 412; x_wconf 77' lang='grc' dir='ltr'><em>πολέμου</em></span> <span class='ocrx_word' id='word_1_29' title='bbox 1568 358 1680 393; x_wconf 79' lang='lat' dir='ltr'><strong>P·635</strong></span> 
     </span>
     <span class='ocr_line' id='line_1_4' title="bbox 116 426 1558 497; baseline -0.013 -12"><span class='ocrx_word' id='word_1_30' title='bbox 116 447 273 497; x_wconf 78' lang='grc' dir='ltr'><em>γνοῖεν,</em></span> <span class='ocrx_word' id='word_1_31' title='bbox 301 437 451 494; x_wconf 76' lang='grc' dir='ltr'><em>ἥδιστά</em></span> <span class='ocrx_word' id='word_1_32' title='bbox 479 453 524 480; x_wconf 90' lang='grc' dir='ltr'><em>τε</em></span> <span class='ocrx_word' id='word_1_33' title='bbox 554 432 720 478; x_wconf 82' lang='grc' dir='ltr'><em>ἅπαντα</em></span> <span class='ocrx_word' id='word_1_34' title='bbox 751 432 883 476; x_wconf 65' lang='grc' dir='ltr'><em>αὐτὸν</em></span> <span class='ocrx_word' id='word_1_35' title='bbox 911 430 1172 487; x_wconf 78' lang='grc' dir='ltr'><em>ἕκθήσεσθαι</em></span> <span class='ocrx_word' id='word_1_36' title='bbox 1215 431 1287 470; x_wconf 85' lang='grc' dir='ltr'>καί</span> <span class='ocrx_word' id='word_1_37' title='bbox 1324 426 1455 482; x_wconf 85' lang='grc' dir='ltr'><em>χάριν</em></span> <span class='ocrx_word' id='word_1_38' title='bbox 1497 426 1558 467; x_wconf 83' lang='grc' dir='ltr'><em>εἶ-</em></span> 
     </span>
     <span class='ocr_line' id='line_1_5' title="bbox 118 493 1560 563; baseline -0.012 -13"><span class='ocrx_word' id='word_1_39' title='bbox 118 509 260 563; x_wconf 89' lang='grc' dir='ltr'><em>δήσειν</em></span> <span class='ocrx_word' id='word_1_40' title='bbox 276 509 349 561; x_wconf 77' lang='grc' dir='ltr'><em>τῆς</em></span> <span class='ocrx_word' id='word_1_41' title='bbox 372 503 584 560; x_wconf 82' lang='grc' dir='ltr'><strong><em>αἰτήσεως.</em></strong></span> <span class='ocrx_word' id='word_1_42' title='bbox 613 499 742 545; x_wconf 81' lang='grc' dir='ltr'><em>ἐδεῖτό</em></span> <span class='ocrx_word' id='word_1_43' title='bbox 770 516 814 542; x_wconf 76' lang='grc' dir='ltr'><em>’τε</em></span> <span class='ocrx_word' id='word_1_44' title='bbox 845 499 996 551; x_wconf 76' lang='grc' dir='ltr'><em>αὐτῶν,</em></span> <span class='ocrx_word' id='word_1_45' title='bbox 1024 499 1158 553; x_wconf 85' lang='grc' dir='ltr'><em>μηδὲν</em></span> <span class='ocrx_word' id='word_1_46' title='bbox 1183 493 1560 546; x_wconf 75' lang='grc' dir='ltr'><em>ὑποστειλαμένους</em></span> 
     </span>
     <span class='ocr_line' id='line_1_6' title="bbox 92 557 1561 626; baseline -0.008 -14"><span class='ocrx_word' id='word_1_47' title='bbox 92 572 374 626; x_wconf 70' lang='grc' dir='ltr'><em>δέξελέγχειν,</em></span> <span class='ocrx_word' id='word_1_48' title='bbox 404 566 458 612; x_wconf 71' lang='grc' dir='ltr'><strong>ἄν</strong></span> <span class='ocrx_word' id='word_1_49' title='bbox 485 568 687 626; x_wconf 86' lang='grc' dir='ltr'><em>φαίνηται</em></span> <span class='ocrx_word' id='word_1_50' title='bbox 715 567 919 621; x_wconf 77' lang='grc' dir='ltr'><em>ἐπιορκῶν</em></span> <span class='ocrx_word' id='word_1_51' title='bbox 947 563 1021 606; x_wconf 80' lang='grc' dir='ltr'><em>καί</em></span> <span class='ocrx_word' id='word_1_52' title='bbox 1035 565 1192 606; x_wconf 81' lang='grc' dir='ltr'><em>α’δικῶν</em></span> <span class='ocrx_word' id='word_1_53' title='bbox 1220 562 1292 603; x_wconf 84' lang='grc' dir='ltr'><em>καί</em></span> <span class='ocrx_word' id='word_1_54' title='bbox 1316 557 1346 616; x_wconf 78' lang='grc' dir='ltr'><em>ἢ</em></span> <span class='ocrx_word' id='word_1_55' title='bbox 1371 566 1461 610; x_wconf 84' lang='grc' dir='ltr'><em>τοῖς</em></span> <span class='ocrx_word' id='word_1_56' title='bbox 1480 561 1561 611; x_wconf 86' lang='grc' dir='ltr'><em>βα-</em></span> 
     </span>
     <span class='ocr_line' id='line_1_7' title="bbox 120 623 1563 691; baseline -0.011 -10"><span class='ocrx_word' id='word_1_57' title='bbox 120 640 268 687; x_wconf 83' lang='grc' dir='ltr'><em>σιλέως</em></span> <span class='ocrx_word' id='word_1_58' title='bbox 298 639 422 679; x_wconf 85' lang='grc' dir='ltr'><em>παισί</em></span> <span class='ocrx_word' id='word_1_59' title='bbox 448 637 524 678; x_wconf 80' lang='grc' dir='ltr'><em>τοῦ</em></span> <span class='ocrx_word' id='word_1_60' title='bbox 552 635 679 691; x_wconf 90' lang='grc' dir='ltr'><em>φίλου</em></span> <span class='ocrx_word' id='word_1_61' title='bbox 709 628 1020 686; x_wconf 78' lang='grc' dir='ltr'><em>ἐπιβουλεύων,</em></span> <span class='ocrx_word' id='word_1_62' title='bbox 1049 625 1078 685; x_wconf 75' lang='grc' dir='ltr'><em>ἢ</em></span> <span class='ocrx_word' id='word_1_63' title='bbox 1109 630 1186 671; x_wconf 82' lang='grc' dir='ltr'><em>τοῦ</em></span> <span class='ocrx_word' id='word_1_64' title='bbox 1214 628 1394 680; x_wconf 81' lang='grc' dir='ltr'><em>πολέμου</em></span> <span class='ocrx_word' id='word_1_65' title='bbox 1429 623 1563 673; x_wconf 83' lang='grc' dir='ltr'><em>αἴτιος</em></span> 
     </span>
     <span class='ocr_line' id='line_1_8' title="bbox 122 689 1565 759; baseline -0.009 -14"><span class='ocrx_word' id='word_1_66' title='bbox 122 704 194 744; x_wconf 81' lang='grc' dir='ltr'>καί</span> <span class='ocrx_word' id='word_1_67' title='bbox 211 704 302 759; x_wconf 77' lang='grc' dir='ltr'><em>’τῆς</em></span> <span class='ocrx_word' id='word_1_68' title='bbox 322 702 542 756; x_wconf 87' lang='grc' dir='ltr'><em>Ῥωμαίων</em></span> <span class='ocrx_word' id='word_1_69' title='bbox 569 699 795 755; x_wconf 74' lang='grc' dir='ltr'><em>ἀμυθήτου</em></span> <span class='ocrx_word' id='word_1_70' title='bbox 838 699 1007 753; x_wconf 80' lang='grc' dir='ltr'><em>φθορᾶς</em></span> <span class='ocrx_word' id='word_1_71' title='bbox 1040 695 1319 751; x_wconf 85' lang='grc' dir='ltr'><em>γεγενημένος.</em></span> <span class='ocrx_word' id='word_1_72' title='bbox 1383 689 1565 747; x_wconf 79' lang='grc' dir='ltr'><em>ἀρξάμε-</em></span> 
     </span>
     <span class='ocr_line' id='line_1_9' title="bbox 121 754 1568 823; baseline -0.01 -12"><span class='ocrx_word' id='word_1_73' title='bbox 121 767 191 818; x_wconf 87' lang='grc' dir='ltr'><strong>νός</strong></span> <span class='ocrx_word' id='word_1_74' title='bbox 218 784 264 810; x_wconf 93' lang='grc' dir='ltr'><em>τε</em></span> <span class='ocrx_word' id='word_1_75' title='bbox 293 764 366 810; x_wconf 73' lang='grc' dir='ltr'><strong>ἀπ’</strong></span> <span class='ocrx_word' id='word_1_76' title='bbox 382 769 520 823; x_wconf 81' lang='grc' dir='ltr'><em>α’ρχῆς</em></span> <span class='ocrx_word' id='word_1_77' title='bbox 539 762 673 814; x_wconf 70' lang='grc' dir='ltr'><em>ειῖθύς</em></span> <span class='ocrx_word' id='word_1_78' title='bbox 698 766 878 820; x_wconf 85' lang='grc' dir='ltr'><em>διηγεῖτο</em></span> <span class='ocrx_word' id='word_1_79' title='bbox 907 764 1060 804; x_wconf 73' lang='grc' dir='ltr'><em>ἕκαστα</em></span> <span class='ocrx_word' id='word_1_80' title='bbox 1079 792 1091 813; x_wconf 86' lang='grc'><em>,</em></span> <span class='ocrx_word' id='word_1_81' title='bbox 1125 758 1200 816; x_wconf 86' lang='grc' dir='ltr'><strong>τήν</strong></span> <span class='ocrx_word' id='word_1_82' title='bbox 1235 775 1282 802; x_wconf 86' lang='grc' dir='ltr'><em>τε</em></span> <span class='ocrx_word' id='word_1_83' title='bbox 1322 757 1457 800; x_wconf 72' lang='grc' dir='ltr'><em>αὐτοῦ</em></span> <span class='ocrx_word' id='word_1_84' title='bbox 1494 754 1568 797; x_wconf 70' lang='grc' dir='ltr'><em>καὶ</em></span> 
     </span>
     <span class='ocr_line' id='line_1_10' title="bbox 120 823 1568 889; baseline -0.01 -13"><span class='ocrx_word' id='word_1_85' title='bbox 120 835 327 887; x_wconf 86' lang='grc' dir='ltr'><em>βασιλέως</em></span> <span class='ocrx_word' id='word_1_86' title='bbox 350 834 618 889; x_wconf 78' lang='grc' dir='ltr'><em>Ἀνδρονίκου</em></span> <span class='ocrx_word' id='word_1_87' title='bbox 638 829 806 874; x_wconf 74' lang='grc' dir='ltr'><em>εὔνοιαν</em></span> <span class='ocrx_word' id='word_1_88' title='bbox 825 830 899 871; x_wconf 83' lang='grc' dir='ltr'><em>καί</em></span> <span class='ocrx_word' id='word_1_89' title='bbox 929 830 1076 886; x_wconf 87' lang='grc' dir='ltr'><em>φιλίαν</em></span> <span class='ocrx_word' id='word_1_90' title='bbox 1094 825 1198 883; x_wconf 82' lang='grc' dir='ltr'><em>πρὸς</em></span> <span class='ocrx_word' id='word_1_91' title='bbox 1214 823 1420 880; x_wconf 88' lang='grc' dir='ltr'><em>α’λλήλους</em></span> <span class='ocrx_word' id='word_1_92' title='bbox 1447 823 1568 877; x_wconf 79' lang='grc' dir='ltr'><em>α’κρι-</em></span> 
     </span>
     <span class='ocr_line' id='line_1_11' title="bbox 75 887 1566 954; baseline -0.01 -10"><span class='ocrx_word' id='word_1_93' title='bbox 75 901 207 954; x_wconf 72' lang='grc' dir='ltr'><em>Ιοβῆ,</em></span> <span class='ocrx_word' id='word_1_94' title='bbox 246 902 320 942; x_wconf 87' lang='grc' dir='ltr'>καί</span> <span class='ocrx_word' id='word_1_95' title='bbox 358 899 416 950; x_wconf 76' lang='grc' dir='ltr'><em>ὥς</em></span> <span class='ocrx_word' id='word_1_96' title='bbox 453 897 562 953; x_wconf 78' lang='grc' dir='ltr'><em>μετά</em></span> <span class='ocrx_word' id='word_1_97' title='bbox 606 896 680 953; x_wconf 80' lang='grc' dir='ltr'><strong>τὴν</strong></span> <span class='ocrx_word' id='word_1_98' title='bbox 721 894 883 938; x_wconf 78' lang='grc' dir='ltr'><em>ἐκείνου</em></span> <span class='ocrx_word' id='word_1_99' title='bbox 933 892 1125 949; x_wconf 81' lang='grc' dir='ltr'><em>τελευτήν</em></span> <span class='ocrx_word' id='word_1_100' title='bbox 1163 890 1320 946; x_wconf 73' lang='grc' dir='ltr'><em>πολλὴν</em></span> <span class='ocrx_word' id='word_1_101' title='bbox 1363 887 1566 946; x_wconf 82' lang='grc' dir='ltr'><em>πρόνοιαν</em></span> 
     </span>
     <span class='ocr_line' id='line_1_12' title="bbox 125 956 1710 1021; baseline -0.008 -15"><span class='ocrx_word' id='word_1_102' title='bbox 125 962 256 1016; x_wconf 70' lang='grc' dir='ltr'><em>αὐτὸς</em></span> <span class='ocrx_word' id='word_1_103' title='bbox 284 964 504 1021; x_wconf 81' lang='grc' dir='ltr'><em>ποιήσαιτο</em></span> <span class='ocrx_word' id='word_1_104' title='bbox 524 997 536 1018; x_wconf 87' lang='grc'><em>,</em></span> <span class='ocrx_word' id='word_1_105' title='bbox 567 964 616 1005; x_wconf 87' lang='grc' dir='ltr'><em>οὖ</em></span> <span class='ocrx_word' id='word_1_106' title='bbox 637 966 722 1005; x_wconf 73' lang='grc' dir='ltr'><strong>τῶν</strong></span> <span class='ocrx_word' id='word_1_107' title='bbox 747 962 954 1016; x_wconf 83' lang='grc' dir='ltr'><em>βασιλέως</em></span> <span class='ocrx_word' id='word_1_108' title='bbox 979 959 1108 1014; x_wconf 86' lang='grc' dir='ltr'><em>μόνον</em></span> <span class='ocrx_word' id='word_1_109' title='bbox 1134 960 1298 1001; x_wconf 89' lang='grc' dir='ltr'><em>παίδων</em></span> <span class='ocrx_word' id='word_1_110' title='bbox 1325 958 1398 998; x_wconf 84' lang='grc' dir='ltr'>καί</span> <span class='ocrx_word' id='word_1_111' title='bbox 1421 970 1570 1010; x_wconf 80' lang='grc' dir='ltr'><em>γυναι·</em></span> <span class='ocrx_word' id='word_1_112' title='bbox 1582 956 1626 991; x_wconf 83' lang='lat' dir='ltr'><strong>V·</strong></span> <span class='ocrx_word' id='word_1_113' title='bbox 1642 956 1710 991; x_wconf 83' lang='lat'><strong>508</strong></span> 
     </span>
     <span class='ocr_line' id='line_1_13' title="bbox 124 1018 1605 1086; baseline -0.008 -14"><span class='ocrx_word' id='word_1_114' title='bbox 124 1029 192 1079; x_wconf 92' lang='grc' dir='ltr'><em>κός</em></span> <span class='ocrx_word' id='word_1_115' title='bbox 222 1032 293 1086; x_wconf 77' lang='grc' dir='ltr'><em>τῆς</em></span> <span class='ocrx_word' id='word_1_116' title='bbox 319 1033 549 1084; x_wconf 78' lang='grc' dir='ltr'><em>βασιλίδος,</em></span> <span class='ocrx_word' id='word_1_117' title='bbox 577 1028 685 1073; x_wconf 79' lang='grc' dir='ltr'><em>α’λλοὶ</em></span> <span class='ocrx_word' id='word_1_118' title='bbox 707 1027 870 1083; x_wconf 73' lang='grc' dir='ltr'><em>καὶτῆς</em></span> <span class='ocrx_word' id='word_1_119' title='bbox 891 1026 1111 1080; x_wconf 87' lang='grc' dir='ltr'><em>Ῥωμαίων</em></span> <span class='ocrx_word' id='word_1_120' title='bbox 1131 1023 1364 1081; x_wconf 75' lang='grc' dir='ltr'><em>ὠφελείας,</em></span> <span class='ocrx_word' id='word_1_121' title='bbox 1393 1022 1444 1063; x_wconf 78' lang='grc' dir='ltr'><em>οὗ</em></span> <span class='ocrx_word' id='word_1_122' title='bbox 1460 1018 1605 1076; x_wconf 83' lang='grc' dir='ltr'><em>χρή-Β</em></span> 
     </span>
     <span class='ocr_line' id='line_1_14' title="bbox 121 1084 1574 1151; baseline -0.008 -13"><span class='ocrx_word' id='word_1_123' title='bbox 121 1113 235 1149; x_wconf 85' lang='grc' dir='ltr'><em>ματα</em></span> <span class='ocrx_word' id='word_1_124' title='bbox 266 1094 390 1150; x_wconf 88' lang='grc' dir='ltr'><em>μόνον</em></span> <span class='ocrx_word' id='word_1_125' title='bbox 419 1098 582 1150; x_wconf 78' lang='grc' dir='ltr'><em>ἕτοιμος</em></span> <span class='ocrx_word' id='word_1_126' title='bbox 609 1095 714 1151; x_wconf 73' lang='grc' dir='ltr'><em>ὑπὲρ</em></span> <span class='ocrx_word' id='word_1_127' title='bbox 754 1093 919 1136; x_wconf 80' lang='grc' dir='ltr'><em>ἐκείνων</em></span> <span class='ocrx_word' id='word_1_128' title='bbox 957 1093 1194 1134; x_wconf 70' lang='grc' dir='ltr'><em>ἀναλίσκειν</em></span> <span class='ocrx_word' id='word_1_129' title='bbox 1226 1085 1312 1144; x_wconf 71' lang='grc' dir='ltr'><strong>ὧν,</strong></span> <span class='ocrx_word' id='word_1_130' title='bbox 1351 1086 1460 1130; x_wconf 75' lang='grc' dir='ltr'><em>ἄλλά</em></span> <span class='ocrx_word' id='word_1_131' title='bbox 1499 1084 1574 1128; x_wconf 78' lang='grc' dir='ltr'><em>καὶ</em></span> 
     </span>
     <span class='ocr_line' id='line_1_15' title="bbox 125 1149 1571 1219; baseline -0.006 -16"><span class='ocrx_word' id='word_1_132' title='bbox 125 1160 236 1217; x_wconf 77' lang='grc' dir='ltr'><em>ζωήν</em></span> <span class='ocrx_word' id='word_1_133' title='bbox 262 1161 334 1218; x_wconf 75' lang='grc' dir='ltr'><strong>τήν</strong></span> <span class='ocrx_word' id='word_1_134' title='bbox 365 1162 504 1219; x_wconf 83' lang='grc' dir='ltr'><em>φίλην,</em></span> <span class='ocrx_word' id='word_1_135' title='bbox 532 1163 573 1204; x_wconf 82' lang='grc' dir='ltr'><em>εἰ</em></span> <span class='ocrx_word' id='word_1_136' title='bbox 596 1160 744 1216; x_wconf 77' lang='grc' dir='ltr'><em>καιρός</em></span> <span class='ocrx_word' id='word_1_137' title='bbox 770 1161 929 1214; x_wconf 79' lang='grc' dir='ltr'><em>καλοίη,</em></span> <span class='ocrx_word' id='word_1_138' title='bbox 959 1159 1087 1215; x_wconf 76' lang='grc' dir='ltr'><em>ῥᾷστα</em></span> <span class='ocrx_word' id='word_1_139' title='bbox 1115 1154 1424 1213; x_wconf 66' lang='grc' dir='ltr'><em>προησόμενοςτ</em></span> <span class='ocrx_word' id='word_1_140' title='bbox 1458 1149 1571 1201; x_wconf 76' lang='grc' dir='ltr'><em>ὅπως</em></span> 
     </span>
     <span class='ocr_line' id='line_1_16' title="bbox 77 1220 1571 1285; baseline -0.008 -13"><span class='ocrx_word' id='word_1_141' title='bbox 77 1234 170 1275; x_wconf 85' lang='grc' dir='ltr'><em>ι5τε</em></span> <span class='ocrx_word' id='word_1_142' title='bbox 198 1227 279 1269; x_wconf 74' lang='grc' dir='ltr'><strong>ὑπὸ</strong></span> <span class='ocrx_word' id='word_1_143' title='bbox 317 1229 698 1285; x_wconf 85' lang='grc' dir='ltr'><em>παρακοιμωμένου</em></span> <span class='ocrx_word' id='word_1_144' title='bbox 726 1226 1046 1280; x_wconf 82' lang='grc' dir='ltr'><em>ἐπιβουλευθείη</em></span> <span class='ocrx_word' id='word_1_145' title='bbox 1086 1225 1288 1277; x_wconf 67' lang='grc' dir='ltr'><em>οὐδεμιᾶς</em></span> <span class='ocrx_word' id='word_1_146' title='bbox 1316 1220 1456 1269; x_wconf 79' lang='grc' dir='ltr'><em>αἰτίας</em></span> <span class='ocrx_word' id='word_1_147' title='bbox 1483 1220 1571 1262; x_wconf 76' lang='grc' dir='ltr'><em>ἓνε-</em></span> 
     </span>
     <span class='ocr_line' id='line_1_17' title="bbox 126 1281 1574 1351; baseline -0.006 -16"><span class='ocrx_word' id='word_1_148' title='bbox 126 1311 207 1348; x_wconf 87' lang='grc' dir='ltr'><em>κα,</em></span> <span class='ocrx_word' id='word_1_149' title='bbox 235 1290 261 1350; x_wconf 78' lang='grc' dir='ltr'><em>ἢ</em></span> <span class='ocrx_word' id='word_1_150' title='bbox 292 1294 724 1351; x_wconf 79' lang='grc' dir='ltr'><em>φθονήσαντοςαῦτῷ</em></span> <span class='ocrx_word' id='word_1_151' title='bbox 752 1295 824 1335; x_wconf 82' lang='grc' dir='ltr'><em>καί</em></span> <span class='ocrx_word' id='word_1_152' title='bbox 853 1292 1046 1349; x_wconf 73' lang='grc' dir='ltr'><em>φθείρειν</em></span> <span class='ocrx_word' id='word_1_153' title='bbox 1073 1290 1366 1344; x_wconf 72' lang='grc' dir='ltr'><em>διανοηθέντος</em></span> <span class='ocrx_word' id='word_1_154' title='bbox 1384 1320 1396 1340; x_wconf 95' lang='grc'><em>,</em></span> <span class='ocrx_word' id='word_1_155' title='bbox 1424 1286 1476 1328; x_wconf 80' lang='grc' dir='ltr'><strong>ἵν’</strong></span> <span class='ocrx_word' id='word_1_156' title='bbox 1494 1281 1574 1327; x_wconf 78' lang='grc' dir='ltr'><em>αὖ·</em></span> 
     </span>
     <span class='ocr_line' id='line_1_18' title="bbox 127 1346 1642 1417; baseline -0.007 -16"><span class='ocrx_word' id='word_1_157' title='bbox 127 1360 201 1410; x_wconf 82' lang='grc' dir='ltr'><em>τὸς</em></span> <span class='ocrx_word' id='word_1_158' title='bbox 227 1356 338 1417; x_wconf 68' lang='grc' dir='ltr'><em>ἄρχῃ</em></span> <span class='ocrx_word' id='word_1_159' title='bbox 371 1362 453 1403; x_wconf 81' lang='grc' dir='ltr'><strong>τῶν</strong></span> <span class='ocrx_word' id='word_1_160' title='bbox 479 1356 760 1416; x_wconf 76' lang='grc' dir='ltr'><em>πραγμάτων·</em></span> <span class='ocrx_word' id='word_1_161' title='bbox 800 1360 875 1400; x_wconf 83' lang='grc' dir='ltr'><em>καί</em></span> <span class='ocrx_word' id='word_1_162' title='bbox 901 1357 959 1407; x_wconf 76' lang='grc' dir='ltr'><em>ὥς</em></span> <span class='ocrx_word' id='word_1_163' title='bbox 988 1353 1249 1413; x_wconf 86' lang='grc' dir='ltr'><em>πατριάρχην</em></span> <span class='ocrx_word' id='word_1_164' title='bbox 1275 1352 1349 1395; x_wconf 81' lang='grc' dir='ltr'><em>καί</em></span> <span class='ocrx_word' id='word_1_165' title='bbox 1375 1352 1475 1401; x_wconf 87' lang='grc' dir='ltr'><em>τοὺς</em></span> <span class='ocrx_word' id='word_1_166' title='bbox 1503 1346 1576 1392; x_wconf 72' lang='grc' dir='ltr'><strong>ἄλ·</strong></span> <span class='ocrx_word' id='word_1_167' title='bbox 1635 1397 1642 1403; x_wconf 43' lang='grc'><em>,</em></span> 
     </span>
     <span class='ocr_line' id='line_1_19' title="bbox 129 1412 1576 1480; baseline -0.006 -13"><span class='ocrx_word' id='word_1_168' title='bbox 129 1430 229 1474; x_wconf 91' lang='grc' dir='ltr'><em>λους</em></span> <span class='ocrx_word' id='word_1_169' title='bbox 265 1427 569 1480; x_wconf 80' lang='grc' dir='ltr'><em>ἑξαπατήσειε,</em></span> <span class='ocrx_word' id='word_1_170' title='bbox 612 1423 750 1480; x_wconf 81' lang='grc' dir='ltr'><em>ψεύδη</em></span> <span class='ocrx_word' id='word_1_171' title='bbox 789 1425 1055 1477; x_wconf 82' lang='grc' dir='ltr'><em>πλασάμενος</em></span> <span class='ocrx_word' id='word_1_172' title='bbox 1092 1423 1166 1464; x_wconf 79' lang='grc' dir='ltr'><strong><em>καί</em></strong></span> <span class='ocrx_word' id='word_1_173' title='bbox 1191 1420 1498 1477; x_wconf 84' lang='grc' dir='ltr'><em>συκοφαντίας,</em></span> <span class='ocrx_word' id='word_1_174' title='bbox 1546 1412 1576 1459; x_wconf 75' lang='grc' dir='ltr'><strong><em>ἃ</em></strong></span> 
     </span>
     <span class='ocr_line' id='line_1_20' title="bbox 131 1478 1570 1546; baseline -0.004 -15"><span class='ocrx_word' id='word_1_175' title='bbox 131 1491 230 1533; x_wconf 77' lang='grc' dir='ltr'><em>οὐδὲ</em></span> <span class='ocrx_word' id='word_1_176' title='bbox 261 1490 527 1546; x_wconf 72' lang='grc' dir='ltr'><em>ἐνεθυμήθη·</em></span> <span class='ocrx_word' id='word_1_177' title='bbox 556 1493 629 1532; x_wconf 84' lang='grc' dir='ltr'>καί</span> <span class='ocrx_word' id='word_1_178' title='bbox 655 1489 713 1539; x_wconf 84' lang='grc' dir='ltr'><em>ὧς</em></span> <span class='ocrx_word' id='word_1_179' title='bbox 740 1492 885 1532; x_wconf 77' lang='grc' dir='ltr'><em>ἐκεῖνοι</em></span> <span class='ocrx_word' id='word_1_180' title='bbox 912 1491 994 1531; x_wconf 78' lang='grc' dir='ltr'><strong>τῶν</strong></span> <span class='ocrx_word' id='word_1_181' title='bbox 1025 1490 1143 1530; x_wconf 84' lang='grc' dir='ltr'><em>ἰδίων</em></span> <span class='ocrx_word' id='word_1_182' title='bbox 1170 1490 1312 1538; x_wconf 76' lang='grc' dir='ltr'><em>ἕνεκα,</em></span> <span class='ocrx_word' id='word_1_183' title='bbox 1350 1482 1407 1535; x_wconf 75' lang='grc' dir='ltr'><em>ὥς</em></span> <span class='ocrx_word' id='word_1_184' title='bbox 1431 1478 1570 1541; x_wconf 81' lang='grc' dir='ltr'><em>ᾤοντο,</em></span> 
     </span>
     <span class='ocr_line' id='line_1_21' title="bbox 80 1551 1579 1612; baseline -0.008 -10"><span class='ocrx_word' id='word_1_185' title='bbox 80 1557 367 1612; x_wconf 65' lang='grc' dir='ltr'><em>αοδιαφορῶν,</em></span> <span class='ocrx_word' id='word_1_186' title='bbox 400 1560 648 1612; x_wconf 84' lang='grc' dir='ltr'><em>σαφέστατα</em></span> <span class='ocrx_word' id='word_1_187' title='bbox 674 1556 845 1607; x_wconf 82' lang='grc' dir='ltr'><em>εἰδότες,</em></span> <span class='ocrx_word' id='word_1_188' title='bbox 874 1551 935 1596; x_wconf 80' lang='grc' dir='ltr'><strong>ὅτι</strong></span> <span class='ocrx_word' id='word_1_189' title='bbox 959 1551 1188 1607; x_wconf 78' lang='grc' dir='ltr'><em>ψεύδονται</em></span> <span class='ocrx_word' id='word_1_190' title='bbox 1204 1553 1278 1595; x_wconf 84' lang='grc' dir='ltr'><em>καί</em></span> <span class='ocrx_word' id='word_1_191' title='bbox 1293 1552 1579 1607; x_wconf 85' lang='grc' dir='ltr'><em>συκοφαντοῦ-</em></span> 
     </span>
     <span class='ocr_line' id='line_1_22' title="bbox 134 1615 1578 1678; baseline -0.006 -14"><span class='ocrx_word' id='word_1_192' title='bbox 134 1639 230 1677; x_wconf 82' lang='grc' dir='ltr'><em>σιν,</em></span> <span class='ocrx_word' id='word_1_193' title='bbox 261 1621 366 1678; x_wconf 74' lang='grc' dir='ltr'><em>ὑπὲρ</em></span> <span class='ocrx_word' id='word_1_194' title='bbox 397 1624 614 1676; x_wconf 88' lang='grc' dir='ltr'><em>βασιλίδος</em></span> <span class='ocrx_word' id='word_1_195' title='bbox 643 1623 776 1676; x_wconf 75' lang='grc' dir='ltr'><em>δῆθεν</em></span> <span class='ocrx_word' id='word_1_196' title='bbox 805 1622 879 1662; x_wconf 86' lang='grc' dir='ltr'><strong><em>καί</em></strong></span> <span class='ocrx_word' id='word_1_197' title='bbox 903 1623 986 1662; x_wconf 79' lang='grc' dir='ltr'><strong>τῶν</strong></span> <span class='ocrx_word' id='word_1_198' title='bbox 1012 1621 1174 1661; x_wconf 86' lang='grc' dir='ltr'><em>παίδων</em></span> <span class='ocrx_word' id='word_1_199' title='bbox 1202 1616 1276 1660; x_wconf 86' lang='grc' dir='ltr'><strong>τὸν</strong></span> <span class='ocrx_word' id='word_1_200' title='bbox 1307 1615 1487 1669; x_wconf 88' lang='grc' dir='ltr'><em>πόλεμον</em></span> <span class='ocrx_word' id='word_1_201' title='bbox 1514 1631 1578 1656; x_wconf 90' lang='grc' dir='ltr'><strong>κι-</strong></span> 
     </span>
     <span class='ocr_line' id='line_1_23' title="bbox 133 1679 1579 1745; baseline -0.004 -17"><span class='ocrx_word' id='word_1_202' title='bbox 133 1693 244 1730; x_wconf 82' lang='grc' dir='ltr'><em>νοῖεν</em></span> <span class='ocrx_word' id='word_1_203' title='bbox 270 1687 402 1730; x_wconf 79' lang='grc' dir='ltr'><em>πολλά</em></span> <span class='ocrx_word' id='word_1_204' title='bbox 434 1686 802 1745; x_wconf 53' lang='grc' dir='ltr'><strong>εἶ’ζῖαπαιησαντες·Δ</strong></span> <span class='ocrx_word' id='word_1_205' title='bbox 824 1689 895 1729; x_wconf 85' lang='grc' dir='ltr'><em>καί</em></span> <span class='ocrx_word' id='word_1_206' title='bbox 916 1686 1011 1728; x_wconf 80' lang='grc' dir='ltr'><em>οἵαν</em></span> <span class='ocrx_word' id='word_1_207' title='bbox 1031 1682 1327 1739; x_wconf 69' lang='grc' dir='ltr'><em>ἀγνωμοσύνην</em></span> <span class='ocrx_word' id='word_1_208' title='bbox 1345 1683 1418 1724; x_wconf 89' lang='grc' dir='ltr'><strong><em>καί</em></strong></span> <span class='ocrx_word' id='word_1_209' title='bbox 1444 1679 1579 1723; x_wconf 80' lang='grc' dir='ltr'><em>ἃπαν-</em></span> 
     </span>
     <span class='ocr_line' id='line_1_24' title="bbox 135 1747 1579 1808; baseline -0.006 -13"><span class='ocrx_word' id='word_1_210' title='bbox 135 1754 332 1808; x_wconf 84' lang='grc' dir='ltr'><em>θρωπίαν</em></span> <span class='ocrx_word' id='word_1_211' title='bbox 362 1755 414 1796; x_wconf 86' lang='grc' dir='ltr'><em>ου’</em></span> <span class='ocrx_word' id='word_1_212' title='bbox 433 1754 534 1808; x_wconf 75' lang='grc' dir='ltr'><em>περὶ</em></span> <span class='ocrx_word' id='word_1_213' title='bbox 565 1752 700 1796; x_wconf 74' lang='grc' dir='ltr'><em>αὐτὸν</em></span> <span class='ocrx_word' id='word_1_214' title='bbox 730 1751 859 1806; x_wconf 91' lang='grc' dir='ltr'><em>μόνον</em></span> <span class='ocrx_word' id='word_1_215' title='bbox 889 1753 962 1795; x_wconf 86' lang='grc' dir='ltr'>καί</span> <span class='ocrx_word' id='word_1_216' title='bbox 987 1753 1151 1807; x_wconf 85' lang='grc' dir='ltr'><em>μητέρα</em></span> <span class='ocrx_word' id='word_1_217' title='bbox 1179 1750 1254 1792; x_wconf 83' lang='grc' dir='ltr'>καί</span> <span class='ocrx_word' id='word_1_218' title='bbox 1277 1747 1372 1798; x_wconf 77' lang='grc' dir='ltr'><em>τούς</em></span> <span class='ocrx_word' id='word_1_219' title='bbox 1401 1748 1579 1796; x_wconf 79' lang='grc' dir='ltr'><em>οἰκείους</em></span> 
     </span>
     <span class='ocr_line' id='line_1_25' title="bbox 135 1814 1610 1877; baseline -0.005 -16"><span class='ocrx_word' id='word_1_220' title='bbox 135 1821 408 1871; x_wconf 77' lang='grc' dir='ltr'><em>ἐπιδείξαιντο</em></span> <span class='ocrx_word' id='word_1_221' title='bbox 422 1855 436 1875; x_wconf 88' lang='grc'><em>,</em></span> <span class='ocrx_word' id='word_1_222' title='bbox 478 1817 653 1877; x_wconf 67' lang='grc' dir='ltr'><em>ὕβρεσιν</em></span> <span class='ocrx_word' id='word_1_223' title='bbox 691 1817 863 1869; x_wconf 76' lang='grc' dir='ltr'><em>ἀτόποις</em></span> <span class='ocrx_word' id='word_1_224' title='bbox 912 1817 985 1861; x_wconf 78' lang='grc' dir='ltr'><em>καὶ</em></span> <span class='ocrx_word' id='word_1_225' title='bbox 1033 1820 1214 1875; x_wconf 76' lang='grc' dir='ltr'><em>φαύλοις</em></span> <span class='ocrx_word' id='word_1_226' title='bbox 1265 1814 1610 1872; x_wconf 76' lang='grc' dir='ltr'><em>προσηκούσαιςο</em></span> 
     </span>
    </p>
   </div>
   <div class='ocr_carea' id='block_1_3' title="bbox 229 1912 1087 1962">
    <p class='ocr_par' dir='ltr' id='par_1_3' title="bbox 229 1912 1087 1962">
     <span class='ocr_line' id='line_1_26' title="bbox 229 1912 1087 1962; baseline -0.003 -14"><span class='ocrx_word' id='word_1_227' title='bbox 229 1929 259 1962; x_wconf 88' lang='lat'><strong>7.</strong></span> <span class='ocrx_word' id='word_1_228' title='bbox 288 1915 563 1962; x_wconf 81' lang='grc' dir='ltr'><em>γεγενημένους</em></span> <span class='ocrx_word' id='word_1_229' title='bbox 586 1917 623 1950; x_wconf 88' lang='grc' dir='ltr'><strong>Ρ.</strong></span> <span class='ocrx_word' id='word_1_230' title='bbox 718 1918 774 1960; x_wconf 62' lang='grc'><strong>94,</strong></span> <span class='ocrx_word' id='word_1_231' title='bbox 790 1912 1028 1960; x_wconf 78' lang='grc' dir='ltr'><em>προσήκουσι</em></span> <span class='ocrx_word' id='word_1_232' title='bbox 1053 1912 1087 1945; x_wconf 91' lang='grc' dir='ltr'><strong>Ρ.</strong></span> 
     </span>
    </p>
   </div>
   <div class='ocr_carea' id='block_1_4' title="bbox 135 2013 1579 2857">
    <p class='ocr_par' dir='ltr' id='par_1_4' title="bbox 135 2013 1579 2857">
     <span class='ocr_line' id='line_1_27' title="bbox 139 2013 1576 2062; baseline -0.002 -12"><span class='ocrx_word' id='word_1_233' title='bbox 139 2017 299 2050; x_wconf 86' lang='lat' dir='ltr'><strong>iudicum</strong></span> <span class='ocrx_word' id='word_1_234' title='bbox 337 2027 487 2050; x_wconf 88' lang='lat' dir='ltr'><strong>munere</strong></span> <span class='ocrx_word' id='word_1_235' title='bbox 522 2017 625 2060; x_wconf 81' lang='lat' dir='ltr'><strong>fungi</strong></span> <span class='ocrx_word' id='word_1_236' title='bbox 657 2018 819 2062; x_wconf 81' lang='lat' dir='ltr'><strong>possint:</strong></span> <span class='ocrx_word' id='word_1_237' title='bbox 856 2015 920 2050; x_wconf 79' lang='lat' dir='ltr'><strong>sed</strong></span> <span class='ocrx_word' id='word_1_238' title='bbox 960 2014 1008 2049; x_wconf 93' lang='lat' dir='ltr'><strong>ob</strong></span> <span class='ocrx_word' id='word_1_239' title='bbox 1036 2013 1075 2047; x_wconf 87' lang='lat' dir='ltr'><strong>id</strong></span> <span class='ocrx_word' id='word_1_240' title='bbox 1108 2016 1226 2060; x_wconf 85' lang='lat' dir='ltr'><strong>ipsum</strong></span> <span class='ocrx_word' id='word_1_241' title='bbox 1252 2013 1440 2054; x_wconf 81' lang='lat' dir='ltr'><strong>venerint,</strong></span> <span class='ocrx_word' id='word_1_242' title='bbox 1465 2018 1508 2047; x_wconf 88' lang='lat' dir='ltr'><strong>ut</strong></span> <span class='ocrx_word' id='word_1_243' title='bbox 1531 2023 1576 2047; x_wconf 82' lang='lat' dir='ltr'><strong>ex</strong></span> 
     </span>
     <span class='ocr_line' id='line_1_28' title="bbox 138 2059 1576 2107; baseline -0.003 -12"><span class='ocrx_word' id='word_1_244' title='bbox 138 2065 216 2097; x_wconf 88' lang='lat' dir='ltr'><strong>eius</strong></span> <span class='ocrx_word' id='word_1_245' title='bbox 251 2075 313 2097; x_wconf 86' lang='lat' dir='ltr'><strong>ore</strong></span> <span class='ocrx_word' id='word_1_246' title='bbox 345 2065 536 2098; x_wconf 85' lang='lat' dir='ltr'><strong>veritatem</strong></span> <span class='ocrx_word' id='word_1_247' title='bbox 573 2063 617 2096; x_wconf 89' lang='lat' dir='ltr'><strong>de</strong></span> <span class='ocrx_word' id='word_1_248' title='bbox 650 2064 719 2097; x_wconf 88' lang='lat' dir='ltr'><strong>hoc</strong></span> <span class='ocrx_word' id='word_1_249' title='bbox 751 2063 849 2096; x_wconf 88' lang='lat' dir='ltr'><strong>bello</strong></span> <span class='ocrx_word' id='word_1_250' title='bbox 882 2063 1133 2107; x_wconf 80' lang='lat' dir='ltr'>perciperent,</span> <span class='ocrx_word' id='word_1_251' title='bbox 1169 2060 1411 2094; x_wconf 73' lang='lat' dir='ltr'><strong>libentissime</strong></span> <span class='ocrx_word' id='word_1_252' title='bbox 1454 2059 1576 2093; x_wconf 82' lang='lat' dir='ltr'><strong>omnia</strong></span> 
     </span>
     <span class='ocr_line' id='line_1_29' title="bbox 139 2106 1578 2155; baseline -0.002 -12"><span class='ocrx_word' id='word_1_253' title='bbox 139 2111 403 2155; x_wconf 81' lang='lat' dir='ltr'><strong>explicaturum</strong></span> <span class='ocrx_word' id='word_1_254' title='bbox 439 2117 477 2145; x_wconf 89' lang='lat' dir='ltr'><strong>et</strong></span> <span class='ocrx_word' id='word_1_255' title='bbox 517 2111 734 2155; x_wconf 75' lang='lat' dir='ltr'><strong>petitionem</strong></span> <span class='ocrx_word' id='word_1_256' title='bbox 769 2110 862 2144; x_wconf 86' lang='lat' dir='ltr'><strong>hanc</strong></span> <span class='ocrx_word' id='word_1_257' title='bbox 898 2110 935 2142; x_wconf 92' lang='lat' dir='ltr'><strong>in</strong></span> <span class='ocrx_word' id='word_1_258' title='bbox 965 2108 1136 2142; x_wconf 78' lang='lat' dir='ltr'><strong>memoria</strong></span> <span class='ocrx_word' id='word_1_259' title='bbox 1169 2107 1389 2140; x_wconf 87' lang='lat' dir='ltr'><strong>habiturum.</strong></span> <span class='ocrx_word' id='word_1_260' title='bbox 1439 2106 1578 2140; x_wconf 81' lang='lat' dir='ltr'>Orabat</span> 
     </span>
     <span class='ocr_line' id='line_1_30' title="bbox 139 2154 1578 2202; baseline -0.003 -11"><span class='ocrx_word' id='word_1_261' title='bbox 139 2158 277 2197; x_wconf 77' lang='lat' dir='ltr'><strong>simul,</strong></span> <span class='ocrx_word' id='word_1_262' title='bbox 317 2169 364 2191; x_wconf 88' lang='lat' dir='ltr'><strong>ne</strong></span> <span class='ocrx_word' id='word_1_263' title='bbox 399 2170 437 2192; x_wconf 90' lang='lat' dir='ltr'><strong>se</strong></span> <span class='ocrx_word' id='word_1_264' title='bbox 473 2157 740 2202; x_wconf 83' lang='lat' dir='ltr'>reprehendere</span> <span class='ocrx_word' id='word_1_265' title='bbox 775 2162 1008 2195; x_wconf 83' lang='lat' dir='ltr'><strong>vererentur,</strong></span> <span class='ocrx_word' id='word_1_266' title='bbox 1042 2156 1071 2188; x_wconf 90' lang='lat' dir='ltr'><strong>si</strong></span> <span class='ocrx_word' id='word_1_267' title='bbox 1109 2165 1147 2188; x_wconf 91' lang='lat' dir='ltr'><strong>se</strong></span> <span class='ocrx_word' id='word_1_268' title='bbox 1184 2160 1247 2187; x_wconf 84' lang='lat' dir='ltr'><strong>aut</strong></span> <span class='ocrx_word' id='word_1_269' title='bbox 1283 2154 1481 2198; x_wconf 86' lang='lat' dir='ltr'><strong>peierasse,</strong></span> <span class='ocrx_word' id='word_1_270' title='bbox 1513 2157 1578 2186; x_wconf 85' lang='lat' dir='ltr'><strong>aut</strong></span> 
     </span>
     <span class='ocr_line' id='line_1_31' title="bbox 137 2201 1577 2248; baseline -0.004 -10"><span class='ocrx_word' id='word_1_271' title='bbox 137 2205 313 2238; x_wconf 82' lang='lat' dir='ltr'><strong>iniurium</strong></span> <span class='ocrx_word' id='word_1_272' title='bbox 346 2204 480 2245; x_wconf 80' lang='lat' dir='ltr'><strong>fuisse,</strong></span> <span class='ocrx_word' id='word_1_273' title='bbox 516 2210 580 2238; x_wconf 87' lang='lat' dir='ltr'><strong>aut</strong></span> <span class='ocrx_word' id='word_1_274' title='bbox 616 2205 844 2248; x_wconf 84' lang='lat' dir='ltr'><strong>imperatoris</strong></span> <span class='ocrx_word' id='word_1_275' title='bbox 875 2203 980 2236; x_wconf 83' lang='lat' dir='ltr'><strong>amici</strong></span> <span class='ocrx_word' id='word_1_276' title='bbox 1018 2203 1103 2235; x_wconf 86' lang='lat' dir='ltr'><strong>filiis</strong></span> <span class='ocrx_word' id='word_1_277' title='bbox 1140 2201 1291 2234; x_wconf 88' lang='lat' dir='ltr'><strong>insidias</strong></span> <span class='ocrx_word' id='word_1_278' title='bbox 1320 2201 1577 2245; x_wconf 81' lang='lat' dir='ltr'><strong>composuisse,</strong></span> 
     </span>
     <span class='ocr_line' id='line_1_32' title="bbox 139 2247 1578 2294; baseline -0.001 -12"><span class='ocrx_word' id='word_1_279' title='bbox 139 2255 203 2283; x_wconf 81' lang='lat' dir='ltr'><strong>aut</strong></span> <span class='ocrx_word' id='word_1_280' title='bbox 226 2252 322 2284; x_wconf 88' lang='lat' dir='ltr'><strong>bello</strong></span> <span class='ocrx_word' id='word_1_281' title='bbox 357 2257 536 2286; x_wconf 84' lang='lat' dir='ltr'><strong>commoto</strong></span> <span class='ocrx_word' id='word_1_282' title='bbox 563 2253 786 2285; x_wconf 84' lang='lat' dir='ltr'><strong>calamitates</strong></span> <span class='ocrx_word' id='word_1_283' title='bbox 818 2249 1094 2294; x_wconf 80' lang='lat' dir='ltr'><strong>inexplicabiles</strong></span> <span class='ocrx_word' id='word_1_284' title='bbox 1120 2250 1298 2282; x_wconf 84' lang='lat' dir='ltr'><strong>invexisse</strong></span> <span class='ocrx_word' id='word_1_285' title='bbox 1327 2247 1578 2292; x_wconf 86' lang='lat' dir='ltr'><strong>deprehende-</strong></span> 
     </span>
     <span class='ocr_line' id='line_1_33' title="bbox 138 2295 1576 2342; baseline -0.001 -12"><span class='ocrx_word' id='word_1_286' title='bbox 138 2303 230 2331; x_wconf 84' lang='lat' dir='ltr'><strong>rent.</strong></span> <span class='ocrx_word' id='word_1_287' title='bbox 288 2299 444 2332; x_wconf 85' lang='lat' dir='ltr'><strong>Exorsus</strong></span> <span class='ocrx_word' id='word_1_288' title='bbox 478 2298 590 2342; x_wconf 86' lang='lat' dir='ltr'><strong>igitur</strong></span> <span class='ocrx_word' id='word_1_289' title='bbox 626 2309 646 2330; x_wconf 88' lang='lat' dir='ltr'><strong>a</strong></span> <span class='ocrx_word' id='word_1_290' title='bbox 674 2299 882 2342; x_wconf 88' lang='lat' dir='ltr'><strong>principio,</strong></span> <span class='ocrx_word' id='word_1_291' title='bbox 918 2296 1046 2329; x_wconf 87' lang='lat' dir='ltr'><strong>ordine</strong></span> <span class='ocrx_word' id='word_1_292' title='bbox 1070 2295 1210 2340; x_wconf 85' lang='lat' dir='ltr'><strong>singula</strong></span> <span class='ocrx_word' id='word_1_293' title='bbox 1236 2295 1440 2333; x_wconf 83' lang='lat' dir='ltr'><strong>recensuit,</strong></span> <span class='ocrx_word' id='word_1_294' title='bbox 1467 2305 1576 2339; x_wconf 85' lang='lat' dir='ltr'><strong>quam</strong></span> 
     </span>
     <span class='ocr_line' id='line_1_34' title="bbox 135 2341 1576 2390; baseline -0.001 -13"><span class='ocrx_word' id='word_1_295' title='bbox 135 2345 300 2390; x_wconf 84' lang='lat' dir='ltr'><strong>perfecte</strong></span> <span class='ocrx_word' id='word_1_296' title='bbox 332 2347 411 2390; x_wconf 89' lang='lat' dir='ltr'><strong>ipse</strong></span> <span class='ocrx_word' id='word_1_297' title='bbox 449 2350 486 2378; x_wconf 91' lang='lat' dir='ltr'><strong>et</strong></span> <span class='ocrx_word' id='word_1_298' title='bbox 519 2343 748 2378; x_wconf 83' lang='lat' dir='ltr'><strong>Andronicus</strong></span> <span class='ocrx_word' id='word_1_299' title='bbox 783 2345 880 2378; x_wconf 89' lang='lat' dir='ltr'><strong>inter</strong></span> <span class='ocrx_word' id='word_1_300' title='bbox 909 2353 946 2376; x_wconf 89' lang='lat' dir='ltr'><strong>se</strong></span> <span class='ocrx_word' id='word_1_301' title='bbox 982 2343 1217 2376; x_wconf 84' lang='lat' dir='ltr'><strong>dilexissent:</strong></span> <span class='ocrx_word' id='word_1_302' title='bbox 1254 2347 1292 2375; x_wconf 89' lang='lat' dir='ltr'><strong>et</strong></span> <span class='ocrx_word' id='word_1_303' title='bbox 1325 2341 1506 2387; x_wconf 88' lang='lat' dir='ltr'><strong>quomodo</strong></span> <span class='ocrx_word' id='word_1_304' title='bbox 1533 2353 1576 2375; x_wconf 91' lang='lat' dir='ltr'><strong>eo</strong></span> 
     </span>
     <span class='ocr_line' id='line_1_35' title="bbox 136 2387 1576 2433; baseline -0.003 -9"><span class='ocrx_word' id='word_1_305' title='bbox 136 2397 281 2424; x_wconf 82' lang='lat' dir='ltr'><strong>mortuo</strong></span> <span class='ocrx_word' id='word_1_306' title='bbox 306 2403 381 2424; x_wconf 88' lang='lat' dir='ltr'><strong>non</strong></span> <span class='ocrx_word' id='word_1_307' title='bbox 414 2391 523 2425; x_wconf 88' lang='lat' dir='ltr'><strong>liberi</strong></span> <span class='ocrx_word' id='word_1_308' title='bbox 549 2392 665 2425; x_wconf 89' lang='lat' dir='ltr'><strong>solum</strong></span> <span class='ocrx_word' id='word_1_309' title='bbox 693 2397 730 2425; x_wconf 91' lang='lat' dir='ltr'><strong>et</strong></span> <span class='ocrx_word' id='word_1_310' title='bbox 755 2392 887 2425; x_wconf 90' lang='lat' dir='ltr'><strong>coniux</strong></span> <span class='ocrx_word' id='word_1_311' title='bbox 914 2396 950 2423; x_wconf 92' lang='lat' dir='ltr'><strong>et</strong></span> <span class='ocrx_word' id='word_1_312' title='bbox 972 2401 1027 2423; x_wconf 88' lang='lat' dir='ltr'><strong>res</strong></span> <span class='ocrx_word' id='word_1_313' title='bbox 1052 2388 1199 2433; x_wconf 88' lang='lat' dir='ltr'><strong>publica</strong></span> <span class='ocrx_word' id='word_1_314' title='bbox 1226 2394 1347 2422; x_wconf 84' lang='lat' dir='ltr'><strong>tantae</strong></span> <span class='ocrx_word' id='word_1_315' title='bbox 1373 2387 1444 2422; x_wconf 89' lang='lat' dir='ltr'><strong>sibi</strong></span> <span class='ocrx_word' id='word_1_316' title='bbox 1468 2400 1576 2422; x_wconf 85' lang='lat' dir='ltr'><strong>curae</strong></span> 
     </span>
     <span class='ocr_line' id='line_1_36' title="bbox 138 2435 1577 2481; baseline -0.001 -10"><span class='ocrx_word' id='word_1_317' title='bbox 138 2439 304 2478; x_wconf 83' lang='lat' dir='ltr'><strong>fuerint,</strong></span> <span class='ocrx_word' id='word_1_318' title='bbox 338 2444 379 2471; x_wconf 87' lang='lat' dir='ltr'><strong>ut</strong></span> <span class='ocrx_word' id='word_1_319' title='bbox 413 2449 536 2472; x_wconf 85' lang='lat' dir='ltr'><strong>eorum</strong></span> <span class='ocrx_word' id='word_1_320' title='bbox 577 2449 682 2471; x_wconf 84' lang='lat' dir='ltr'><strong>causa</strong></span> <span class='ocrx_word' id='word_1_321' title='bbox 707 2450 781 2472; x_wconf 91' lang='lat' dir='ltr'><strong>non</strong></span> <span class='ocrx_word' id='word_1_322' title='bbox 807 2437 913 2471; x_wconf 91' lang='lat' dir='ltr'><strong>modo</strong></span> <span class='ocrx_word' id='word_1_323' title='bbox 946 2437 1135 2481; x_wconf 80' lang='lat' dir='ltr'><strong>pecuniam</strong></span> <span class='ocrx_word' id='word_1_324' title='bbox 1154 2460 1162 2474; x_wconf 88' lang='lat'>‚</span> <span class='ocrx_word' id='word_1_325' title='bbox 1187 2435 1272 2475; x_wconf 86' lang='lat' dir='ltr'><strong>sed,</strong></span> <span class='ocrx_word' id='word_1_326' title='bbox 1298 2436 1328 2469; x_wconf 89' lang='lat' dir='ltr'><strong>si</strong></span> <span class='ocrx_word' id='word_1_327' title='bbox 1353 2447 1442 2480; x_wconf 90' lang='lat' dir='ltr'><strong>opus</strong></span> <span class='ocrx_word' id='word_1_328' title='bbox 1470 2436 1577 2476; x_wconf 79' lang='lat' dir='ltr'><strong>foret,</strong></span> 
     </span>
     <span class='ocr_line' id='line_1_37' title="bbox 138 2482 1577 2530; baseline -0.002 -12"><span class='ocrx_word' id='word_1_329' title='bbox 138 2486 251 2518; x_wconf 90' lang='lat' dir='ltr'><strong>vitam</strong></span> <span class='ocrx_word' id='word_1_330' title='bbox 278 2496 424 2530; x_wconf 87' lang='lat' dir='ltr'><strong>quoque</strong></span> <span class='ocrx_word' id='word_1_331' title='bbox 447 2484 656 2529; x_wconf 86' lang='lat' dir='ltr'><strong>impendere</strong></span> <span class='ocrx_word' id='word_1_332' title='bbox 681 2490 827 2530; x_wconf 86' lang='lat' dir='ltr'><strong>paratus</strong></span> <span class='ocrx_word' id='word_1_333' title='bbox 852 2489 967 2518; x_wconf 88' lang='lat' dir='ltr'><strong>esset:</strong></span> <span class='ocrx_word' id='word_1_334' title='bbox 994 2482 1176 2530; x_wconf 85' lang='lat' dir='ltr'><strong>quomodo</strong></span> <span class='ocrx_word' id='word_1_335' title='bbox 1203 2484 1289 2516; x_wconf 83' lang='lat' dir='ltr'><strong>item</strong></span> <span class='ocrx_word' id='word_1_336' title='bbox 1316 2483 1488 2527; x_wconf 79' lang='lat' dir='ltr'><strong>praefecti</strong></span> <span class='ocrx_word' id='word_1_337' title='bbox 1513 2495 1577 2515; x_wconf 88' lang='lat' dir='ltr'><strong>cu-</strong></span> 
     </span>
     <span class='ocr_line' id='line_1_38' title="bbox 140 2529 1578 2577; baseline -0.003 -11"><span class='ocrx_word' id='word_1_338' title='bbox 140 2532 255 2566; x_wconf 86' lang='lat' dir='ltr'><strong>biculi</strong></span> <span class='ocrx_word' id='word_1_339' title='bbox 289 2531 440 2565; x_wconf 81' lang='lat' dir='ltr'><strong>insidias</strong></span> <span class='ocrx_word' id='word_1_340' title='bbox 475 2532 656 2565; x_wconf 88' lang='lat' dir='ltr'><strong>immerito</strong></span> <span class='ocrx_word' id='word_1_341' title='bbox 687 2542 879 2577; x_wconf 83' lang='lat' dir='ltr'><strong>perpessus</strong></span> <span class='ocrx_word' id='word_1_342' title='bbox 911 2532 982 2570; x_wconf 88' lang='lat' dir='ltr'><strong>sit,</strong></span> <span class='ocrx_word' id='word_1_343' title='bbox 1021 2530 1086 2575; x_wconf 89' lang='lat' dir='ltr'><strong>qui</strong></span> <span class='ocrx_word' id='word_1_344' title='bbox 1122 2540 1165 2562; x_wconf 91' lang='lat' dir='ltr'><strong>ex</strong></span> <span class='ocrx_word' id='word_1_345' title='bbox 1192 2529 1329 2562; x_wconf 87' lang='lat' dir='ltr'><strong>invidia</strong></span> <span class='ocrx_word' id='word_1_346' title='bbox 1355 2539 1478 2563; x_wconf 87' lang='lat' dir='ltr'><strong>necem</strong></span> <span class='ocrx_word' id='word_1_347' title='bbox 1505 2529 1578 2563; x_wconf 90' lang='lat' dir='ltr'><strong>sibi</strong></span> 
     </span>
     <span class='ocr_line' id='line_1_39' title="bbox 140 2576 1578 2624; baseline -0.001 -14"><span class='ocrx_word' id='word_1_348' title='bbox 140 2589 271 2624; x_wconf 82' lang='lat' dir='ltr'><strong>parare</strong></span> <span class='ocrx_word' id='word_1_349' title='bbox 296 2579 518 2624; x_wconf 85' lang='lat' dir='ltr'><strong>quaesierit,</strong></span> <span class='ocrx_word' id='word_1_350' title='bbox 543 2583 583 2612; x_wconf 86' lang='lat' dir='ltr'><strong>ut</strong></span> <span class='ocrx_word' id='word_1_351' title='bbox 607 2579 686 2624; x_wconf 88' lang='lat' dir='ltr'><strong>ipse</strong></span> <span class='ocrx_word' id='word_1_352' title='bbox 713 2589 831 2611; x_wconf 89' lang='lat' dir='ltr'><strong>rerum</strong></span> <span class='ocrx_word' id='word_1_353' title='bbox 864 2578 1105 2622; x_wconf 88' lang='lat' dir='ltr'><strong>principatum</strong></span> <span class='ocrx_word' id='word_1_354' title='bbox 1132 2576 1338 2610; x_wconf 85' lang='lat' dir='ltr'><strong>obtineret:</strong></span> <span class='ocrx_word' id='word_1_355' title='bbox 1371 2586 1443 2621; x_wconf 92' lang='lat' dir='ltr'><strong>quo</strong></span> <span class='ocrx_word' id='word_1_356' title='bbox 1468 2579 1578 2610; x_wconf 77' lang='lat' dir='ltr'><strong>etiam</strong></span> 
     </span>
     <span class='ocr_line' id='line_1_40' title="bbox 141 2622 1579 2670; baseline -0.001 -12"><span class='ocrx_word' id='word_1_357' title='bbox 141 2631 249 2670; x_wconf 78' lang='lat' dir='ltr'><strong>pacto</strong></span> <span class='ocrx_word' id='word_1_358' title='bbox 288 2626 500 2658; x_wconf 86' lang='lat' dir='ltr'><strong>commentis</strong></span> <span class='ocrx_word' id='word_1_359' title='bbox 530 2636 571 2657; x_wconf 87' lang='lat' dir='ltr'><strong>ac</strong></span> <span class='ocrx_word' id='word_1_360' title='bbox 594 2624 839 2668; x_wconf 84' lang='lat' dir='ltr'><strong>sycophantiis</strong></span> <span class='ocrx_word' id='word_1_361' title='bbox 864 2625 960 2664; x_wconf 87' lang='lat' dir='ltr'><strong>suis,</strong></span> <span class='ocrx_word' id='word_1_362' title='bbox 997 2622 1218 2667; x_wconf 87' lang='lat' dir='ltr'><strong>imponendo</strong></span> <span class='ocrx_word' id='word_1_363' title='bbox 1246 2622 1339 2663; x_wconf 89' lang='lat' dir='ltr'><strong>sibi,</strong></span> <span class='ocrx_word' id='word_1_364' title='bbox 1362 2622 1461 2668; x_wconf 89' lang='lat' dir='ltr'><strong>quod</strong></span> <span class='ocrx_word' id='word_1_365' title='bbox 1483 2636 1579 2657; x_wconf 89' lang='lat' dir='ltr'><strong>nun-</strong></span> 
     </span>
     <span class='ocr_line' id='line_1_41' title="bbox 143 2669 1578 2717; baseline -0.001 -14"><span class='ocrx_word' id='word_1_366' title='bbox 143 2682 252 2717; x_wconf 83' lang='lat' dir='ltr'><strong>quam</strong></span> <span class='ocrx_word' id='word_1_367' title='bbox 285 2672 480 2716; x_wconf 86' lang='lat' dir='ltr'><strong>eogitarat‚</strong></span> <span class='ocrx_word' id='word_1_368' title='bbox 515 2671 755 2715; x_wconf 85' lang='lat' dir='ltr'><strong>patriarcham</strong></span> <span class='ocrx_word' id='word_1_369' title='bbox 794 2672 958 2716; x_wconf 87' lang='lat' dir='ltr'><strong>aliosque</strong></span> <span class='ocrx_word' id='word_1_370' title='bbox 992 2669 1200 2714; x_wconf 87' lang='lat' dir='ltr'><strong>deceperit:</strong></span> <span class='ocrx_word' id='word_1_371' title='bbox 1242 2681 1312 2714; x_wconf 83' lang='lat' dir='ltr'><strong>qua</strong></span> <span class='ocrx_word' id='word_1_372' title='bbox 1338 2671 1481 2703; x_wconf 87' lang='lat' dir='ltr'><strong>ratione</strong></span> <span class='ocrx_word' id='word_1_373' title='bbox 1509 2670 1578 2709; x_wconf 87' lang='lat' dir='ltr'><strong>illi,</strong></span> 
     </span>
     <span class='ocr_line' id='line_1_42' title="bbox 143 2716 1578 2763; baseline -0.001 -13"><span class='ocrx_word' id='word_1_374' title='bbox 143 2719 306 2763; x_wconf 88' lang='lat' dir='ltr'><strong>quamvis</strong></span> <span class='ocrx_word' id='word_1_375' title='bbox 332 2730 371 2752; x_wconf 91' lang='lat' dir='ltr'><strong>se</strong></span> <span class='ocrx_word' id='word_1_376' title='bbox 396 2719 540 2751; x_wconf 84' lang='lat' dir='ltr'><strong>mentiri</strong></span> <span class='ocrx_word' id='word_1_377' title='bbox 567 2725 604 2752; x_wconf 86' lang='lat' dir='ltr'><strong>et</strong></span> <span class='ocrx_word' id='word_1_378' title='bbox 629 2718 840 2751; x_wconf 85' lang='lat' dir='ltr'><strong>calumniari</strong></span> <span class='ocrx_word' id='word_1_379' title='bbox 867 2718 1001 2750; x_wconf 84' lang='lat' dir='ltr'><strong>scirent</strong></span> <span class='ocrx_word' id='word_1_380' title='bbox 1027 2717 1343 2757; x_wconf 80' lang='lat' dir='ltr'><strong>manifestissime,</strong></span> <span class='ocrx_word' id='word_1_381' title='bbox 1378 2716 1489 2749; x_wconf 85' lang='lat' dir='ltr'><strong>verbo</strong></span> <span class='ocrx_word' id='word_1_382' title='bbox 1516 2728 1578 2761; x_wconf 82' lang='lat' dir='ltr'><strong>pro</strong></span> 
     </span>
     <span class='ocr_line' id='line_1_43' title="bbox 144 2762 1579 2810; baseline -0.001 -14"><span class='ocrx_word' id='word_1_383' title='bbox 144 2765 369 2810; x_wconf 83' lang='lat' dir='ltr'><strong>imperatrice</strong></span> <span class='ocrx_word' id='word_1_384' title='bbox 404 2770 440 2798; x_wconf 87' lang='lat' dir='ltr'><strong>et</strong></span> <span class='ocrx_word' id='word_1_385' title='bbox 479 2765 564 2798; x_wconf 82' lang='lat' dir='ltr'><strong>filiis</strong></span> <span class='ocrx_word' id='word_1_386' title='bbox 592 2765 695 2809; x_wconf 78' lang='lat' dir='ltr'><strong>eius,</strong></span> <span class='ocrx_word' id='word_1_387' title='bbox 723 2777 760 2798; x_wconf 90' lang='lat' dir='ltr'><strong>re</strong></span> <span class='ocrx_word' id='word_1_388' title='bbox 787 2765 863 2806; x_wconf 84' lang='lat' dir='ltr'><strong>ipsa</strong></span> <span class='ocrx_word' id='word_1_389' title='bbox 889 2775 952 2808; x_wconf 87' lang='lat' dir='ltr'><strong>pro</strong></span> <span class='ocrx_word' id='word_1_390' title='bbox 978 2762 1174 2796; x_wconf 85' lang='lat' dir='ltr'><strong>commodis</strong></span> <span class='ocrx_word' id='word_1_391' title='bbox 1202 2765 1275 2796; x_wconf 81' lang='lat' dir='ltr'><strong>suis</strong></span> <span class='ocrx_word' id='word_1_392' title='bbox 1307 2764 1364 2806; x_wconf 87' lang='lat' dir='ltr'><strong>(ut</strong></span> <span class='ocrx_word' id='word_1_393' title='bbox 1388 2763 1579 2808; x_wconf 81' lang='lat' dir='ltr'><strong>putabant)</strong></span> 
     </span>
     <span class='ocr_line' id='line_1_44' title="bbox 144 2809 1579 2857; baseline -0.002 -12"><span class='ocrx_word' id='word_1_394' title='bbox 144 2813 258 2849; x_wconf 83' lang='lat' dir='ltr'><strong>multa</strong></span> <span class='ocrx_word' id='word_1_395' title='bbox 293 2823 373 2845; x_wconf 88' lang='lat' dir='ltr'><strong>cum</strong></span> <span class='ocrx_word' id='word_1_396' title='bbox 407 2812 549 2846; x_wconf 72' lang='lat' dir='ltr'><strong>fallacia</strong></span> <span class='ocrx_word' id='word_1_397' title='bbox 587 2811 724 2848; x_wconf 87' lang='lat' dir='ltr'><strong>bellum</strong></span> <span class='ocrx_word' id='word_1_398' title='bbox 751 2812 986 2846; x_wconf 78' lang='lat' dir='ltr'><strong>conciturint:</strong></span> <span class='ocrx_word' id='word_1_399' title='bbox 1019 2821 1199 2857; x_wconf 85' lang='lat' dir='ltr'><strong>quamque</strong></span> <span class='ocrx_word' id='word_1_400' title='bbox 1224 2810 1377 2855; x_wconf 82' lang='lat' dir='ltr'><strong>improbi</strong></span> <span class='ocrx_word' id='word_1_401' title='bbox 1408 2816 1444 2844; x_wconf 89' lang='lat' dir='ltr'><strong>et</strong></span> <span class='ocrx_word' id='word_1_402' title='bbox 1469 2809 1579 2843; x_wconf 86' lang='lat' dir='ltr'><strong>inhu-</strong></span> 
     </span>
    </p>
   </div>
  </div>
 </body>
</html>
