1800 3138
241 161 351 227 246
767 179 1132 222 CANTACUZENI

42 291 112 326 ΑΒ
140 289 224 335 1342
238 280 434 333 λύσομεν,
480 282 519 322 εἷ
551 278 611 334 μὴ
646 277 806 328 ἑκόντες
844 274 956 328 ὄντες
984 280 1174 334 αἱρεῖσθε
1201 277 1273 332 τὴν
1299 279 1391 329 μεθ’
1421 276 1539 332 ἡμῶν
1566 277 1664 318 δια-.

234 344 382 400 τριβὴν
403 378 414 398 ,
457 343 563 386 ἀλλὰ
595 344 668 386 καί
704 343 807 400 πρὸς
846 342 1027 392 α’πόντας
1064 343 1134 397 τὴν
1162 341 1255 397 ἴσην
1281 341 1353 383 καί
1377 340 1522 394 ὁμοίαν
1547 338 1659 392 ὑμᾶς

237 407 534 464 διατηρήσομεν
563 409 718 465 φιλίαν.
774 409 861 464 6ρῶ
886 409 981 463 γὰρ,
1011 406 1066 457 ὥς
1096 408 1146 448 οὕ
1175 405 1244 448 διοὶ
1272 406 1430 457 κακίαν,
1462 407 1548 447 ἄλλ’
1575 403 1656 445 ὖπὸ

235 477 308 528 τῆς
347 478 429 516 τῶν
467 475 625 515 οἰκείων
661 477 982 526 μαλακισθέντες
1023 471 1210 526 μνήμης,
1249 469 1320 522 καί
1358 468 1386 512 οἳ
1423 468 1480 524 μὴ
1522 467 1660 511 οἴεσθε

238 543 468 581 λυσιτελεῖν
486 572 497 591 ,
533 541 728 593 πράττειν
756 537 1077 592 οἷναγκάζεσθε.”
1130 538 1303 578 τοιαῦτα
1337 534 1516 583 εἰπόντος
1541 536 1688 588 βασι-5

238 607 356 658 λε’ως,
379 603 451 645 καί
475 605 597 644 αύτοί
621 602 749 644 πολλοὶ
778 600 939 652 ἑαυτοῖς
966 601 1339 655 καταμεμψάμενοι
1367 601 1577 655 φανερῶς,
1606 598 1661 648 ὥς

239 666 311 709 διὰ
347 670 431 709 τῶν
471 668 631 710 οἰκείων
668 667 741 722 την
782 667 1047 720 συμπάθειαν
1079 669 1228 715 δειλοῖς
1254 664 1326 707 καί
1350 665 1534 719 ἀγεννέσι
1563 666 1662 718 παρ’

239 733 359 784 οἷξίαν
385 734 661 788 φαινομένοις,
691 731 830 774 ἔπειτα
859 734 931 774 καί
957 730 1165 786 σωτηρίαν
1190 727 1462 783 ἐπευξάμενοι
1480 726 1551 770 καὶ
1569 730 1662 782 δεη-

239 801 382 846 θέντες
411 799 556 851 μηκέτι
584 799 767 849 μέλλειν,
800 794 904 838 α’λλοὶ
938 796 1137 851 πρόνοιάν
1161 811 1253 836 τινα
1269 798 1480 836 ποιεῖσθαι
1497 791 1661 844 ἑαυτοῦ,

204 858 332 906 Βῧποι
370 860 392 902 ὃ
425 859 522 910 θεὸς
557 861 717 915 ἦγοῖτο,
754 860 1007 916 ἀνεχώρουν,
1037 859 1406 915 προσαγορεύοντες
1431 859 1503 899 καί
1529 858 1718 899 ‹Zona-10

242 926 407 979 ζόμενοι
435 925 506 967 τὸν
532 928 734 979 βασιλέως
760 927 882 969 πόδα.
936 924 1090 973 ἐκεῖνος
1119 926 1163 966 δὲ
1190 926 1333 979 μηκέτι
1360 926 1666 977 ἀναμίγνυσθαι

240 993 400 1033 ἐκέλευε
441 989 538 1039 τοὺς
581 988 776 1039 ἀπιόντας
812 996 896 1039 τοῖς
925 989 1283 1042 ὑπολειπομένοις,
1321 990 1388 1030 ἵνα
1415 987 1472 1043 μὴ
1500 982 1665 1043 ταραχὴ

240 1058 312 1097 καί
351 1056 551 1109 σύγχυσις
589 1051 640 1111 ᾖ,
680 1056 963 1108 α’γνοουμένων
992 1056 1084 1098 ,τῶν
1111 1052 1342 1106 μενόντων·
1382 1050 1488 1095 ἀλλὰ
1519 1053 1566 1094 τὸ
1595 1054 1668 1095 ὑπ’

243 1120 372 1161 αὐτὸν
400 1121 535 1173 τάγμα
563 1119 754 1175 ἀκέραιον
784 1121 1027 1172 διαμεῖναν,
1056 1115 1213 1173 (ούδεὶς
1239 1117 1319 1174 γοὶρ
1348 1116 1484 1160 αὐτῶν
1510 1121 1669 1161 ἔλειπο-

241 1183 468 1240 τάκτησεν,)
511 1180 680 1226 ἄπωθεν
709 1183 812 1226 στὰν
840 1183 941 1239 πρὸς
972 1186 1099 1225 έκεῖνο
1130 1182 1226 1231 τούς
1253 1187 1481 1236 μενοῦντας
1501 1187 1722 1240 >grundis-15

246 1249 394 1291 αὐτίκα
420 1264 463 1289 τε
491 1247 531 1289 οἱ
553 1251 631 1300 μὲν
655 1246 840 1303 ἐχώρουν
866 1247 970 1303 πρὸς
995 1247 1039 1289 τὸ
1067 1248 1228 1302 τάγμα·
1285 1248 1323 1290 οἱ
1350 1249 1487 1291 λοιποὶ
1512 1251 1558 1293 δὲ
1588 1267 1670 1291 πα-

246 1314 404 1372 ριόντες
435 1316 605 1363 ἕκαστος
631 1315 703 1357 καί
725 1314 1097 1370 προσαγορεύοντες
1124 1316 1325 1367 βασιλέα,
1359 1314 1671 1368 ἀπηλλάττοντο.

245 1380 268 1420 ὁ
298 1381 337 1420 δ’
368 1375 507 1433 ὥσπερ
538 1379 706 1430 ου’δενός
734 1396 842 1429 τινος
868 1382 1082 1434 γινομένου
1104 1382 1264 1430 καινοῦ,
1297 1379 1439 1422 ἵστατο
1461 1380 1670 1424 ἀντασπα-

246 1441 414 1495 ζόμενος
440 1442 538 1491 τούς
566 1443 813 1497 παριόντας,
857 1444 955 1485 ου’δὲ
993 1443 1106 1498 ἴχνος
1132 1446 1231 1498 γοῦν
1259 1461 1299 1485 τι
1325 1444 1456 1499 λύπης
1483 1441 1509 1500 ἢ
1537 1462 1667 1501 ταρα-

243 1509 323 1562 χῆς
348 1508 509 1562 φαίνων
535 1510 579 1550 ε”ν
609 1512 667 1565 τῷ
694 1510 913 1566 προσώπῳ.
973 1509 1206 1563 ἀπέστησαν
1234 1511 1279 1550 δὲ
1319 1507 1399 1563 οὕχ
1427 1509 1466 1551 οἱ
1490 1513 1536 1552 ἐκ
1569 1513 1729 1557 Osa-20

249 1578 465 1630 σαλονίκης
490 1575 619 1628 μόνον
644 1577 715 1617 καί
740 1575 963 1626 Βυζάντιοι
990 1573 1062 1616 καί
1089 1570 1207 1616 ἄλλοι
1234 1572 1324 1616 ὅσοι
1349 1573 1506 1618 πόλεων
1523 1574 1674 1631 ἑτέρων

248 1638 356 1696 ἦσαν
382 1645 564 1693 πολῖται,
594 1637 654 1689 οἷς
681 1638 893 1696 πρόφασις
923 1638 1127 1694 εὐπρεπὴς
1155 1639 1194 1681 οἱ
1222 1641 1359 1682 οἰκεῖοι
1389 1637 1524 1694 ἦσαν,
1565 1642 1673 1683 ἄλλα

210 1707 321 1752 enac*
345 1707 425 1747 ταῖν
452 1704 758 1759 Διδυμότειχον
783 1704 1004 1747 οἰκούντων
1037 1705 1088 1745 οὔ
1116 1704 1368 1759 στρατιῶται
1395 1704 1536 1760 μόνον,
1559 1706 1671 1753 ,ἀλλά

342 1859 375 1882 2.
401 1846 582 1885 οῖπιόντας
604 1825 763 1883 fortasse.
861 1859 911 1881 ιο.
939 1847 960 1881 ὅ
988 1848 1068 1881 add.
1098 1849 1146 1881 M.

254 1959 283 1992 si
309 1962 437 2003 sponte
464 1968 610 1991 manere
636 1969 709 1991 uon
734 1957 868 1996 vultis,
892 1967 965 1989 non
990 1966 1161 2000 cogemus.
1199 1955 1298 2000 Quin
1321 1955 1428 1988 etiam
1455 1956 1484 1988 si
1511 1954 1680 1990 discesse-

253 2005 352 2045 ritis,
376 2016 449 2038 non
474 2006 612 2037 minore
638 2015 698 2036 vos
724 2002 974 2036 benevolentia
995 2012 1272 2046 prosequemur:
1297 2000 1611 2046 quandoquidem,
1639 2007 1681 2034 ut

252 2051 382 2090 video,
410 2061 484 2082 non
508 2050 595 2083 vitio
621 2050 746 2090 aliquo
771 2049 994 2081 transversim
1022 2049 1091 2080 acti
1107 2072 1115 2087 ,
1153 2047 1215 2079 sed
1238 2049 1515 2080 necessariorum
1540 2058 1679 2080 memo-

254 2097 308 2128 ria
331 2095 576 2139 languefacti,
605 2097 712 2128 etiam
739 2105 829 2138 quae
854 2092 1054 2126 conducere
1077 2105 1147 2126 non
1173 2094 1344 2132 censetis,
1383 2093 1498 2126 facere
1525 2095 1680 2137 compel-

254 2142 383 2185 limini.
420 2142 516 2174 Haec
541 2146 581 2173 ut
605 2142 668 2173 ille
692 2140 808 2177 dixit,
835 2139 905 2184 ipsi
931 2150 1075 2184 quoque
1098 2138 1242 2182 publice
1266 2139 1418 2180 graviter
1442 2145 1552 2171 semet
1576 2141 1680 2172 incu-

258 2192 406 2227 sarunt,
432 2188 494 2231 qui
519 2198 600 2230 prae
625 2186 851 2219 miseratione
876 2186 1117 2228 proximorum
1149 2184 1293 2217 timidos
1321 2195 1362 2216 ac
1394 2184 1586 2227 degeneres
1617 2196 1654 2218 se
1671 2209 1682 2225 ,

255 2232 440 2277 dignitatis
469 2243 553 2264 suae
576 2232 704 2271 obliti,
727 2231 1002 2275 praestitissent.
1037 2230 1174 2263 Deinde
1199 2230 1348 2262 salutem
1372 2231 1552 2273 apprecati
1576 2242 1682 2263 oran-

255 2284 403 2322 tesque,
428 2288 474 2309 ne
499 2278 657 2311 differret
680 2277 836 2317 diutius,
874 2276 936 2309 sed
968 2275 1040 2308 sibi
1073 2275 1293 2319 provideret,
1326 2286 1552 2321 quocumque
1584 2277 1680 2310 Deus

258 2324 363 2355 illum
390 2324 557 2364 duceret,
584 2323 820 2356 valedicentes
849 2327 885 2354 et
908 2322 1129 2364 imperatoris
1153 2321 1279 2365 pedem
1306 2322 1507 2354 osculantes
1532 2322 1680 2356 recede-

261 2368 368 2410 bant3
396 2371 458 2414 qui
475 2369 662 2402 abeuntes
688 2380 767 2401 cum
794 2367 1056 2404 remanentibus
1084 2367 1223 2399 misceri
1249 2367 1388 2407 vetuit,
1422 2378 1468 2400 ne
1506 2367 1610 2400 turba
1644 2371 1681 2401 et

261 2415 424 2447 confusio
452 2417 657 2454 exsisteret,
683 2414 764 2447 dum
791 2415 853 2458 qui
880 2417 1063 2446 manerent
1086 2413 1303 2454 nesciretur3
1335 2413 1397 2446 sed
1424 2411 1469 2444 ad
1499 2413 1679 2447 cohortem

259 2460 371 2503 ipsius
397 2462 568 2504 integram
596 2461 731 2506 (nullus
753 2460 887 2504 quippe
913 2458 1073 2491 ordinem
1094 2458 1302 2503 reliquerat)
1331 2464 1367 2491 et
1383 2459 1507 2502 procul
1527 2464 1678 2492 stantem

259 2507 415 2537 mansuri
442 2507 685 2538 concederent.
733 2505 860 2537 Subito
886 2504 949 2536 alii
974 2514 1016 2536 eo
1041 2504 1115 2546 ire3
1155 2505 1219 2536 alii
1245 2504 1425 2546 sigillatim
1450 2510 1680 2549 praetereun-

260 2554 313 2582 tes
339 2555 375 2582 et
395 2550 643 2594 imperatorem
663 2550 857 2583 salutantes
884 2549 1086 2588 discedere,
1111 2550 1171 2593 qui
1195 2551 1296 2595 quasi
1319 2549 1413 2583 nihil
1434 2550 1562 2584 factum
1588 2554 1681 2584 esset

259 2595 365 2633 novi,
393 2597 586 2629 consistens
615 2597 954 2641 praetergredientes
976 2594 1215 2635 resalutabat,
1239 2606 1355 2640 neque
1385 2596 1494 2629 ullum
1512 2596 1679 2629 tristitiae

261 2645 325 2672 aut
347 2640 482 2673 turbati
508 2644 618 2675 animi
642 2642 813 2675 indicium
835 2642 935 2673 vultu
963 2640 1195 2684 praeferebat.
1221 2642 1437 2674 Defecerant
1461 2648 1580 2676 autem
1606 2652 1680 2674 nou

261 2685 595 2719 Thessalonicenses
621 2689 734 2720 solum
759 2692 795 2719 et
817 2687 975 2730 Byzantii
999 2687 1217 2731 aliarumque
1242 2689 1422 2720 civitatum
1455 2689 1560 2728 cives,
1591 2698 1678 2732 quos

264 2733 606 2776 consanguineorum
628 2744 709 2766 cura
730 2733 888 2778 speciose
910 2732 1117 2775 excusabam
1141 2734 1371 2767 verumetiam
1388 2733 1680 2778 Didymotichcn-
