1812 3138
532 211 915 257 HISTomARUM
958 216 1030 257 111.
1060 219 1131 262 [18.
1433 215 1538 273 291

90 315 154 360 ἔτι
181 320 255 360 καί
270 319 455 373 Λίβερον
474 316 607 359 αὔτόν
629 313 679 359 οὗ
700 315 930 370 σύμμαχον
955 316 1061 368 ἕξειν
1085 316 1147 360 ἔτι
1164 319 1239 360 καί
1256 321 1395 375 φίλον,
1435 317 1630 363 ἄλλαις.
1649 339 1657 361 ι
1674 326 1742 371 35²

93 384 244 426 δοῦλον
281 381 465 440 ἀκριβῶς
490 382 565 425 καὶ
584 383 722 426 πάντα
754 380 1039 439 προησόμενον
1069 383 1302 439 προθύμως
1330 384 1438 439 ὑπὲρ
1467 386 1551 426 τῶν

94 444 212 505 αύτῷ
247 448 596 505 λυσιτελούντων·
651 444 762 490 οὕτω
800 446 882 502 γὰρ
929 450 1260 503 ἐπαγγέλλεσθαι
1297 447 1371 491 καί
1407 448 1553 494 αὐτόν.

94 511 226 554 ἐδόκει
265 515 343 565 μὲν
381 507 457 555 οὖν
484 512 642 568 πολλὴν
669 514 895 555 ἐπιείκειαν
924 512 997 554 καί
1018 513 1338 570 εὐγνωμοσύνην
1375 513 1423 556 τὸ
1464 530 1552 557 τοι-

68 580 190 621 5οῦτο
223 579 373 636 Κράλῃ
405 585 750 636 συμμαρτυρεῖν,
781 580 822 620 εἷ
847 581 922 620 τοῦ
952 582 1054 634 παρ’
1095 582 1212 638 αὐτῷ
1256 581 1551 623 δυνατωτάτου

92 647 265 698 βασιλεῖ
285 648 616 699 προστιθεμένου
655 647 729 687 καί
757 641 868 686 οὕτω
891 648 1086 701 φανερῶς
1114 645 1217 701 ὑπὲρ
1251 647 1410 689 ἐκείνου
1441 649 1583 689 πάν-Β

91 727 143 753 τα
174 709 364 765 ποιήσειν
401 714 772 766 ἐπαγγελλομένου,
810 713 850 753 εἰ
887 713 1077 753 πείθοιτο
1109 712 1236 764 μόνον
1276 712 1351 767 τήν
1390 715 1550 755 ἐκείνου

94 776 316 831 θυγατέρα
342 777 592 828 συνοικίζειν
622 779 680 834 τῷ
710 775 812 835 υἱῷ,
853 776 962 832 μήθ’
999 777 1250 820 ὑποπτεύειν
1276 774 1417 832 αὔτὸς,
1449 778 1553 834 μήτε

95 839 271 883 κωλύειν
296 841 522 897 ἐπεχείρει,
544 844 803 898 συνέπραττε
826 843 872 886 δὲ
890 844 1062 895 μᾶλλον.
1091 845 1210 884 τοῦτο
1241 844 1287 885 δὲ
1315 845 1366 885 οὐ
1394 848 1555 897 μᾶλλον

45 907 168 962 ιοτῆς
195 908 417 957 ἐπιεικείας
444 907 597 965 Κροίλῃ
627 903 698 963 ἦν,
730 904 760 962 ἢ
787 910 863 963 τῆς
892 910 1084 962 Λιβέρου
1106 910 1352 965 περιουσίας
1380 913 1455 951 καί
1475 913 1555 952 τοῦ

96 971 258 1028 μεγάλα
290 971 502 1015 δύνασθαι
534 973 650 1028 παρὰ
687 976 938 1029 Τριβαλοῖς,
981 970 1088 1016 ὥστε
1116 976 1189 1015 καί
1216 973 1349 1015 αύτόν
1377 973 1555 1030 Κράλην

97 1037 370 1095 προσκρούειν
395 1039 619 1095 ἄρ’ῥωδεῖν.
683 1038 707 1080 ὅ
739 1041 817 1093 μὲν
843 1036 916 1081 οὖν
943 1037 1120 1094 Κράλης
1147 1043 1324 1082 τοιαῦτα
1351 1040 1458 1095 πρὸς
1478 1044 1558 1095 βα-

97 1107 218 1147 σιλέα
257 1105 440 1161 διεξῄει,
480 1102 689 1161 παρόντος
725 1104 800 1146 καί
825 1107 1031 1160 Λιβέρου.
1061 1104 1263 1159 βασιλεύς
1292 1107 1339 1147 δὲ
1365 1108 1556 1148 ἐπείθετο

97 1168 202 1226 πρὸς
222 1170 443 1226 α’μφότερα
466 1173 764 1213 λυσιτελοῦντα
794 1171 906 1226 ὄραῖν
933 1173 979 1213 ἐν
1007 1173 1066 1229 τῷ
1094 1171 1282 1226 παρόντι,
1314 1170 1388 1213 καί
1418 1170 1494 1226 τήν
1515 1188 1559 1213 τε

49 1235 286 1289 ἱὸὗποψιάν
313 1235 543 1289 ἆπωθεῖτο,
572 1233 628 1285 ὥς
658 1236 874 1291 ἀδικήσειέ
899 1252 1000 1278 ποτε
1027 1236 1100 1278 καί
1126 1234 1440 1290 ἐπιβουλεύσειε
1461 1243 1546 1286 τοῖς
1562 1242 1588 1280 C

100 1301 355 1355 συμμάχοις.
423 1302 477 1342 ου’
502 1299 582 1356 γὰρ
612 1302 825 1352 τοιαύταις
854 1301 984 1351 αὕτός
1010 1300 1267 1345 ἐπίστασθαι
1292 1301 1392 1352 τούς
1410 1306 1560 1359 φίλους

101 1366 358 1419 ιῖμείβεσθαι
386 1367 656 1421 εὐεργεσίαις,
690 1364 796 1409 ὅπου
824 1383 870 1421 γε
897 1369 970 1409 καί
995 1373 1081 1416 τοῖς
1108 1371 1339 1421 πολεμοῦσι
1368 1371 1560 1425 φανερῶς

102 1432 298 1473 οὐδέποτε
328 1430 612 1485 ἐπιβουλεύων
640 1431 792 1488 ἐφάνη.
847 1432 920 1474 καὶ
945 1431 992 1474 τὸ
1022 1431 1126 1488 πρὸς
1145 1432 1312 1489 Συργὴν
1334 1435 1458 1488 κῆδος
1486 1435 1560 1475 οὐκ

105 1494 231 1546 αὐτὸς
270 1495 458 1538 διαλύειν
503 1499 663 1551 πρῶτος
701 1497 906 1553 ἔφασκεν,
938 1495 1030 1540 ἀλλ’
1057 1499 1215 1540 ἐκείνου
1244 1499 1530 1551 ἀπειπαμένου
1548 1537 1561 1555 ‚

51 1563 312 1617 2ομηδεμιάν
356 1561 492 1603 αἰτίαν
520 1558 654 1614 εἶναι,
692 1565 732 1604 εἰ
757 1565 832 1603 καί
858 1561 986 1612 αὐτὸς
1012 1560 1161 1617 ἑτέραν
1186 1565 1242 1621 τῷ
1268 1562 1348 1621 υἱῷ
1376 1564 1559 1619 ἁρμόσε-

102 1644 183 1669 ται.
238 1628 371 1669 καίτοι
389 1643 434 1681 γε
456 1627 549 1668 οὐδ’
578 1629 636 1675 εἰς
667 1629 841 1669 τοσοῦτο
870 1628 1034 1679 δεσμῶν
1064 1625 1178 1682 ἥκειν
1203 1626 1274 1669 τὸν
1302 1629 1451 1682 γάμον,
1479 1625 1563 1670 ὦσα

101 1708 145 1734 τε
179 1691 238 1746 μή
270 1694 421 1743 ἐξεῖναι
450 1691 650 1734 διαλύειν·
711 1693 750 1733 εἰ
774 1689 855 1747 γάρ
882 1693 1012 1745 μέχρι
1041 1689 1179 1746 ὅρκων
1208 1691 1471 1747 προεχώρει,
1519 1696 1564 1745 ἐξ

105 1759 306 1810 ου’δεμιᾶς
332 1754 384 1799 ἂν
402 1757 542 1806 αἰτίας
564 1756 809 1813 ἐπεχείρησε
834 1759 1018 1812 διασπᾷν
1034 1753 1178 1807 αὐτός.
1197 1760 1422 1813 τοιγαροῦν
1438 1759 1565 1815 ἀφιέ-

207 1871 255 1894 ιι.
277 1858 429 1905 Κριίλην
455 1858 535 1892 add.
562 1857 611 1892 M.

110 1951 248 1995 possit,
285 1950 482 1984 intueatur.
533 1948 623 1982 Nam
662 1954 918 1994 praeterquam
958 1948 1055 1993 quod
1091 1953 1128 1982 et
1163 1949 1246 1982 aliis
1283 1948 1458 1982 Triballis
1496 1947 1565 1982 hac

110 1997 261 2041 nuptiae
299 1996 478 2029 iucundae
504 1996 579 2029 sint
610 1996 777 2037 futurae,
814 1997 924 2029 etiam
960 1995 1130 2028 Liberum
1162 1996 1278 2040 ipsum
1315 2005 1389 2027 non
1428 1994 1567 2027 socium

112 2044 220 2076 modo
249 2050 286 2076 et
309 2045 489 2083 amicum,
523 2042 588 2076 sed
624 2047 663 2075 et
687 2054 829 2076 servum
855 2043 962 2086 planc-
994 2041 1108 2086 ipsius
1143 2042 1222 2074 fore
1259 2041 1455 2086 omniaque
1488 2040 1566 2074 eius

114 2090 267 2122 utilitati
301 2094 466 2134 prompte
499 2090 810 2136 postpositurum,
853 2090 950 2135 quod
990 2089 1145 2132 ipsemet
1182 2088 1414 2132 polliceatur.
1469 2087 1568 2122 Haec

115 2146 196 2176 res,
222 2141 263 2168 ut
285 2135 503 2180 apparebat,
529 2147 696 2180 magnum
720 2136 818 2168 Crali
845 2135 1041 2181 aequitatis
1070 2140 1106 2167 et
1129 2133 1294 2168 candoris
1317 2134 1567 2167 testimonium

117 2182 248 2221 dabat,
282 2183 381 2226 quod
411 2182 642 2226 dynastarum
681 2193 826 2216 suorum
863 2183 1118 2226 potentissimo
1156 2193 1237 2214 cum
1274 2180 1492 2224 imperatore
1529 2188 1567 2215 se

117 2229 360 2274 coniungente
405 2228 573 2274 adeoque
612 2229 802 2262 manifeste
827 2230 947 2261 omnia
980 2228 1079 2260 illius
1117 2238 1223 2260 causa
1252 2228 1428 2259 facturum
1456 2227 1568 2270 poui-

118 2281 223 2309 cente
240 2299 251 2316 ‚
284 2274 313 2306 si
346 2275 378 2307 is
403 2280 542 2309 tantum
570 2276 682 2309 filiam
710 2276 824 2321 ipsius
850 2275 927 2307 filio
955 2285 1020 2307 suo
1045 2274 1266 2312 collocaret,
1285 2272 1380 2305 nihii
1405 2273 1567 2316 suspica·

120 2327 220 2355 retur
245 2321 354 2361 mali,
379 2332 446 2356 nec
471 2321 685 2367 praepedire
710 2323 895 2367 negotium
923 2325 1103 2361 tentaret,
1138 2320 1202 2354 sed
1230 2320 1420 2352 adiuvaret
1444 2321 1567 2365 magis.

119 2369 253 2402 Verum
278 2367 372 2400 istuc
395 2379 469 2401 non
499 2373 572 2402 tam
597 2369 774 2413 aequitati
800 2368 928 2407 Graiis,
966 2378 1073 2413 quam
1098 2366 1221 2400 Liberi
1248 2366 1460 2410 opulentiae
1491 2377 1568 2398 ma-

121 2424 287 2460 gnaeque
315 2414 410 2447 inter
440 2413 624 2448 Triballoi
657 2415 848 2459 potentiae
882 2413 1184 2453 adscribendum,
1219 2417 1369 2458 propter
1398 2423 1506 2457 quam
1531 2418 1569 2446 et

122 2462 202 2506 ipse
227 2460 354 2494 Crales
391 2469 471 2493 eum
504 2460 687 2495 offendere
716 2460 880 2496 timebat.
931 2460 1029 2493 Haec
1057 2460 1169 2505 igitur
1194 2459 1258 2493 ille
1289 2470 1369 2492 cum
1395 2464 1433 2491 et
1456 2459 1568 2492 Libe-

123 2518 183 2541 rus
213 2507 377 2546 adesset,
402 2507 500 2551 apud
527 2508 779 2552 imperatorem
804 2507 994 2549 disseruit;
1026 2507 1091 2551 qui
1119 2505 1218 2551 quod
1245 2509 1320 2538 tum
1346 2505 1462 2546 iilud,
1492 2511 1570 2540 tum

124 2553 195 2588 hoc
222 2555 260 2586 in
287 2554 493 2598 praesentia
519 2554 719 2587 conducere
752 2553 924 2594 videbat,
950 2558 1117 2586 neutrum
1153 2556 1294 2585 recusat
1313 2557 1350 2585 et
1375 2552 1425 2585 ita
1450 2553 1570 2596 suspi-

127 2601 268 2633 cionem
288 2600 495 2634 eximebat:
523 2601 661 2634 nescire
687 2601 782 2634 enim
809 2612 846 2634 se
861 2601 994 2633 amicos
1009 2599 1059 2631 sic
1075 2597 1471 2642 remunerari.quando
1485 2610 1571 2632 con-

129 2651 262 2685 staret,
294 2657 361 2680 nee
386 2647 520 2691 apertis
545 2645 710 2680 hostibus
737 2658 897 2690 unquam
923 2645 1158 2686 insidiatum;
1192 2649 1230 2678 et
1251 2644 1462 2678 affinitatem
1489 2657 1569 2678 cum

131 2693 240 2737 Syn-ge
265 2704 340 2726 non
364 2695 521 2737 priorem
541 2692 734 2733 dissuisse‚
759 2693 823 2726 sed
848 2703 891 2726 eo
912 2702 1083 2736 generum
1108 2690 1314 2731 abdicante,
1326 2701 1454 2724 causae
1478 2692 1574 2726 nihil

131 2750 231 2780 esse,
256 2750 318 2773 cur
343 2751 416 2774 non
443 2744 479 2773 ct
506 2741 583 2784 ipse
615 2740 719 2773 aliam
745 2740 821 2773 filio
858 2750 922 2772 suo
958 2748 1104 2771 uxorem
1143 2739 1327 2784 iungeret,
1360 2739 1573 2782 praesertim

132 2796 213 2818 cum
236 2786 398 2819 nondum
433 2787 484 2819 sic
511 2786 720 2819 adstrictum
749 2786 861 2819 suerit
886 2784 1167 2825 matrimonium,
1202 2790 1244 2817 nt
1268 2784 1462 2818 dissolvere
1500 2795 1573 2815 non

132 2831 268 2866 liceret.
303 2833 340 2865 Si
358 2833 599 2874 iuramentum
629 2833 908 2872 intercessisset,
927 2832 1027 2865 nulia
1054 2831 1102 2865 de
1123 2842 1227 2866 causa
1255 2832 1294 2865 id
1320 2830 1574 2866 distracturum
