1800 3138
541 201 914 242 HlSTORlARUM
954 203 1026 242 111.
1053 204 1121 248 37.
1436 199 1549 254 229

115 317 226 354 ματα
264 298 368 354 πρὸς
394 297 494 348 τούς
519 299 767 351 πέμψαντας
792 297 1012 353 παρέχων,
1042 299 1226 340 ἐκέλευεν
1252 294 1582 354 ἄναστρέφεινᾏ.
1597 306 1636 344 G.
1652 307 1737 354 ¹34²

116 367 162 407 ἐν
187 362 250 414 οἷς
279 362 376 419 περὶ
399 365 479 405 τῶν
507 364 553 405 ἐν
580 365 800 420 Βυζαντίῳ
826 365 1102 418 γεγενημένων
1132 363 1189 411 ὥς
1217 363 1346 420 α’δίκῳ
1374 361 1446 404 καί
1469 379 1546 404 συ-

115 429 338 485 κοφαντικῇ
375 426 517 485 γνώμῃ
561 429 770 483 πραχθειή
812 430 900 469 κατ’
941 427 1071 469 αὐτοῦ
1098 426 1283 481 διεξιών,
1325 423 1547 481 ἀπολογίαν

117 495 291 536 ἐποιεῖτο
329 495 403 534 καί
437 494 536 547 περὶ
560 489 734 545 ἑαυτοῦ,
775 491 832 541 ὦς
858 493 912 533 ου’
934 495 1138 546 βασιλέως
1163 497 1250 541 τοῖς
1279 491 1422 535 παισὶν
1454 493 1546 534 ε’πι-

92 555 342 612 5βουλεύων,
371 554 471 599 οὐδὲ
497 560 712 611 βασιλείας
738 558 846 613 ἐρῶν
870 554 1070 605 τοιούτοις
1097 558 1350 612 ἐπιχειροίη,
1378 558 1468 598 ἀλλ’
1495 556 1547 598 οἷς·

116 621 244 680 νάγκῃ
285 625 529 672 συνελαθείς
569 624 706 664 ἑλπίδι
732 624 807 665 τοῦ
831 622 1053 664 καταλύειν
1078 624 1238 675 μᾶλλον
1264 620 1339 663 τὸν
1366 619 1546 674 πόλεμον

117 689 191 730 καί
223 687 275 730 τὰ
315 690 611 730 λυσιτελοῦντα
651 688 754 730 πᾶσι
788 688 904 744 κοινῇ
929 692 1077 729 ποιεῖν.
1136 688 1376 741 προσετίθει
1401 701 1448 728 τε
1474 687 1549 727 καί

117 749 267 806 ὅρκους
291 758 375 801 τοῖς
403 754 647 806 λεγομένοις,
675 752 732 802 ὥς
758 751 880 794 οὐδὲν
906 749 971 806 εἴη
998 750 1102 806 πρὸς
1130 749 1294 805 α’πάτην
1319 752 1546 805 εἰρημένον.

117 815 155 858 οἱ
184 819 244 869 δὲ,
271 818 363 859 ἐπεὶ
389 814 440 859 τὰ
468 814 693 871 γράμματα
721 816 914 870 ἀνέγνων,
943 817 1203 872 ἅντὲγραφον
1228 814 1302 859 καί
1326 815 1457 868 αὐτοὶ,
1487 814 1545 863 ὥς

69 878 195 927 ιοοῦκ
221 878 395 924 ἄλλοθέν
421 885 548 923 ποθεν
572 883 742 934 μᾶλλον,
779 878 808 937 ἢ
828 884 872 933 ἐξ
888 876 947 924 ὧν
967 879 1093 929 αὐτὸς
1111 881 1239 923 οἴεται
1254 876 1359 922 εἶναι
1380 880 1578 931 δίκαιοςῦ

118 944 404 1000 πιστεύεσθαι,
431 949 513 989 τῶν
541 943 671 1002 ὅρκων
699 948 840 1001 δῆθεν,
870 946 1022 997 αὐτοὺς
1048 943 1460 999 καταστοχάζεσθαι,
1489 944 1546 994 ὥς

116 1012 193 1053 οὔκ
233 1008 286 1054 ἂν
313 1011 377 1067 εἴη
403 1011 456 1054 τὰ
485 1013 681 1067 εἰρημένα
708 1011 861 1067 α’ληθῆ.
890 1014 930 1054 εἰ
952 1011 1031 1067 γὰρ
1062 1008 1198 1065 ὥσπερ
1227 1010 1300 1052 καί
1325 1007 1545 1065 πρότερον,

115 1076 234 1131 ἡνίκα
263 1078 477 1131 ἰδιωτικὴν
503 1077 663 1132 ἐσθῆτα
690 1075 820 1130 ἔχων,
846 1074 897 1119 τιὶ
920 1075 1141 1131 πράγματα
1152 1075 1374 1127 Ῥωμαίοις
1395 1072 1545 1131 διῴκει,

118 1139 253 1197 ὅρκων
280 1142 355 1183 οὐκ
383 1143 531 1195 ἐδεῖτο,
559 1143 603 1183 ἐν
631 1138 692 1192 οἷς
719 1141 1012 1197 ἰσχυρίζεσθαι
1038 1142 1181 1196 ἐχρῆν,
1210 1141 1300 1183 ἀλλ’
1331 1135 1447 1194 ἤρκει
1465 1139 1546 1191 μό-

71 1213 187 1253 ι5νον
225 1209 382 1260 εἰπεῖν,
424 1209 497 1248 καί
523 1205 658 1262 πάσης
703 1208 950 1257 α’ποδειξεως
982 1205 1228 1262 ἰσχυρότερα
1267 1204 1320 1246 τὰ
1347 1205 1546 1259 εἰρημένα

120 1270 251 1326 εἶναι,
280 1270 417 1329 ὥσπερ
447 1268 496 1313 οὔ
524 1270 648 1325 μόνον
675 1274 800 1314 αὐτοὶ
823 1274 1063 1324 συνίσασιν,
1091 1269 1198 1312 ἄλλα
1230 1268 1303 1311 καί
1328 1267 1365 1311 οἱ
1396 1267 1545 1323 πόρ’ῥω

120 1341 196 1393 τῆς
215 1339 433 1391 Ῥωμαίων
458 1338 532 1392 γῆς
559 1339 875 1394 κατῳκισμένοι·
929 1334 1040 1378 οὕτω
1067 1335 1140 1378 καί
1171 1336 1245 1377 νῦν
1261 1366 1273 1387 ,
1310 1335 1350 1375 εἰ
1385 1333 1546 1383 ἀξιοπι-

123 1405 244 1446 στιάν
271 1403 384 1460 αὐτῷ
409 1402 604 1459 συνῄδει,
647 1403 722 1444 οιῖκ
749 1399 803 1443 ἂν
831 1398 964 1457 ὅρκων
991 1399 1145 1456 ἐδεήθη
1174 1398 1279 1455 πρὸς
1303 1398 1347 1440 τὸ
1378 1396 1545 1441 πιστεύ-

123 1471 249 1509 εσθαι
277 1469 602 1523 συναιρομένων.
660 1463 759 1509 ὅθεν
785 1466 858 1509 καί
880 1466 966 1523 χρὴ
995 1469 1200 1523 συνορᾷν,
1237 1466 1282 1515 ἐξ
1310 1463 1399 1512 οἵας
1428 1462 1549 1518 δόξης

73 1533 187 1581 αοείς
215 1533 305 1573 οἵαν
345 1532 389 1572 ἐκ
424 1532 500 1572 τοῦ
535 1535 773 1584 βασιλεῦσιν
799 1529 1000 1585 α’γνιόμων
1027 1533 1253 1587 φαίνεσθαι
1278 1530 1446 1579 ἀδοξίαν
1472 1545 1549 1571 κα-

126 1598 320 1652 τηνέχθη.
376 1594 448 1637 καί
470 1601 555 1644 τοῖς
582 1591 726 1644 αὐτοῖς
751 1595 1028 1643 κατασκόποις
1054 1592 1391 1649 παρασχόμενοι,
1432 1587 1548 1646 ἄγειν

127 1657 253 1709 αὖθις
280 1659 382 1715 πρὸς
409 1660 539 1703 αὐτὸν
565 1661 766 1704 ἐκέλευον.
818 1659 924 1716 πρὸς
950 1657 1000 1711 ἃ,
1030 1659 1265 1711 θαυμάζειν
1293 1654 1450 1709 αὖτιὸν,
1479 1656 1548 1698 οἷν-

125 1728 327 1780 τέγραφεν
366 1722 388 1765 ὅ
414 1724 634 1779 βασιλευς,
677 1727 718 1768 εἰ
745 1727 837 1766 δέον
864 1723 1064 1780 πρότερον
1089 1721 1139 1765 τὰ
1168 1722 1387 1778 εἰρημένα,
1409 1722 1451 1762 εἰ
1475 1720 1596 1763 οὕκῐ)

127 1786 265 1846 ιῖληθῆ
292 1789 595 1844 ἀποδεικνύναι,
621 1786 764 1834 ἔπειτα
792 1790 865 1832 καί
890 1790 988 1846 περὶ
1011 1792 1093 1830 τῶν
1113 1784 1246 1844 ὅρκων
1266 1787 1551 1843 διαλέγεσθαι·

236 1912 286 1935 ιο.
314 1901 410 1935 ἵεται
434 1901 468 1934 Ρ.

128 2005 218 2042 quas
242 1996 287 2030 iis
311 1995 526 2036 redderent,
551 2006 704 2041 quorum
726 1996 836 2029 missu
861 1999 1041 2029 venerant.
1089 1994 1152 2027 His
1176 1992 1306 2025 litteris
1321 2016 1332 2032 ,
1356 2002 1462 2037 quam
1485 1993 1554 2036 By-

127 2041 238 2077 zantii
262 2042 370 2086 impie
400 2048 437 2076 et
457 2042 632 2076 malevole
657 2053 776 2076 secum
798 2046 892 2075 esset
915 2047 1044 2080 actum,
1069 2049 1236 2073 enarrans
1264 2048 1342 2071 sese
1367 2038 1557 2079 tuebatur3

128 2099 203 2121 non
226 2088 451 2132 imperatoris
479 2088 603 2121 liberis
634 2087 890 2128 insidiantem,
918 2098 984 2121 nec
1009 2087 1198 2130 imperium
1222 2085 1556 2127 concupiscentem,

130 2134 193 2166 sed
217 2135 427 2167 necessitate
451 2133 502 2167 sic
524 2138 693 2178 urgente,
726 2139 763 2167 et
785 2145 848 2178 spe
873 2134 994 2178 potius
1020 2133 1109 2168 helii
1133 2129 1370 2175 componendi
1396 2140 1557 2162 commu-

129 2181 264 2224 niaque
295 2179 479 2214 commoda
514 2179 757 2225 amplificandi
792 2180 838 2212 ad
869 2180 959 2217 haec
991 2188 1202 2224 aggressum.
1254 2175 1420 2211 Addebat
1448 2176 1558 2209 etiam

130 2226 390 2267 iuramentum,
423 2225 518 2260 nihil
547 2237 585 2259 se
610 2225 816 2270 decipiendi
844 2237 950 2259 causa
974 2225 1117 2258 dixisse.
1167 2223 1277 2258 Lecta
1315 2221 1467 2265 epistola
1502 2222 1559 2256 illi

131 2270 354 2312 rescribunt,
386 2283 460 2306 non
486 2271 634 2304 aliunde
658 2272 793 2317 magis,
830 2282 937 2317 quam
962 2271 1057 2305 unde
1081 2270 1111 2302 is
1146 2269 1274 2302 merito
1305 2267 1376 2302 sibi
1411 2267 1561 2302 creden·

132 2316 218 2350 dum
246 2322 360 2361 putet,
383 2316 429 2349 ob
457 2318 694 2352 iuramentum
717 2318 910 2359 videlicet,
932 2329 969 2351 se
999 2317 1218 2354 coniectare,
1242 2313 1332 2347 falsa
1358 2324 1433 2346 esse
1466 2324 1559 2360 quae

133 2362 282 2397 dixerit.
330 2362 640 2407 Quemadmodum
664 2364 760 2397 enim
787 2369 915 2403 antea,
949 2361 1094 2410 quando
1126 2362 1164 2394 in
1189 2364 1286 2393 veste
1318 2359 1456 2404 privata
1490 2361 1560 2392 Ro-

132 2419 276 2442 manam
311 2420 386 2442 rem
420 2409 698 2451 administrarit,
751 2410 964 2443 iuramentis
998 2409 1045 2442 ad
1071 2405 1343 2440 asseverandum
1367 2415 1440 2438 non
1465 2404 1562 2439 indi-

134 2454 276 2500 guerit,
303 2455 366 2488 sed
390 2459 530 2489 tantum
558 2454 678 2489 dicere
709 2457 888 2490 suffecerit
919 2460 956 2489 et
989 2455 1065 2489 eius
1091 2453 1185 2486 dicta
1218 2453 1315 2484 omni
1348 2451 1562 2496 probatione

134 2501 294 2534 firmiora
318 2501 471 2541 fuerint,
496 2501 595 2546 quod
618 2513 691 2535 non
711 2501 818 2535 modo
846 2503 938 2546 ipsi,
963 2500 1026 2534 sed
1043 2505 1079 2533 et
1102 2499 1164 2544 qui
1187 2498 1292 2540 louge
1318 2503 1416 2530 extra
1437 2497 1563 2530 urbem

134 2546 330 2580 Romanam
356 2547 536 2587 incolunt,
562 2546 659 2580 haud
683 2549 863 2582 nesciant:
892 2548 943 2580 ita
966 2557 1074 2586 nunc,
1099 2545 1129 2576 si
1156 2555 1193 2577 se
1217 2543 1287 2578 fide
1305 2543 1450 2588 dignum
1476 2554 1563 2578 con-

138 2593 263 2632 sciret,
294 2603 367 2625 non
389 2591 435 2624 ad
458 2593 682 2634 iuramenta,
716 2604 809 2638 quae
836 2594 953 2626 verbis
979 2594 1055 2626 eius
1081 2590 1189 2624 fidem
1213 2588 1403 2629 adderent,
1434 2590 1563 2622 confu-

138 2639 297 2681 gitur-um
334 2638 455 2671 fuisse.
503 2638 595 2672 Hinc
624 2650 770 2685 quoque
796 2639 974 2683 intelligi,
1007 2649 1050 2671 ex
1075 2640 1207 2682 quanta
1233 2635 1345 2678 gloria
1379 2636 1417 2671 iu
1477 2647 1565 2669 uan-

138 2689 212 2717 tam
238 2684 470 2729 ignominiam
496 2684 542 2717 ob
578 2695 681 2718 suum
717 2685 830 2718 scelus
855 2696 935 2728 erga
962 2685 1194 2727 imperatores
1218 2680 1404 2718 deciderit,
1485 2691 1564 2713 asce

138 2728 275 2765 litteras
300 2729 427 2763 iisdem
454 2730 739 2774 exploratoribus
765 2731 811 2764 ad
834 2741 914 2763 eum
942 2727 1132 2774 portandas
1156 2726 1392 2763 committunt.
1427 2726 1480 2759 Ad
1507 2737 1566 2758 cas

139 2776 356 2824 respondeus
379 2776 666 2818 Cantacuzenus‚
695 2777 816 2815 mirari
841 2787 878 2810 se
903 2775 1014 2816 dixit,
1053 2785 1131 2809 cum
1159 2774 1286 2808 docere
1309 2775 1407 2820 prius
1432 2771 1568 2809 debue-
