1820 3152
557 174 935 218 ms'romA-RUM
972 179 1045 231 ιιι.
1074 177 1142 223 ea.
1455 155 1561 212 521

125 279 256 330 νίας,
285 274 507 331 α’πεχοόρει.
562 278 636 317 καί
675 278 838 333 σπουδῇ
874 279 1004 334 πολλῇ
1044 274 1150 331 πρὸς
1182 273 1489 330 Διδυμότειχον
1523 269 1765 332 ἦ-Α.Ο,ι845

133 358 202 385 κεν
249 341 358 395 ἔχων
403 341 478 383 καί
517 339 571 384 τοὶ
627 341 867 397 γράμματα.
935 340 1155 396 συντυχὼν
1197 342 1242 383 δὲ
1291 345 1463 395 βασιλεῖ’
1499 343 1573 384 καί

131 405 550 464 προσφθεγξάμενος,
607 407 729 462 „idon
777 410 872 450 σοι”
912 404 1022 450 εἶπεν
1081 403 1334 462 ,,εὖαγγέλια
1390 408 1570 460 κομίζων

131 470 220 529 ἥκω
248 475 344 528 περὶ
370 476 444 528 τῆς
466 471 644 529 εἰρήνης.
711 474 849 515 πάντα
889 473 982 528 γὰρ,
1013 470 1168 529 δ’σαπερ
1200 471 1323 522 αὐτὸς
1342 467 1460 530 ᾗτου,
1488 490 1569 514 πα-

100 539 333 595 ·5τριᾰρχης
361 555 405 581 τε
427 539 499 580 καί
522 538 543 580 ὃ
566 541 697 593 μέγας
722 537 819 589 δούξ
842 538 949 592 μετὰ
979 542 1062 581 τῶν
1088 535 1224 581 ἄλλων
1243 539 1315 593 τῆς
1341 536 1569 593 συγκλήτου

129 602 433 660 κατεπράξαντο
476 602 711 660 προθύμως
759 606 832 647 καί
866 605 1087 663 γρᾴμμασι
1121 604 1194 646 καί
1219 606 1342 646 αὕτοί
1365 603 1443 660 τήν
1473 603 1568 646 διά-

130 673 250 712 λυσιν
276 669 453 723 βεβαίαν
478 673 554 711 τοῦ
589 672 772 724 πολέμου
799 671 984 724 μάλιστα
1013 673 1295 725 πεποίηνται.”
1347 669 1569 726 παρείχετό

127 752 174 778 τε
200 735 273 777 καί
296 734 348 778 τά
377 735 606 791 γράμματα
635 736 801 779 αότίκα.
866 735 1066 790 βασιλευς
1105 739 1151 778 δὲ
1178 736 1271 778 ἐπεὶ
1296 733 1469 792 ἆνέγνω,
1499 753 1564 789 μι-
1581 746 1608 778 Β

129 800 227 856 κρὸν
242 801 560 855 ὑπομειδιάσας,
587 799 816 858 ,,ἇνέγνως”
839 800 929 845 εἷπε
954 800 1034 856 „td
1053 803 1300 858 γράμματα,
1319 801 1347 844 ἃ
1363 802 1622 858 τοσαύτηνν.
1640 809 1708 844 515

75 867 240 921 ιοέχων
269 862 426 921 ἤνυσας
453 866 577 921 ὁδὸν,
619 865 647 924 ἢ
677 869 818 918 ἅπλῶς
844 866 956 911 οὕτω
986 871 1060 910 καί
1086 865 1360 924 ἀπεριέργως,
1387 871 1442 926 τῇ
1468 870 1570 926 φίλῃ

127 936 201 976 καί
225 932 445 992 συντρόφῳ
469 933 688 990 χριόμενος
711 932 927 990 ἁπλότητι,
956 936 1086 990 μηδὲν
1106 935 1227 984 εἰδώς
1245 938 1328 977 τῶν
1344 935 1570 989 ἐγγεγραμ-

126 1002 277 1053 μένων,
299 994 392 1055 ἧκες
422 999 570 1054 ἔχων,·”
601 1003 678 1042 τοῦ
705 1002 752 1042 δὲ
778 1002 911 1056 μηδὲν
938 1003 1290 1056 περινενοημένον,
1318 1001 1426 1055 μηδὲ
1452 1002 1571 1055 φαῦ-

125 1069 197 1106 λον
234 1065 332 1121 περὶ
369 1066 512 1107 αὐτῶν
537 1066 719 1115 εἰπόντος
747 1067 970 1121 οἰηθῆναι,
1009 1067 1100 1108 ἀλλ’
1133 1066 1390 1119 ἀπεριέργως
1417 1067 1489 1107 καί
1518 1065 1568 1107 ἆ-

123 1132 238 1180 nac-39
274 1137 359 1181 τοῖς
400 1147 445 1172 τε
484 1131 618 1186 λόγοις
655 1135 728 1174 καί
753 1138 844 1180 ταῖς
871 1132 1140 1188 ὖπογραφαῖς
1168 1133 1392 1186 πεισθῆναι
1419 1147 1566 1185 πατρι-

76 1197 290 1252 15άρχου,
332 1194 469 1253 ὥσπερ
501 1194 553 1239 ἂν
581 1200 752 1247 δικαίως
779 1200 909 1239 ἐποίει
936 1196 1009 1239 καί
1034 1196 1140 1253 πρὸς
1167 1195 1351 1250 Πάπαν,
1380 1198 1452 1238 καί
1477 1202 1569 1247 ταῖς

122 1262 306 1317 μεγάλου
331 1262 479 1312 δουκός
497 1262 571 1305 καὶ
593 1266 675 1307 τῶν
703 1260 947 1313 ἄλλων,τῶν
974 1265 1019 1306 ἐν
1045 1266 1166 1315 τέλει,
1195 1262 1269 1305 καί
1296 1259 1406 1320 πάσῃ
1439 1278 1568 1305 σπου-

123 1329 179 1385 δῇ
196 1330 269 1370 καί
285 1331 501 1387 προθυμίᾳ
527 1328 632 1386 πρὸς
659 1328 791 1373 αὐτὸν
818 1332 970 1383 ἐλθεῖν,
1000 1330 1058 1379 ὥς
1084 1329 1250 1371 πάντων
1274 1324 1355 1384 ἤδη
1385 1330 1568 1383 η’νυσμέ-

123 1409 228 1447 νων,
258 1393 288 1436 οἳ
315 1393 445 1444 αὐτὸς
466 1394 604 1450 ἡγεῖτο
631 1395 730 1452 περὶ
753 1400 976 1439 πλείστου·
1015 1396 1152 1438 πάντα
1183 1393 1204 1437 ὃ
1235 1393 1436 1449 βασιλεύς
1464 1396 1599 1441 καθό

124 1461 298 1501 ἕκαστον
326 1460 504 1515 ἐξηγεῖτο
532 1461 607 1502 καί
629 1459 705 1516 τήν
727 1463 907 1515 δύναμιν
924 1459 1133 1517 ἡρμήνευε
1158 1461 1239 1503 τῶν
1258 1462 1570 1515 γεγραμμένων.

70 1526 201 1569 2οτοὕ
237 1527 284 1566 δὲ
313 1524 414 1581 πρὸς
442 1524 520 1581 τὴν
549 1522 708 1582 ἆπάτην
736 1523 1064 1581 ἀγανακτοῦντος
1082 1525 1154 1568 καί
1170 1525 1243 1581 τὴν
1262 1526 1428 1567 ἐκείνων
1449 1522 1571 1567 οἷναι-

121 1593 324 1644 σχυντίαν
343 1594 416 1633 καί
429 1590 476 1633 τὸ
495 1591 699 1647 κακόηθες
725 1594 805 1634 τῶν
825 1591 989 1648 τρόπων
1009 1593 1356 1646 ἐκπληττομένου,
1384 1591 1465 1645 ,,οὕ
1480 1589 1566 1646 χρὴ

119 1653 397 1712 θαυμάζειν,”
425 1653 538 1699 εἶπεν
564 1657 585 1698 ὅ
615 1657 812 1711 βασιλεὺς
836 1658 955 1712 „060⁴
980 1658 1182 1700 α’νιᾶσθαι
1210 1656 1503 1710 α’παταίμενον,
1531 1659 1572 1699 εἰ

121 1720 246 1771 αὐτὸς
272 1723 352 1776 μὲν
379 1721 484 1779 πρὸς
511 1721 716 1779 ἀλήθειαν
743 1725 875 1766 εἵλετο
902 1724 988 1781 ζῇν,
1018 1724 1186 1772 ἐκείνοις
1215 1724 1262 1765 δὲ
1286 1722 1474 1776 ψεύδους
1496 1723 1571 1766 καὶ

119 1787 402 1844 συκοφαντίας
437 1790 511 1830 καί
549 1787 711 1844 ἀπάτης
748 1781 923 1845 ἐμέλησε
962 1787 1077 1845 παρὰ
1115 1788 1188 1831 τὸν
1224 1791 1343 1843 βίον·
1402 1789 1490 1830 ἀλλ’
1519 1791 1566 1831 ἐκ

67 1853 276 1900 25τούτων
312 1852 498 1907 μάλιστα
539 1858 625 1898 τῶν
663 1854 814 1911 ὅλίγων
851 1854 924 1897 καί
949 1857 1048 1912 περὶ
1075 1857 1156 1897 τῶν
1184 1849 1320 1898 ἄλλων
1345 1856 1427 1897 τῶν
1454 1855 1561 1898 κατὰ

118 1980 336 2028 enim,quae
360 1987 439 2017 tute
464 1982 626 2029 petebas,
639 1983 842 2029 patriarcha
867 1989 905 2018 et
929 1994 1076 2028 magnus
1102 1982 1176 2016 dux
1200 1994 1282 2018 cum
1306 1983 1434 2018 ceteris
1461 1984 1560 2028 opti-

115 2029 273 2063 matibus
310 2029 469 2064 libenter
512 2036 744 2072 annuerunt,
783 2036 820 2064 et
843 2031 974 2065 litteris
1001 2030 1071 2075 ipsi
1096 2041 1242 2076 quoque
1270 2040 1396 2076 pacem
1424 2030 1561 2063 firmam

117 2081 305 2121 ratamque
339 2076 514 2112 fecerunt.
579 2077 722 2123 Quibus
761 2078 869 2112 dictis
909 2077 1099 2123 epistolam
1124 2077 1299 2122 porrexit,
1347 2076 1429 2122 Qua
1453 2077 1561 2117 lecta,

116 2122 311 2166 imperator
344 2123 537 2165 renidens,
565 2124 758 2170 Legistin’‚
789 2125 935 2171 inquit,
961 2124 1119 2164 litteras,
1147 2134 1227 2157 cum
1282 2123 1390 2158 uibus
1418 2128 1562 2157 tantum

116 2169 189 2202 iter
221 2169 433 2212 confecisti,
468 2181 516 2205 an
550 2171 603 2204 ita
639 2171 794 2205 candide
819 2176 856 2205 et
881 2171 1064 2205 incuriose
1090 2171 1204 2204 amica
1229 2171 1259 2203 ti
1287 2171 1300 2203 i
1325 2175 1363 2204 et
1384 2181 1405 2203 a
1429 2175 1560 2204 natura

114 2215 280 2260 ingenita
313 2217 545 2261 simplicitate
582 2229 688 2258 usus,
724 2218 887 2251 nesciens
927 2218 1018 2265 quid
1057 2218 1408 2261 complecterentur,
1431 2216 1478 2250 ad
1501 2227 1561 2250 me

113 2262 199 2295 illas
227 2263 410 2297 attulisti?
455 2264 523 2297 1110
547 2263 789 2309 respondente
806 2290 815 2305 ,
838 2275 913 2298 non
938 2275 976 2298 se
1001 2275 1076 2298 rem
1102 2263 1210 2297 altius
1235 2264 1447 2298 discussisse
1462 2289 1472 2305 ,
1496 2274 1566 2298 nec

112 2308 186 2342 sibi
212 2315 395 2354 suspectas
421 2310 554 2352 fuisse,
577 2311 643 2345 sed
666 2311 756 2345 citra
781 2311 1031 2346 curiositatem
1059 2311 1278 2355 simpliciter
1301 2310 1422 2345 verbis
1446 2311 1561 2355 patri-

111 2354 241 2389 archae
269 2357 422 2402 eiusque
448 2362 485 2391 et
506 2358 626 2404 magni
651 2357 754 2391 ducis
782 2365 819 2393 et
843 2359 996 2392 aliorum
1022 2368 1211 2403 procerum
1226 2357 1558 2402 subscriptionibus

112 2401 326 2443 credidisse,
364 2404 564 2449 (quomodo
601 2405 711 2439 etiam
744 2405 863 2451 Papae
897 2405 1025 2439 merito
1058 2404 1222 2449 faceret,)
1259 2404 1492 2450 cupidissime
1517 2415 1559 2439 ac

111 2447 310 2482 laetissime
334 2449 379 2483 ad
404 2460 484 2483 eum
508 2451 669 2492 venisse,
698 2457 738 2485 nt
765 2452 934 2486 omnibus
959 2453 1051 2491 iam,
1085 2461 1179 2497 quae
1210 2451 1274 2484 ille
1307 2450 1561 2484 ardentissime

111 2499 294 2539 optasset,
328 2497 585 2531 consummatis
619 2503 729 2544 atque
767 2499 955 2544 perfectis3
987 2499 1183 2542 imperator
1209 2502 1336 2531 cuncta
1369 2497 1558 2542 sigillatim

109 2547 277 2576 recenset
318 2547 355 2576 et
388 2543 604 2589 scriptorum
643 2545 864 2579 sententiam
889 2546 1160 2590 interpretatur.
1210 2542 1391 2580 Monacho
1415 2546 1461 2578 ad
1486 2545 1559 2578 fal-

108 2588 238 2622 laciam
274 2590 524 2624 stomachante
566 2594 604 2625 et
637 2591 787 2625 illorum
824 2591 1088 2638 impudentiam
1126 2591 1462 2636 malignitatemque
1488 2591 1557 2624 ob-

112 2640 364 2679 stupescente,
389 2647 463 2669 non
491 2635 658 2683 oportere
682 2637 875 2679 admirari,
897 2640 950 2672 ait
972 2639 1189 2682 imperator,
1214 2649 1332 2684 neque
1357 2637 1492 2677 dolere,
1519 2648 1557 2671 se

113 2680 279 2715 delusum
295 2707 304 2723 ‚
330 2683 360 2715 si
388 2684 465 2728 ipse
491 2683 640 2730 quidem
666 2686 854 2718 veritatem
880 2687 919 2718 in
945 2685 1016 2718 vita
1040 2686 1160 2718 colere
1183 2685 1365 2725 statuerit,
1393 2685 1450 2718 illi
1472 2695 1555 2717 vero

109 2728 280 2770 mentiri,
324 2729 578 2774 sycophantari
603 2736 642 2764 et
665 2731 809 2765 fraudes
833 2742 1050 2775 componere
1075 2737 1151 2765 tota
1173 2733 1245 2766 vita
1267 2731 1438 2766 studeant
1453 2757 1462 2772 ,
1494 2730 1558 2763 sed

110 2783 155 2808 ex
177 2774 234 2810 his
271 2776 396 2823 paucis
420 2776 575 2814 maxime
619 2778 727 2815 etiam
752 2778 846 2822 alia,
873 2789 966 2825 quae
990 2777 1081 2814 belli
1116 2783 1278 2826 tempore
1311 2779 1557 2825 contigissent,
