1820 3152
520 155 895 200 HISTORIARUM
934 159 1006 199 111.
1035 157 1108 206 87.
1422 136 1532 211 539

104 261 196 319 υἱῷ,
223 261 296 303 καί
320 257 451 302 αὕτόν
475 253 580 300 εἶναι
614 261 773 315 πατέρα
800 260 1006 312 βασιλέων
1033 260 1108 302 καί
1130 261 1271 302 πᾶσαν
1300 256 1412 313 ἔχειν
1450 251 1532 314 '‘²9-
1544 262 1624 298 ΔΕ.
1644 262 1728 308 ι345

101 326 184 382 χὴν
209 324 283 367 καί
294 325 511 380 πράττειν,
541 320 642 366 ἅττα
664 320 717 366 ἂν
735 326 836 380 δοκῇ
854 341 863 351 ·
895 320 947 366 ἂν
975 327 1016 366 δ’
1035 324 1314 380 ἀπαναίνηται
1335 323 1535 380 τὴνῐδυσ-

100 395 285 447 γένειαν,
315 392 380 432 ἐπ’
410 385 543 444 αὗτὴν
569 395 737 446 χωρεῖν.
792 389 919 444 δήλην
943 389 1023 446 γάρ
1055 384 1135 446 ἤδη
1165 386 1274 432 εἶναι
1299 388 1403 431 κακὰ
1432 393 1536 444 βου-

101 458 324 512 λευομένην
359 452 458 510 περὶ
491 455 639 497 αὐτοῦ’.
701 454 972 497 συνεσκεύακε
999 456 1046 497 δὲ
1072 458 1146 498 καί
1168 457 1262 498 κατ’
1293 456 1419 510 αὐτῆς
1445 457 1537 496 ἐπι-

73 521 255 577 5βουλὴν
293 521 502 575 τοιαύτην.
566 520 794 575 γράμματα
836 518 944 576 πρὸς
976 518 1137 563 Πάπαν
1178 518 1362 577 ἔγραφεν
1406 518 1464 569 ὦς
1491 522 1536 570 ἐξ

101 587 246 642 αὐτῆς.
312 584 461 641 ἐδήλου
501 587 547 628 δὲ
582 585 635 628 τὰ
668 583 924 642 γράμματα,
967 587 1024 636 ὥς
1061 584 1165 641 αὕτη
1196 589 1275 640 μὲν
1308 585 1535 642 ἐντραφείη

98 651 216 695 ἔθεσι
250 651 324 694 καί
348 650 495 705 νόμοις
518 657 606 701 τοῖς
627 652 871 705 (Ρωμαίων,
898 651 973 694 καί
1002 650 1188 706 δόγματα
1215 653 1463 708 πρεσβεύοι,
1506 648 1536 692 ἃ

97 717 171 760 καὶ
207 718 234 774 ἦ
258 719 484 771 “Ρωμαι’ων
511 719 729 774 ἐκκλησία·
787 721 958 772 βασιλεῖ
981 719 1027 759 δὲ
1055 717 1135 762 ὖπὸ
1164 719 1248 761 τῶν
1277 719 1437 760 οἰκείων
1465 719 1535 759 ἑκ-

97 786 291 836 δοθεῖσα,
323 782 480 841 ἀνάγκῃ
507 781 560 825 τὰ
587 782 745 825 ἐκείνου
774 783 1085 838 ὑποκρίνεσθαι.
1139 784 1216 840 τήν
1246 785 1391 838 μέντοι
1416 782 1532 839 πρώ-
1546 785 1578 819 Ρ·
1591 783 1659 820 655

50 867 171 906 ιοτην
213 850 436 903 ειῖλὰβειαν
474 851 547 891 καί
576 852 712 892 πίστιν
752 853 825 893 καί
850 848 1048 903 ὁμόνοιαν
1075 853 1126 909 τῇ
1146 851 1366 905 Ῥωμαίων
1392 852 1535 906 ἐκκλη-

97 919 169 973 σίᾳ
214 913 461 969 περισώζειν
495 914 570 957 καί
606 912 735 958 αὖτὸν
772 916 970 972 ἡγεῖσθαι
997 919 1158 972 πατέρα
1181 917 1254 959 καί
1284 914 1535 959 διδάσκαλον

97 983 172 1023 καί
207 979 313 1036 πρὸς
346 979 421 1035 τὴν
458 980 595 1024 πίστιν
633 979 801 1037 ὄδηγόν.
876 983 950 1023 καί
973 980 1203 1036 βούλεσθαι
1228 983 1307 1036 μὲν
1334 981 1408 1024 καί
1431 979 1537 1036 μετὰ

96 1047 174 1102 τήν
199 1044 352 1103 α’νδρός
378 1046 530 1089 αὐτίκα
556 1046 752 1103 τελευτὴν
781 1050 884 1104 δῆλα
913 1047 1050 1090 πάντα
1077 1050 1280 1106 καθιστᾷν
1311 1049 1436 1105 αὐτῷ,
1465 1049 1539 1091 καὶ

96 1115 341 1167 πειρᾶσθαι,
367 1111 442 1154 καὶ
466 1115 605 1155 πᾶσαν
631 1111 710 1168 τήν
746 1109 887 1169 ἆρχὴν
915 1113 968 1157 τοὶ
996 1113 1069 1157 ἴσα
1113 1111 1142 1170 ἢ
1183 1117 1344 1156 πείθειν
1390 1111 1420 1170 ἢ
1460 1131 1536 1156 κα-

48 1175 361 1232 ι5ταναγκάζειν
397 1179 496 1233 περὶ
531 1182 612 1221 τῶν
650 1183 724 1235 τῆς
762 1184 938 1230 πίστεως
974 1179 1191 1235 δογμάτων
1220 1182 1325 1237 αὐτῇ
1352 1185 1536 1236 φρονεῖν.

93 1243 336 1298 κωλυθῆναι
378 1245 424 1284 δὲ
454 1243 536 1285 ὑπὸ
566 1246 650 1287 τῶν
686 1246 970 1302 περισχόντων
997 1248 1205 1300 πολέμων,
1239 1248 1322 1288 τῶν
1349 1243 1534 1299 μάλιστα

93 1306 210 1362 παρὰ
244 1308 475 1361 “Ρωμαίοις
522 1309 821 1354 δυνατωτάτων
853 1310 960 1367 πρὸς
1001 1308 1136 1366 αὐτὴν
1162 1311 1267 1368 ὑπὲρ
1297 1313 1369 1365 τῆς
1397 1308 1536 1366 ἀρχῆς

94 1370 415 1428 πολεμησάντων
462 1375 536 1417 καὶ
571 1374 635 1417 ἔτι
660 1378 790 1432 μέχρι
826 1379 902 1419 νῦν
932 1379 1214 1431 ἐπικειμένων.
1270 1374 1369 1419 ὅθεν
1401 1377 1537 1420 αὐτοῦ

95 1438 274 1493 δεῖσθαι,
299 1441 441 1494 πρῶτα
467 1443 546 1493 μὲν
572 1441 679 1499 αὐτῇ
706 1440 753 1483 τὸ
787 1446 904 1485 θεῖον
932 1441 1151 1485 ἱλεοῦσθαι
1178 1441 1247 1484 διὰ
1275 1441 1349 1497 τήν
1376 1444 1525 1484 δοκοῦ-

40 1519 174 1553 ,οσαν
211 1507 294 1545 τῶν
331 1507 671 1560 διεστραμμένων
708 1507 924 1561 δογμάτων
961 1508 1146 1563 αἵρεσιν·
1199 1506 1345 1549 ἔπειτα
1381 1509 1428 1550 δὲ
1463 1507 1570 1550 καίΒ

95 1572 266 1624 βοηθεῖν
287 1571 359 1612 ἐπὶ
382 1569 481 1619 τούς
500 1573 792 1626 πολεμοῦντας,
822 1570 934 1623 ὅπως
963 1568 1015 1614 ἂν
1044 1571 1237 1626 δύναιτο,
1265 1570 1335 1626 ὥς,
1363 1573 1405 1614 εἴ
1427 1575 1535 1614 ἐκεῖ·

95 1650 160 1676 νοι
188 1642 521 1692 καταστραφεῖεν
539 1669 551 1690 ,
582 1637 711 1694 αὐτῆς
737 1638 889 1680 αὐτίκα
917 1635 970 1679 τὰ
1002 1641 1075 1694 τῆς
1096 1638 1325 1692 εΡωμαίων
1353 1638 1534 1680 α’ποστο-

93 1703 209 1755 λικῆς
237 1701 455 1758 ἑκκλησώις
482 1701 819 1759 πρεσβευσούσης
842 1704 1035 1760 φανερῶς
1061 1705 1135 1746 καί
1161 1710 1249 1763 τοῖς
1277 1699 1419 1753 ἄλλοις
1445 1703 1533 1759 ὑφ-

94 1769 362 1823 ηγησομένης.
428 1770 602 1811 τοιαῦτα
639 1771 717 1823 μὲν
756 1768 808 1812 τὰ
850 1768 956 1827 πρὸς
994 1768 1156 1813 Πάπαν
1194 1771 1267 1825 τῆς
1316 1768 1533 1824 βασιλίδος

92 1906 194 1942 nunt,
221 1913 258 1935 se
283 1907 422 1948 patrem
447 1903 700 1949 imperatorum
726 1915 803 1939 esse
826 1905 938 1946 velle,
962 1903 1170 1951 habereque
1194 1908 1310 1938 totum
1336 1904 1530 1949 imperium

92 1949 132 1982 in
172 1959 279 1981 manu
315 1960 403 1991 sua,
435 1956 472 1984 et
504 1952 622 1985 facere
665 1962 758 1997 quae
782 1951 943 1985 libuerit.
993 1952 1058 1985 Sin
1081 1957 1230 1997 propter
1263 1951 1530 1995 ignobilitatem

93 2005 192 2027 suam
218 1995 464 2030 conditionem
489 1996 581 2031 hanc
605 2004 758 2039 recuset,
782 2009 861 2031 eam
884 2003 1193 2043 oppugnaturum:
1220 1997 1394 2031 indicium
1422 1999 1532 2043 quip-

91 2053 139 2087 pe
178 2041 275 2075 haud
305 2041 458 2077 dubium
501 2044 603 2084 sore,
641 2056 719 2077 eam
751 2045 824 2078 sibi
862 2046 995 2078 malum
1034 2044 1244 2078 machinari.
1301 2045 1530 2088 Excogitavit

94 2088 203 2121 etiam
228 2090 398 2134 nequiter
442 2101 484 2123 ac
518 2090 671 2125 subdole
698 2091 908 2125 huiusmodi
934 2097 1057 2125 contra
1091 2101 1169 2124 eam
1198 2089 1358 2124 insidias.
1406 2091 1529 2125 Litte-

92 2145 148 2168 ras
187 2135 227 2168 in
268 2135 345 2169 eius
380 2147 534 2181 persona
559 2137 605 2170 ad
630 2148 758 2182 papam
786 2140 931 2184 scripsit
968 2138 1038 2172 hoc
1062 2138 1241 2182 exemplo.
1292 2137 1337 2171 Se
1364 2137 1528 2172 moribus

92 2191 135 2213 ac
156 2181 297 2226 legibus
323 2183 561 2218 Romanorum
587 2184 772 2218 educatam
789 2210 799 2225 ,
823 2185 948 2218 eadem
986 2196 1065 2219 cum
1091 2186 1248 2218 Romana
1283 2184 1434 2218 ecclesia
1458 2184 1528 2218 do-

92 2233 211 2272 gmata
244 2228 361 2262 colere
392 2239 434 2261 ac
471 2232 647 2270 venerari,
694 2232 722 2264 A
751 2232 825 2264 suis
859 2236 978 2265 autem
1011 2232 1290 2276 consanguineis
1315 2231 1527 2276 imperatori

92 2274 269 2315 locatam,
292 2275 383 2308 velit
417 2277 531 2318 nolit,
558 2278 635 2322 eius
669 2278 880 2323 religionem
906 2279 1086 2316 simulare.
1132 2278 1392 2312 Verumtamen
1419 2289 1527 2324 quam

92 2320 138 2353 ab
177 2321 331 2354 infantia
377 2321 566 2358 imbiberit
607 2325 842 2369 religionem,
881 2324 1010 2366 fidem,
1054 2325 1307 2366 concordiam,
1343 2326 1526 2358 Romanae

93 2367 266 2401 ecclesiae
310 2367 485 2413 integram
530 2371 815 2417 inviolatamque
855 2371 1058 2412 custodire,
1095 2376 1132 2404 et
1166 2372 1284 2417 ipsum
1325 2377 1526 2417 parentem,

92 2413 296 2458 magistrum
336 2425 376 2448 ac
413 2415 536 2451 ducem
562 2418 649 2452 fidei
673 2429 885 2462 agnoscere:
909 2419 1141 2464 voluisseque
1177 2429 1261 2452 mox
1293 2423 1376 2463 post
1402 2419 1526 2453 mariti

93 2459 234 2494 obitum
282 2465 413 2494 statum
459 2463 493 2495 ei
526 2475 629 2498 suum
662 2476 864 2509 exponere,
898 2470 936 2498 et
972 2467 1114 2505 conari,
1161 2470 1203 2498 ut
1229 2470 1344 2499 totum
1378 2475 1525 2512 quoque

91 2506 308 2551 imperium,
331 2517 393 2540 seu
418 2508 681 2552 voluntarium,
705 2522 766 2544 seu
792 2517 953 2544 coactum
980 2511 1142 2545 eamdem
1170 2522 1288 2545 secum
1312 2511 1526 2556 religionem

91 2553 339 2597 profiteretur:
374 2554 437 2588 sed
469 2554 576 2590 bellis
599 2557 809 2603 urgentibus
836 2562 872 2590 et
905 2569 1020 2603 usque
1045 2557 1155 2592 hodie
1181 2557 1414 2599 durantibus,
1439 2559 1524 2604 qui-

92 2599 160 2632 bus
187 2598 282 2644 apud
308 2600 483 2633 Romanos
507 2605 748 2647 potentissimi
772 2615 880 2647 super
905 2603 1056 2647 imperio
1091 2615 1212 2638 secum
1237 2604 1430 2646 dimicent,
1455 2606 1524 2638 im-

92 2645 253 2691 peditam
278 2646 399 2680 suisse.
448 2647 550 2683 Unde
575 2661 612 2684 se
635 2651 774 2695 precari
799 2651 916 2691 illum,
945 2651 1099 2694 primum
1125 2650 1288 2696 quidem,
1311 2652 1364 2685 uti
1387 2663 1524 2686 numen

93 2691 163 2725 sibi
201 2693 396 2736 propitiet,
437 2695 535 2739 quod
571 2698 842 2741 perversitatem
879 2697 984 2729 istam
1011 2698 1375 2741 dogmatum.sectata
1398 2698 1523 2732 videa-

92 2742 172 2773 tur:
199 2737 332 2774 deinde
357 2745 482 2775 contra
507 2741 629 2779 hostes
655 2755 734 2779 eam
759 2755 824 2791 pro
852 2742 990 2779 viribus
1019 2743 1178 2783 adiuvet:
1217 2745 1349 2792 quibus
1374 2744 1523 2780 subver-
