1800 3132
291 193 403 249 386
818 206 1190 251 CANTACUZENJ

90 330 130 365 A.
144 331 184 365 C.
200 329 284 374 ¹343
294 337 360 364 σιν
391 320 650 362 ἀποκνοῦντα
670 316 776 373 πρὸς
795 317 893 366 τούς
912 316 1085 372 πόνους,
1117 318 1241 360 οὐδὲν
1269 320 1418 361 διοίσει
1438 321 1522 361 τῶν
1552 320 1727 369 πολλῶν,

285 387 382 428 οὐδὲ
413 386 521 438 μέγα
552 400 594 425 τι
622 383 695 424 καί
720 381 843 436 λόγου
873 378 988 435 ἄξιον
1019 382 1325 437 κατορθώσειεν
1354 379 1406 426 ι’ἷν
1433 399 1546 425 ποτε.
1600 379 1651 425 ἂν
1683 385 1730 425 δὲ

283 450 355 492 καί
402 451 505 505 περί
540 464 665 490 τινων
699 448 894 502 μεγάλων
923 442 951 505 ᾗ
980 447 1003 503 ἢ
1035 450 1294 504 ἐπιχείρησις
1322 451 1392 491 καί
1430 450 1454 503 ἦ
1485 446 1728 503 παρασκευῇ

281 517 505 569 θαυμασία
535 513 608 556 καί
632 512 793 568 μεγάλη
818 513 844 567 ἡ
875 514 1066 568 δαπάνη,
1113 513 1258 555 ἔπειτα
1287 515 1464 572 α’βουλιᾲ
1497 515 1573 556 τοῦ
1600 530 1730 567 στρα-

281 582 410 638 τηγοῦ
453 579 525 622 καί
566 578 742 635 ἀτολμίᾳ
790 580 923 634 μηδὲν
972 575 1086 630 ἄξιον
1116 576 1269 635 ἑαυτῆς
1318 581 1343 634 ἡ
1380 578 1554 634 στρατιά
1595 580 1755 634 έκείνη5

281 646 460 703 πράττῃ,
500 646 553 686 ου’
589 643 706 698 παρὰ
733 645 816 686 τῶν
849 644 988 687 ἄλλων
1033 643 1192 698 μόνον,
1226 645 1333 687 ἀλλὰ
1367 647 1440 687 καί
1465 648 1561 700 παρ’
1575 647 1731 699 αὐτῶν,

282 708 342 755 ὧν
384 707 498 765 ἄγει,
538 708 670 751 πολλοὶ
715 708 873 759 δίκαιος
913 711 1202 764 λοιδορεῖσθαι
1237 710 1312 752 καί
1350 710 1731 766 περιυβρίζεσθαι»

280 775 345 819 ὅτι
374 779 425 834 τῇ
459 777 642 832 σφετέρᾳ
672 777 846 834 ἀτολμία
866 777 1023 835 ταῖν-ἐκ
1050 778 1133 818 τῶν
1164 774 1298 831 ἔργων
1329 778 1508 818 ἐπαίνων
1536 775 1610 817 καί
1645 777 1731 817 τῶν

281 838 426 885 ἄθλων
452 843 534 883 τῶν
567 839 647 882 άπὸ
690 841 772 883 τῶν
814 840 950 883 πόνων
993 840 1150 891 αὐτοὺς
1194 839 1430 896 ἀποστερεῖ.
1485 840 1510 896 ἦ
1542 843 1619 895 μὲν
1657 836 1733 883 οὖν

149 921 269 956 Ρ,565
284 906 490 956 ὑπόθεσις
517 908 590 961 τῆς
621 905 824 961 ἡμετέρας
852 909 1072 962 στρατείας
1103 909 1287 963 ταυτησί
1319 907 1497 960 οὐδεμία
1527 911 1589 956 τίς
1618 908 1783 950 ἑστινιο

281 971 419 1028 ἑτέρα,
450 968 478 1026 ἢ
503 975 678 1026 βασιλεῖ’
698 975 754 1027 τῷ
772 975 1108 1032 Καντακουζηνῷ
1136 971 1251 1028 ἥκειν
1279 973 1351 1016 ἐπὶ
1381 975 1618 1030 συμμαχίᾳ,
1647 969 1729 1014 ὖπὸ

274 1038 498 1091 Ῥωμαίων
525 1038 639 1093 κοινῇ
670 1039 963 1096 πολεμουμένῳ
997 1038 1067 1079 διὰ
1102 1036 1287 1095 φθόνον,
1322 1037 1395 1080 καί
1422 1035 1626 1093 πρότερον
1653 1038 1732 1090 μὲν

277 1103 430 1158 χρόνον
458 1097 538 1157 ἤδη
568 1100 698 1145 πολὺν
729 1102 801 1144 έπί
829 1102 1064 1159 Τριβαλούς
1090 1104 1297 1163 ὑπερορίῳ
1321 1103 1607 1158 διατρίψαντι,
1638 1102 1735 1144 νυνὶ

284 1170 330 1209 δὲ
351 1162 433 1222 ἤδη
455 1168 650 1224 θεοῦτοῢ
676 1165 859 1222 μεγάλου
884 1167 989 1223 πρὸς
1016 1166 1334 1222 τῆνῘΡωμαίων
1361 1166 1605 1223 ἐπανήκοντι
1631 1182 1732 1209 συν-

282 1237 534 1290 αιρομένου,
565 1233 638 1275 καί
663 1233 804 1284 πόλεις
834 1233 991 1284 πολλὰς
1018 1237 1092 1276 καί
1116 1233 1262 1289 χώραν
1292 1234 1367 1275 οὕκ
1400 1233 1564 1288 ὀλίγην,
1595 1231 1651 1281 ὥς
1680 1231 1784 1278 ἆ-15

282 1301 472 1354 κούομεν,
501 1300 578 1355 ὑφ’
605 1297 742 1356 ἑαυτῷ
771 1302 1043 1357 πεποιημένῳ.
1100 1302 1323 1353 συμβαίνει
1353 1301 1415 1353 δὲ,
1447 1296 1585 1354 ὥσπερ
1618 1298 1731 1354 ὁρῶ-

281 1383 370 1420 μεν,
391 1365 547 1407 ἐκεῖνόν
572 1380 615 1405 τε
649 1365 770 1406 ου’δὲν
797 1365 914 1420 ἡμῶν
940 1365 1267 1406 ἀπολελαυκέναι
1298 1367 1371 1419 τῆς
1400 1365 1629 1417 δυνάμεως,
1658 1366 1733 1406 καί

285 1432 398 1486 ἡμᾶς
439 1432 529 1485 εἰκῆ
567 1431 640 1471 καί
676 1428 815 1484 μάτην
854 1429 928 1471 τὸν
955 1431 1152 1472 τοσοῦτον
1179 1431 1310 1471 πλοῦν
1341 1431 1413 1471 καί
1438 1428 1515 1483 τὴν
1543 1429 1732 1484 δαπάνην

285 1498 559 1551 πεποιῆσθαι.
628 1494 672 1536 τὸ
715 1497 792 1546 μὲν
837 1491 912 1536 οὖν
940 1494 1045 1550 ὑπὲρ
1076 1495 1234 1537 ἐκείνου
1264 1492 1534 1544 κινδυνεύειν,
1566 1491 1623 1542 ὥς
1653 1491 1729 1552 ῥᾳ-

249 1561 443 1617 Βσταὶνης
480 1564 617 1615 πάσης
655 1557 775 1615 ἥδιον
802 1562 876 1602 καί
900 1559 1056 1616 πολλὴν
1083 1559 1183 1616 ἡμῖν
1211 1559 1313 1602 οἴσει
1342 1560 1416 1615 τήν
1442 1561 1633 1610 εὐδοξίαν
1659 1558 1782 1604 uaiao

282 1626 330 1668 τὸ
361 1628 665 1680 θαυμάζεσθαι
696 1626 811 1681 παρὰ
839 1625 1024 1680 πάντων,
1058 1627 1130 1668 καί
1153 1627 1275 1679 ὑμεῖς
1300 1625 1435 1681 ἔργοις
1465 1628 1609 1676 αὐτοῖς
1635 1624 1732 1678 ἐμοὶ

285 1698 641 1747 συμμαρτυρεΐτε.
698 1690 1004 1748 προθυμότατα
1029 1691 1109 1748 γάρ
1140 1691 1517 1749 συνεστρατεύσατε
1550 1695 1625 1735 καί
1650 1692 1728 1734 ου’κ

285 1755 615 1811 α’ναγκαζόμενοι
652 1754 720 1798 ὑπ’
760 1759 881 1812 ἐμοῦ,
923 1759 1012 1800 ἀλλ’
1047 1760 1088 1801 εἰ
1128 1760 1199 1800 δεῖ
1229 1774 1269 1801 τι
1310 1758 1383 1801 καὶ
1412 1759 1554 1812 μεῖζον
1581 1759 1726 1810 εἰπεῖν,

284 1916 360 1944 tum
398 1916 629 1956 aspectam,
661 1910 823 1943 laborem
848 1911 1079 1952 reformidet,
1112 1911 1208 1946 nihil
1231 1921 1251 1943 a
1274 1912 1381 1955 vulgo
1409 1911 1576 1953 differet,
1602 1920 1724 1957 neque

285 1968 453 2001 magnum
488 1958 676 2002 quippiam
702 1961 738 1989 et
765 1956 1000 1991 memorabile
1034 1970 1194 2003 unquam
1218 1968 1387 2002 prospere
1416 1963 1522 2003 geret.
1573 1959 1610 1992 Si
1638 1969 1724 1992 vero

286 2004 399 2038 ardua
441 2003 640 2048 quaedam,
682 2004 814 2047 insigni
854 2009 1053 2049 apparatu,
1096 2016 1163 2039 nec
1198 2014 1306 2049 parva
1344 2005 1508 2049 impensa
1550 2003 1724 2039 tentanda

285 2053 381 2090 sint,
414 2050 570 2083 stultitia
597 2060 638 2082 ac
662 2049 860 2083 timiditate
885 2050 987 2083 ducis
1012 2051 1108 2085 nihil
1142 2062 1180 2084 se
1203 2050 1347 2095 dignum
1375 2052 1554 2085 exercitus
1583 2052 1645 2085 iiie
1669 2050 1725 2083 fa-

286 2098 379 2136 ciat,
412 2107 486 2128 non
524 2095 568 2128 ab
600 2096 681 2128 aliis
709 2095 836 2137 modo,
861 2095 925 2129 sed
948 2096 993 2128 ab
1019 2097 1107 2142 ipsis
1131 2099 1239 2131 etiam
1265 2097 1444 2130 miiitibus
1471 2098 1643 2132 conviciis
1667 2101 1723 2130 ab·

286 2154 358 2187 que
395 2142 538 2185 probris
569 2142 692 2174 multis
725 2153 799 2176 non
837 2143 1019 2177 immerito
1045 2149 1254 2189 appetatur,
1294 2143 1390 2188 quod
1418 2144 1576 2177 imbellis
1604 2150 1641 2178 et
1666 2142 1723 2178 ef-

285 2189 480 2221 feminatus
517 2194 554 2221 et
589 2187 764 2220 laudibus.
790 2192 828 2221 et
857 2191 1028 2232 praemiis
1053 2190 1226 2223 factorum
1251 2199 1311 2222 eos
1337 2191 1540 2234 privaverit.
1566 2191 1720 2225 Materia

283 2236 395 2279 igitur
427 2239 463 2267 et
497 2234 599 2280 quasi
636 2240 887 2277 argumentum
927 2235 1036 2270 huius
1064 2241 1207 2269 nostrae
1250 2237 1494 2280 expeditionis
1524 2238 1595 2270 alia
1618 2237 1720 2270 nulla

285 2287 362 2322 est,
395 2292 502 2326 quam
536 2281 747 2325 imperatori
779 2281 1027 2315 Cantacuzeno
1062 2282 1310 2315 communibus
1339 2285 1444 2316 armis
1470 2294 1514 2316 ex
1538 2283 1673 2317 invidia
1698 2294 1720 2316 a

283 2327 455 2361 Romanis
498 2332 705 2372 oppugnato
752 2333 789 2360 et
820 2332 904 2360 ante
937 2327 998 2361 diu
1036 2328 1133 2374 apud
1176 2328 1358 2362 Triballos
1404 2330 1576 2376 profugo,
1621 2341 1720 2363 nune

285 2375 409 2408 divina
443 2372 636 2406 adiuvante
668 2373 833 2417 potentia
869 2375 908 2407 in
943 2374 1057 2407 solum
1098 2376 1314 2416 Romanum,
1348 2377 1471 2409 munis
1506 2375 1658 2410 urbibus
1681 2382 1720 2410 et

285 2421 404 2464 spatio
438 2431 513 2452 non
542 2419 707 2460 modico,
746 2424 786 2452 ut
815 2420 956 2460 fertur,
990 2420 1030 2455 in
1052 2426 1267 2467 potestatem
1296 2433 1393 2455 suam
1423 2423 1574 2456 redactis
1599 2432 1718 2456 rever-

283 2467 401 2507 tenti,
437 2465 629 2499 subvenire
665 2470 775 2510 atque
809 2467 991 2509 opitulari.
1053 2467 1214 2510 Contigit
1247 2473 1388 2509 autem,
1422 2469 1519 2514 quod
1542 2467 1717 2509 videmus,

284 2512 389 2544 illum
417 2524 436 2546 e
461 2516 581 2545 nostra
619 2512 754 2546 virtute
786 2512 929 2545 nullum
966 2513 1102 2557 cepisse
1128 2514 1353 2555 subsidium,
1387 2521 1422 2549 et
1449 2527 1513 2549 nos
1539 2515 1717 2548 ineassum

283 2567 326 2590 ac
350 2559 479 2591 frustra
500 2563 636 2591 tantam
661 2559 926 2603 navigationem
955 2571 1033 2593 cum
1059 2565 1158 2593 tanto
1186 2561 1371 2604 impendio
1395 2561 1604 2595 instituisse.
1648 2562 1715 2595 Pro

282 2604 349 2636 illo
383 2605 493 2647 igitur
528 2604 725 2645 dimicare,
768 2605 950 2650 quomodo
982 2606 1106 2652 quavis
1143 2607 1253 2639 animi
1285 2608 1496 2642 remissione
1518 2606 1714 2641 iucundius

283 2654 321 2683 et
346 2652 524 2693 egregium
550 2651 658 2683 decus
687 2652 792 2684 nobis
820 2651 1167 2698 admirationemque
1192 2654 1298 2697 longe
1332 2654 1476 2700 iateque
1499 2654 1715 2688 conciliatu-

281 2706 359 2729 rum
385 2697 452 2736 sit,
477 2707 537 2728 vos
563 2707 709 2742 quoque
733 2698 828 2731 tacto
851 2698 931 2743 ipso
953 2701 1191 2733 attestamini:
1218 2699 1452 2744 cupidissime
1475 2699 1590 2741 enim,
1614 2699 1715 2733 haud

281 2746 407 2774 coactu
440 2754 519 2775 meo
551 2743 704 2785 profecti
743 2756 901 2785 mecum,
938 2745 1036 2786 imo,
1073 2751 1114 2779 ut
1149 2747 1266 2779 maius
1300 2747 1388 2793 quid
1419 2747 1553 2787 dicam,
1585 2757 1642 2780 me
1667 2747 1714 2780 ad

281 2787 375 2822 hanc
406 2789 665 2834 profectionem
707 2790 778 2835 ipsi
811 2791 989 2826 cohortati
1016 2793 1112 2827 estis.
1178 2792 1355 2838 Equidem
1381 2792 1479 2840 quod
1503 2793 1549 2827 ad
1576 2804 1635 2828 me
1657 2797 1712 2827 at-
