1800 3138
545 35 550 60 Ι

510 178 889 222 111sTon1ARUM
930 182 1003 221 111.
1044 184 1112 228 28.
1427 181 1445 216 1
1461 161 1529 235 75

86 285 258 338 μετρίου
287 282 582 335 νεωτεροποιοί.
638 280 725 323 ἀλλ’
756 282 814 331 εἰς
844 280 922 331 τὰς
963 284 1094 332 οἰκίας
1132 281 1408 335 ἀπελθόντες,
1453 280 1719 336 τὴνΑ.(ζ.ι36.ι

87 347 182 402 ἴσην
207 342 372 389 εὔνοιαν
403 345 630 397 διασώζετε
657 346 759 400 ἡμῖν
787 345 882 396 καί,
916 351 1069 403 καιροῦ
1094 350 1343 401 καλοῦντος,
1380 347 1534 389 ἐπιδεί-

88 414 251 463 ‘gau-9⁶³2
309 410 451 453 ἔπειτα
494 417 580 460 τοῖς
616 414 699 453 τῶν
741 409 973 466 χρημάτων
1018 414 1180 454 ἐκέλευε
1218 413 1407 465 ταμίαις,
1449 416 1536 461 τοῖς

88 478 166 528 μὲν
204 474 511 531 μισθοφόροις,
556 474 600 517 εἴ
630 492 671 517 τι
711 479 787 518 τοῦ
820 478 981 528 μισθοῦ
1019 473 1244 532 ὦφειλετο,
1287 476 1537 519 ἀποδιδόναι

60 540 160 584 fixas*
193 542 363 597 προσέτι
401 539 746 595 ε’πεδαψιλεύετο·
782 546 869 590 τοῖς
897 542 936 582 δ’
964 536 1130 595 ἄλλοις,
1173 539 1264 584 ὅσοι
1290 545 1335 584 ἐκ
1363 544 1535 597 χωρίων

82 604 158 655 τοὶς
183 607 414 662 προσόδους
451 602 593 661 εἶχον,
625 605 698 648 καί
735 607 881 655 αὐτοῖς
906 609 1082 662 χρυσίον
1108 609 1324 661 διανείμας
1372 606 1529 659 ἱκανόν,

85 669 305 725 ἀπέπεμπε
327 671 436 727 πρὸς
456 671 531 720 τάς
560 671 705 725 οἰκίας,
736 671 895 721 πολλάς
923 671 996 713 καί
1007 669 1191 726 μεγάλας
1203 675 1272 727 τῆς
1290 673 1536 728 κηδεμονίας

83 735 202 777 ἕνεκα
228 735 302 786 τὰς
327 735 508 791 χάριτας
535 736 843 791 ὁμολογοῦντας
871 736 946 779 καί
972 736 1056 790 ὥς,
1105 732 1158 792 ἢν
1184 736 1397 791 λάβωνται
1434 742 1568 779 και-(ἶ

83 801 185 853 ροῧ,
227 803 300 855 τῆς
329 803 570 856 ειῖεργεσίας
597 798 707 853 ἄξιοι
734 805 964 858 φανεῖσθαι
999 803 1386 856 ἐπαγγελλομένους.
1417 801 1535 852 ὅσοις

34 866 132 906 rods
158 865 217 920 μὴ
247 872 438 920 γυναῖκες
477 862 583 922 ἦσαν
611 870 686 909 καί
720 867 863 921 τέκνα,
904 872 1072 921 κατεῖχε
1102 868 1202 923 παρ’
1229 868 1370 925 αὐτῷ,
1400 871 1474 912 καί
1497 872 1543 915 εἴ

82 945 145 979 τις
173 931 309 986 ἕτερος
347 929 452 973 ἑκών
489 929 596 974 εἶναι
636 933 892 977 ὑπελείπετο.
944 931 1053 986 μετὰ
1093 934 1139 975 δὲ
1177 934 1296 974 τοῦτο
1336 935 1536 990 στρατιὰν

84 996 388 1049 α’πολεξάμενος
425 999 471 1040 ἐκ
511 1000 587 1052 τῆς
628 997 845 1055 παρούσης
887 999 947 1047 εἷς
973 996 1162 1053 τάγματα
1191 995 1434 1053 ἑκκαίδεκα,
1463 1002 1538 1043 καί

82 1061 337 1116 στρατηγοὺς
366 1063 592 1118 ἐπιστήσας
628 1063 702 1106 τόν
728 1080 774 1106 τε
791 1066 1012 1120 πιγκέρνην
1038 1061 1241 1119 Ἰωάννην
1263 1064 1338 1106 καί
1360 1064 1432 1108 τὸν
1459 1082 1535 1120 γυ-

81 1125 223 1176 ναικός
253 1127 440 1184 (ἷδελφὸν
467 1127 644 1184 Ἀσάνην
672 1128 740 1172 τὸν
768 1127 1006 1184 Μανουῆλ,
1049 1131 1238 1171 ἐκέλευεν
1278 1130 1337 1178 εἷς
1368 1129 1535 1182 Βυζάν-

34 1193 168 1233 ι5τιον
196 1192 452 1246 ἐμβαλόντας
480 1196 552 1236 καί
581 1195 679 1250 περὶ
703 1194 778 1237 τὸν
802 1196 986 1237 111έλανα
1013 1193 1203 1247 ποταμὸν
1230 1198 1535 1250 στρατοπεδευ-

80 1260 288 1310 σαμένους
317 1257 468 1314 εἴργειν
506 1260 582 1316 τὴν
618 1262 664 1302 ἐκ
691 1263 929 1312 Βυζαντίου
957 1259 1185 1316 στρατιὰν,
1230 1256 1339 1310 ὅπως
1362 1259 1421 1315 μὴ
1451 1263 1533 1311 ἐξί-

83 1337 167 1364 οιεν
191 1325 264 1366 ἐπὶ
288 1324 362 1373 τοὶς
402 1326 516 1383 αὐτῷ
542 1324 907 1382 προσχωρησάσας
939 1326 1094 1374 πόλεις.
1151 1321 1278 1374 αὕτὸς
1317 1327 1364 1368 δὲ
1405 1342 1534 1381 παρε-

84 1387 302 1441 σκευάζετο
330 1389 386 1439 ὥς
414 1388 505 1444 ἅμα
526 1398 613 1441 τοῖς
642 1393 871 1440 ἕπιλοίποις
897 1389 1173 1446 στρατιώταις
1199 1389 1269 1432 διά
1294 1393 1531 1446 Πειρίνθου
1548 1405 1579 1438 D

85 1453 160 1497 καὶ
195 1458 432 1511 Σηλυβρίας
472 1453 598 1513 (ἦσαν
639 1456 718 1513 γάρ
763 1457 1175 1514 ἑπαμφοτερίζουσαι
1213 1456 1285 1498 καὶ
1323 1458 1534 1514 μηδετέρῳ

32 1522 292 1573 αοβασιλέων
319 1524 516 1576 καθαρῶς
546 1524 881 1579 προσέχουσαι,)
913 1521 1092 1564 διελθών
1123 1521 1197 1563 καί
1221 1519 1534 1576 ὖποποιησάμε-

85 1599 155 1634 νος
165 1619 179 1639 ‚
217 1583 306 1638 ἅμα
331 1587 525 1643 πιγκέρνῃ
565 1587 638 1629 καὶ
664 1587 823 1644 Ἀσάνῃ
851 1594 936 1637 τοῖς
965 1591 1210 1643 στρατηγοῖς
1237 1583 1339 1641 ἄχρι
1366 1588 1534 1637 Βυζαν-

82 1652 174 1691 τιόυ
212 1652 294 1692 τῶν
323 1654 474 1705 τειχῶν
500 1650 604 1710 ἔλθῃ
635 1651 1043 1708 ἆποπειρασόμενος,
1092 1652 1132 1693 εἰ
1157 1653 1437 1706 προσχωροίη.
1489 1653 1534 1693 ἐν

77 1710 435 1771 Ἀδριανουπόλει
464 1719 511 1760 δὲ
553 1720 645 1761 ἐπεὶ
682 1721 760 1760 τοῦ
801 1719 1156 1772 Καντακουζηνοῦ
1196 1718 1401 1771 βασιλέως
1441 1713 1535 1771 ἥκει

174 1829 207 1862 6.
234 1820 368 1865 ἰκανὸν
391 1828 474 1866 add.
488 1828 536 1861 M.
633 1832 666 1867 8,
694 1829 870 1873 λάβονται
894 1829 929 1863 P.

85 1951 258 1977 novarum
282 1940 550 1976 incredibiliter
575 1941 721 1986 cupidi,
747 1943 849 1976 nullo
874 1953 948 1976 non
974 1943 1153 1977 maleficio
1179 1944 1218 1976 in
1240 1954 1303 1976 vos
1327 1955 1531 1988 grassaren-

84 1995 154 2022 tur.
203 1988 275 2022 Sed
306 1987 431 2022 domos
454 1993 678 2033 repetentes,
718 1989 874 2023 eundem
912 1989 1080 2024 adversus
1107 2001 1163 2023 me
1190 1990 1348 2022 animum
1375 1992 1529 2026 retinete

84 2040 144 2075 et,
169 2034 315 2080 quando
339 2046 395 2069 res
422 2034 653 2069 admonuerit
671 2060 681 2075 ‚
715 2036 811 2070 facto
849 2035 1041 2070 ostendite.
1098 2036 1243 2070 Dehinc
1275 2037 1529 2081 quaestoribus

83 2081 268 2114 mandavit
285 2106 296 2122 ,
320 2085 362 2114 ut
384 2082 416 2114 si
441 2081 532 2127 quid
558 2081 824 2126 stipendiorum
850 2082 1056 2122 deberetur,
1085 2083 1315 2116 mercenariis
1339 2084 1527 2126 persolve-

83 2133 167 2162 rent
189 2138 269 2160 cum
292 2129 463 2162 auctario.
512 2128 604 2161 Aliis
631 2139 779 2175 quoque
805 2141 848 2163 ex
874 2130 965 2174 agris
991 2130 1129 2163 reditus
1155 2128 1409 2174 capientibus,
1438 2141 1526 2164 auro

84 2175 182 2218 large
215 2174 432 2215 distributo,
465 2185 588 2208 omnes
625 2186 689 2220 pro
725 2187 809 2209 cura
837 2176 894 2208 sui
929 2175 1054 2209 multis
1082 2175 1202 2209 verbis
1229 2176 1370 2221 egregie
1394 2177 1526 2219 gratias

85 2225 260 2266 agentes,
292 2219 450 2266 dataque
484 2221 673 2255 occasione
710 2221 926 2255 beneficium
962 2221 1078 2267 dignis
1114 2221 1238 2255 datum
1273 2232 1349 2254 esse
1373 2221 1527 2257 demon-

86 2271 260 2301 straturos
282 2267 525 2310 pollicentes,
555 2267 698 2301 domum
724 2269 874 2302 dimisit.
923 2268 998 2314 Qui
1018 2268 1191 2302 uxoribus
1216 2273 1254 2302 et
1276 2267 1402 2303 liberis
1427 2281 1526 2303 care-

85 2317 169 2347 rent
193 2317 230 2346 et
256 2314 287 2346 si
311 2314 392 2359 quis
419 2313 513 2347 alius
537 2318 666 2358 sponte
691 2324 755 2349 sua
778 2320 994 2356 remaneret,
1005 2315 1102 2360 apud
1127 2326 1164 2348 se
1189 2315 1352 2349 retinuit.
1397 2314 1525 2350 Postea

89 2371 135 2393 ex
163 2359 409 2403 praesentium
442 2360 587 2394 delectu
625 2364 823 2395 exercitum
860 2361 1063 2397 cohortium
1104 2361 1260 2395 sedecim
1294 2363 1525 2406 comparavit,

87 2405 221 2452 quibus
246 2408 422 2440 Ioannem
443 2405 652 2441 Pincernam
677 2414 715 2442 et
738 2409 958 2449 manuelem,
974 2409 1096 2442 uxoris
1123 2407 1283 2447 fratrem,
1299 2406 1408 2442 duces
1435 2420 1524 2442 eon·
1554 2426 1557 2427 ⁷

87 2453 226 2487 stituit:
263 2453 440 2498 iussitque
468 2455 508 2488 in
532 2465 655 2498 agrum
690 2455 926 2498 Byzantinum
955 2455 1152 2499 irrumpere
1179 2459 1217 2487 et
1239 2454 1361 2488 castris
1385 2454 1430 2488 ad
1456 2455 1524 2490 Ni·

87 2509 188 2544 grum
214 2499 349 2533 flumen
375 2500 514 2546 positis,
538 2511 659 2535 arcere
685 2498 785 2546 quod
813 2507 893 2535 erat
912 2502 1073 2545 Byzantii
1099 2502 1300 2546 copiarum:
1325 2510 1373 2534 ne
1395 2508 1522 2536 contra

90 2544 198 2579 urbes
212 2570 222 2586 ‚
248 2555 342 2590 quae
367 2546 405 2579 in
429 2547 506 2581 eius
530 2547 640 2581 fidem
668 2548 886 2582 transierant
901 2573 910 2588 ‚
933 2548 1055 2593 egredi
1080 2553 1248 2592 possent3
1271 2549 1350 2591 ipse
1374 2559 1458 2582 vero
1483 2559 1522 2581 se

93 2592 308 2633 instruebat,
331 2596 370 2625 ut
396 2603 473 2627 cum
498 2595 639 2640 reliqua
663 2605 770 2628 manu
794 2606 858 2640 per
881 2595 1094 2630 Perinthum
1119 2599 1156 2628 et
1169 2592 1524 2641 Selybriam,(erant

92 2639 188 2671 enim
215 2638 391 2684 ancipites
418 2642 612 2687 neutrique
637 2641 846 2686 imperatori
856 2641 1002 2686 penitus
1027 2639 1300 2683 adhaerebant)
1316 2639 1380 2674 ubi
1406 2647 1523 2675 trans-

91 2684 178 2718 isset
214 2685 370 2731 illasque
396 2685 648 2730 subiugasset‚
675 2699 756 2720 cum
780 2688 954 2721 Pincerna
978 2693 1014 2720 et
1037 2687 1204 2721 Manuele
1226 2686 1343 2721 Asane
1369 2687 1522 2721 ducibus

90 2729 138 2762 ad
161 2730 237 2774 ipsa
261 2733 425 2775 Byzantii
449 2735 593 2767 moenia
618 2733 831 2775 accederet,
858 2738 1070 2779 experturus
1088 2759 1099 2774 ‚
1122 2733 1253 2780 ecquid
1287 2733 1430 2767 frenum
1462 2745 1523 2768 ac-

86 2777 233 2822 ciperet.
257 2778 523 2826 Adrianopolin
545 2780 669 2816 allatis
688 2780 734 2814 ab
755 2781 971 2827 imperatore
987 2779 1235 2815 Cantacuzeno
1270 2779 1416 2823 litteris,
1435 2781 1521 2826 qui-
