1812 3132
540 185 919 232 ffls'romAmJM
959 188 1033 228 111.
1060 190 1129 232 ιιι.
1473 163 1550 236 89

114 297 188 338 καί
214 294 296 338 τῶν
322 290 488 347 τρόπων
514 286 542 344 ἦ
572 285 782 342 σκαιότης.
835 281 958 335 οὗτος
983 282 1066 340 γὰρ
1096 282 1146 339 δὴ
1176 280 1200 325 ὅ
1228 279 1641 337 παρακοιμώμε-Α.Ο.
1660 282 1744 329 134ι

111 376 181 411 νος
219 362 264 403 ἐκ
305 356 516 405 Βιθυνίας
558 353 801 410 ὦρμημένος
839 354 912 393 καί
947 346 1108 406 ἄσημος
1149 350 1195 391 ἐκ
1222 345 1398 406 φαύλων
1435 345 1551 404 φὺς,

112 426 163 470 τὰ
193 427 338 481 πρῶτα
365 424 444 476 μὲν
470 417 850 476 ὖπεγραμμάτευσε
878 416 1138 466 πολλαῖςτόν
1163 412 1214 457 τοὶ
1245 411 1425 469 δημόσια
1450 409 1557 468 χρή-

112 509 225 546 ματα
261 484 589 545 εἰσπραττόντων
626 483 768 539 ὀλίγου
811 484 931 524 ἕνεκα
965 480 1160 536 μισῧηὸ,
1214 478 1354 522 ἔπειτα
1390 479 1447 537 τῷ
1482 479 1560 520 τοῦ

90 557 321 612 ὄβασιλέως
362 550 674 608 έμισθοφόρησε
712 550 815 606 θείῳ
848 545 1013 606 'Aoniam
1054 547 1119 611 τῷ
1147 542 1421 602 Ἀνδρονίκῳ.
1483 540 1590 586 εἷτ’Β

113 624 272 664 ἐκείνου
309 616 520 671 ἀποστὰς,
563 615 860 671 προσεχώρησε
896 615 1111 671 στρατηγῷ
1149 614 1207 671 τῷ
1246 613 1326 654 τῶν
1354 608 1558 666 ἐσπερίων

112 683 306 740 θεμάτων
334 683 571 740 δομεστίκῳ,
611 679 709 731 τούς
747 682 973 736 δημοσίους
1017 674 1123 728 ἅλας
1163 678 1254 721 τότε
1294 675 1556 733 ἐφορεύοντι.

112 750 278 808 εὐφυὴς
311 752 358 794 δὲ
394 750 539 806 φανείς
570 749 642 791 καί
669 745 888 802 πρόθυμος
914 742 1020 802 πρὸς
1043 743 1118 799 την
1143 744 1404 799 ὑπηρεσίαν,
1450 739 1560 797 χρή-

113 834 227 871 ματα
256 816 486 871 ἐπιστεύθη
514 816 610 870 παρ’
627 815 785 857 ἐκείνου
803 844 815 866 ,
847 810 1045 854 ἵν’ἐλθαὶν
1072 808 1177 866 πρὸς
1205 810 1379 863 βασιλέα
1396 841 1407 859 ,
1439 806 1560 860 (Ἆνψ

68 882 302 940 ιοδρόνικος
328 884 374 924 δὲ
402 879 424 923 ὃ
453 882 616 936 πρῶτος
643 873 742 935 ἧν,)
772 877 893 935 πείσῃ
934 878 1147 934 στρατηγῷ
1186 875 1259 916 καί
1286 875 1344 923 εἰς
1383 870 1560 915 τοῦπιὸν

113 949 205 999 ἔτος
236 947 313 1003 τήν
342 946 538 989 διάθεσιν
565 946 811 1001 ἐγχειρίζειν
834 944 917 986 τῶν
946 943 1072 985 ἁλῶν.
1130 939 1153 982 ὅ
1186 942 1232 982 δὲ
1269 938 1322 982 τὰ
1350 940 1429 992 μὲν
1453 934 1562 993 χρή-

113 1031 225 1068 ματα
265 1011 320 1064 ὥς
361 1013 452 1055 ἴδια
487 1015 661 1065 βασιλεῖ’
690 1007 994 1065 παρεσχηκώς,
1040 1005 1389 1062 ἐπαγγειλάμενος
1417 1004 1462 1046 δὲ
1491 1001 1565 1045 καί

114 1081 321 1121 διπλασίω
348 1079 429 1121 τῶν
459 1074 541 1119 ὑπὸ
570 1077 804 1132 στρατηγοῦ
830 1076 1128 1130 παρεχομένων
1159 1074 1216 1130 τῷ
1251 1071 1454 1126 βασιλικῷ
1485 1069 1562 1110 αὖ-

113 1147 180 1195 τὸς
221 1146 432 1201 εἰσφέρειν
467 1142 668 1200 ταμιείῳ,
710 1141 850 1184 πείθει
891 1140 1071 1194 βασιλέα
1110 1139 1266 1182 ἐκείνου
1308 1135 1563 1190 προελέσθαι

67 1212 190 1253 ιόκαί
213 1212 297 1253 τῶν
327 1210 442 1254 ἁλῶν
469 1211 671 1265 παρέχειν
696 1206 772 1262 τήν
798 1205 949 1262 ἀρχήν.
975 1203 1048 1250 καί
1071 1200 1183 1246 οὕτω
1203 1207 1289 1252 τοῖς
1310 1202 1433 1250 ἰδίοις
1448 1197 1598 1256 χρή-0

114 1292 223 1331 μασι
249 1277 323 1332 τῆς
350 1275 485 1331 ἀρχῆς
512 1277 668 1317 ἐκεῖνον
695 1272 907 1327 ἐκβαλών,
946 1267 1026 1327 ἤδη
1064 1268 1256 1324 λαμπρὸς
1299 1263 1351 1323 ἦν
1388 1265 1462 1308 καὶ
1506 1266 1558 1308 τά

117 1345 266 1398 πρῶτα
295 1343 439 1398 φέρων
465 1343 668 1386 τελωνῶν.
722 1337 792 1388 εἶτ’
824 1336 969 1394 ἐπειδὴ
998 1335 1128 1379 πολλοὶ
1159 1338 1219 1392 τῷ
1241 1331 1425 1390 δημοσίῳ
1451 1331 1562 1388 χρή-ι

117 1425 233 1462 ματα
261 1407 468 1464 ὀφείλων,
515 1404 795 1462 προσδόκιμος
823 1400 877 1460 ἦν
910 1399 1195 1458 δεσμωτήριον
1225 1401 1350 1442 οἰκεῖν
1380 1400 1455 1440 καί
1480 1414 1564 1440 σωα
1583 1403 1710 1442 v.318

120 1475 396 1530 φρονίζεσθαι
437 1472 498 1527 μὴ
525 1474 695 1515 τοιαῦτα
725 1475 988 1527 κακουργεῖν,
1030 1466 1137 1524 πρὸς
1184 1467 1443 1509 α’ποστασιάν
1478 1460 1567 1507 εἶδε

65 1541 340 1594 Ξοβασιλέως.
393 1538 443 1580 023
479 1536 558 1592 γὰρ
596 1533 649 1592 ἦν
687 1534 838 1590 ἑτέρως
870 1535 916 1579 τὸ
957 1538 1092 1585 κακῶς
1130 1535 1286 1578 παθεῖν
1330 1532 1568 1587 διαφυγεῖν.

121 1602 303 1647 συνιδών
332 1605 378 1645 δὲ
419 1605 464 1646 ἐκ
502 1604 584 1645 τῶν
613 1599 884 1657 πραγμάτων,
915 1601 973 1650 ὥς
999 1603 1172 1654 βασιλεῖ’
1191 1598 1251 1656 τῷ
1277 1599 1355 1654 νέῳ
1392 1596 1568 1650 Ἀνδρο-

119 1671 218 1727 νίκῳ
245 1667 351 1724 πρὸς
377 1668 451 1714 τὸν
475 1668 643 1713 πάππον
672 1668 907 1722 ἀναγκαίως
934 1665 1053 1708 ἔσται
1080 1662 1266 1720 διαφορὰ
1286 1695 1299 1716 ,
1330 1662 1566 1717 Συργιάννη

119 1734 290 1792 ἐδεήθη,
321 1735 401 1778 τῶν
428 1734 769 1790 ἐπιτηδειοτάτων
799 1729 859 1782 ὢν
886 1733 1002 1791 αὐτῷ
1016 1763 1028 1786 ,
1059 1731 1119 1789 τῷ
1144 1731 1223 1787 νέῳ
1250 1731 1424 1783 βασιλεῖ’
1435 1742 1568 1784 προσ-
1622 1750 1628 1753 -

215 1852 269 1875 22.
299 1839 499 1886 Συργιιίνῃ
527 1839 566 1876 Ρ.

122 1921 320 1967 quentibus
342 1920 575 1954 tribuendam
599 1922 787 1965 promptus
816 1918 980 1953 animus:
1016 1921 1094 1951 tum
1121 1916 1231 1950 huius
1257 1926 1339 1961 erga
1363 1917 1460 1952 bene
1492 1928 1570 1952 me-

123 1970 233 2003 ritum
257 1969 394 2013 ingrata
417 1967 584 2001 voluntas
610 1972 647 2000 et
674 1966 823 2011 agrestis
851 1965 1092 2009 immanisque
1119 1970 1259 2000 natura.
1310 1965 1379 1998 nic
1401 1975 1421 1996 e
1446 1963 1571 2007 Bithy.-

122 2016 185 2049 nia
210 2014 404 2054 oriundus,
430 2013 537 2049 homo
565 2014 761 2052 obscurus,
789 2023 833 2045 ex
857 2011 1073 2055 contemptis
1097 2011 1308 2056 parentibus
1332 2015 1461 2051 natus,
1494 2012 1570 2055 pri-

122 2073 220 2095 mum
257 2061 406 2106 quidem
445 2060 570 2093 multis
610 2060 838 2104 vectigalium
879 2057 1108 2094 coactoribus
1149 2058 1356 2092 mercedula
1394 2057 1571 2101 scriptum

124 2108 224 2142 fecit.
270 2109 396 2141 Postea
420 2106 627 2140 Andronico
651 2107 789 2147 Asani,
834 2105 898 2151 qui
928 2104 1000 2138 fuit
1027 2105 1147 2148 magni
1173 2105 1303 2139 amitae
1340 2103 1570 2148 imperatoris

123 2155 242 2194 filius,
266 2155 374 2187 etiam
397 2153 561 2188 mercede
585 2153 757 2191 servivit:
801 2164 822 2184 a
853 2161 925 2197 quo
954 2150 1124 2185 recedens
1139 2175 1149 2191 ‚
1183 2151 1465 2186 occidentalium
1488 2149 1572 2183 the-.-

123 2206 279 2239 matum,
314 2202 389 2234 sive
436 2199 619 2245 agminum
658 2199 870 2233 militarium
917 2208 981 2243 per
1021 2197 1248 2231 occidentem
1291 2197 1572 2231 distributorum

123 2247 347 2289 domestico,
374 2248 437 2292 qui
467 2252 542 2281 tum
568 2251 645 2280 crat
671 2245 868 2280 salinarum
894 2242 1118 2288 praefectus,
1154 2255 1192 2277 se
1219 2243 1371 2279 addixit.
1420 2244 1453 2277 Is
1480 2242 1574 2276 dex-

123 2299 241 2327 terum
266 2297 303 2326 et
334 2293 380 2327 ad
413 2294 655 2327 ministerium
683 2292 875 2337 impigrum
902 2301 1076 2332 cernen8‚
1111 2291 1284 2336 pecunias
1324 2290 1358 2323 ei
1391 2289 1570 2332 credidit,

123 2347 167 2374 ut
191 2339 237 2372 ad
265 2340 542 2385 imperatorem,
574 2344 663 2383 puta
685 2337 931 2373 Andronicum
957 2338 1159 2378 seniorem,
1193 2337 1387 2377 accedens,
1424 2336 1457 2370 ei
1482 2345 1572 2380 per-

124 2386 313 2428 suaderet,
340 2386 422 2419 duci
454 2387 563 2419 etiam
588 2386 626 2418 in
651 2396 786 2419 annum
810 2389 1022 2431 sequentem
1049 2384 1132 2417 salis
1166 2385 1451 2430 negotiationem
1482 2392 1574 2427 per-

123 2434 293 2466 mitteret.
341 2434 387 2466 At
411 2433 475 2466 ille
501 2432 663 2478 pecuniis
688 2436 872 2476 tamquam
897 2432 971 2464 suis
1006 2430 1215 2475 imperatori
1254 2428 1418 2470 traditis,
1457 2429 1572 2474 polii-

125 2482 310 2523 citusque,
342 2490 382 2512 se
409 2479 519 2524 duplo
548 2478 701 2523 amplius
727 2488 840 2524 quam
862 2476 937 2511 dux
958 2476 998 2510 in
1023 2478 1148 2511 fiscum
1175 2478 1253 2511 eius
1279 2476 1484 2516 illaturum,
1522 2475 1570 2509 ad

126 2537 165 2560 se
195 2527 316 2570 potius
342 2525 546 2569 eligendum
566 2526 810 2570 salariumque
833 2523 1025 2558 creandum
1051 2522 1203 2559 inducit.
1252 2523 1312 2556 Sic
1337 2534 1416 2556 cum
1443 2522 1571 2555 ducem

124 2573 280 2618 pecunia
303 2582 368 2604 sua
395 2571 463 2606 hoc
486 2573 695 2616 magistratu
721 2570 911 2611 eiecisset,
945 2571 1016 2603 iam
1038 2569 1190 2602 illustris
1217 2573 1295 2603 erat
1318 2575 1355 2603 et
1379 2570 1476 2602 inter
1500 2580 1573 2612 pu-

124 2619 287 2652 blicanos
319 2619 451 2663 primas
483 2616 632 2653 ferebat.
692 2615 835 2652 Deinde
880 2628 961 2653 cum
1002 2617 1127 2651 multis
1162 2615 1372 2650 nominibus
1423 2615 1571 2661 publice

126 2664 294 2710 grandem
320 2665 510 2708 pecuniam
534 2665 704 2704 deberet,
735 2675 796 2698 exs
826 2669 1090 2708 ectareturque,
1117 2666 1159 2695 ut
1187 2662 1226 2695 in
1253 2673 1432 2696 carcerem
1462 2660 1572 2694 dare-

126 2717 186 2744 tur
212 2717 248 2744 et
274 2710 318 2743 ad
344 2712 534 2745 sanitatem
570 2710 765 2750 reductus,
798 2674 1010 2746 Euiusmodi
1046 2709 1230 2753 nequitias
1264 2708 1488 2748 dedisceret,
1521 2707 1568 2740 ab

127 2759 342 2802 imperatore
367 2757 608 2792 defectionem
634 2757 756 2792 moliri
781 2756 1028 2800 coepitz'nou
1058 2757 1154 2791 enim
1185 2755 1324 2800 alioqui
1349 2754 1571 2799 supplicium

126 2803 288 2842 devitare
311 2805 496 2850 potuisset.
548 2804 638 2839 Cum
659 2809 783 2839 autem
815 2803 957 2840 videret
980 2813 1063 2837 eum
1087 2812 1164 2836 esse
1193 2807 1327 2839 statum
1351 2812 1491 2842 rerum,
1530 2803 1572 2835 ut
