1800 3132
517 196 891 239 nisTomAmJM
919 199 1002 238 m.
1031 197 1100 242 οι.
1356 181 1362 184 ’
1417 181 1525 255 377

105 295 179 338 abac
193 292 559 350 συναγωνιούμεθα
577 294 817 351 προθύμως.
854 298 893 338 εἰ
921 298 967 338 δέ
984 314 1083 340 ποτε
1101 296 1286 353 συμβαίη
1308 299 1527 353 διαστῆναι
1541 307 1618 343 A.C.
1635 307 1719 353 1343

106 364 180 402 καί
197 366 278 409 τοῖς
291 358 495 413 σώμασιν,
515 360 603 401 ἀλλ’
616 360 666 400 ου’
683 367 773 409 ταῖς
790 362 990 411 διανοίαις
1007 363 1079 405 καί
1109 366 1165 421 τῷ
1191 364 1426 420 βουλομένῳ
1454 365 1528 418 τῆς

104 427 259 479 ψυχῆς.
314 425 482 472 ἐκείνοις
507 424 584 479 γὰρ
624 422 731 467 οὕτω
763 427 1048 481 συνεσόμεθα,
1079 427 1133 478 ὥς
1164 428 1235 471 καί
1265 427 1423 483 νύκτωρ
1456 428 1565 470 nale

103 491 198 541 μεθ’
221 489 378 543 ἡμέραν
395 490 515 531 ου’δὲν
538 485 638 531 ἄλλο
658 493 812 543 μᾶλλον
831 490 1043 548 προῦργου
1080 491 1364 548 ποιησόμενοι,
1397 490 1425 548 ἧ
1455 497 1527 549 τῆς
1547 504 1586 538 V.
1601 502 1668 547 449

81 555 258 602 5ἐκείνου
285 552 384 608 πρὸς
413 554 524 608 ἡμᾶς
545 555 758 607 εὐμενείας
784 551 898 606 ἄξιοι
921 561 1117 612 φανῆναι.
1149 562 1232 600 τῶν
1266 560 1450 600 α’πειλαΐν
1483 562 1529 601 δὲ

103 622 186 660 τῶν
216 621 300 660 σῶν
328 621 525 660 τοσοῦτον
557 617 765 674 ἀπέχομεν
800 623 1151 677 ἐπιστρέφεσθαι,
1185 621 1281 665 ὥστ’
1314 623 1430 680 αὐτῷ
1463 639 1531 666 σοι

103 684 386 736 παραινοῦμεν
399 686 558 735 μᾶλλον
577 685 652 739 τὴν
673 682 752 726 ἀπὸ
774 688 878 727 θεοῦ
901 688 1018 741 δίκην
1043 689 1283 740 δεδοικέναι,
1307 688 1380 729 καί
1398 691 1471 730 νῦν
1486 704 1530 730 -τε

101 747 282 801 μεγάλας
316 748 538 804 συμφοράς
569 751 815 805 ἐκδέχεσθαι
845 753 987 809 σαυτῷ
1018 769 1062 793 τε
1099 754 1172 795 καί
1201 755 1364 805 παισίν,
1397 750 1531 802 οὕτως

104 812 342 855 ἀδικώτατα
371 810 419 854 οὗ
452 814 550 870 περὶ
577 819 753 868 βασιλέα
779 816 917 869 μόνον,
946 817 1048 859 ἄλλα
1081 820 1194 875 κοινῇ
1223 817 1322 873 περὶ
1343 818 1532 870 ‘Pomm'-

56 892 176 926 ιοους
207 877 279 918 καί
315 881 572 934 διανοηθέντι
603 881 675 922 καί
700 879 924 936 πράττοντι
955 877 1057 937 ἄχρι
1087 886 1162 925 νῦν
1180 916 1191 935 ,
1238 882 1309 924 καί
1334 883 1440 935 μετὰ
1467 899 1532 925 τε-

103 942 271 997 λευτὴν,
316 942 391 998 τὴν
426 946 470 985 ἐν
508 941 614 1001 ᾅδου
655 948 894 1001 καταδίκην,
932 943 959 1001 ἢ
979 951 1149 1004 λῃσταῖς
1177 947 1249 989 καὶ
1277 948 1534 1003 ἀνδραποδι-

105 1014 219 1056 σταῖς
248 1010 319 1049 καί
348 1011 567 1064 φονεῦσιν,
601 1007 685 1060 οἷος
717 1010 789 1064 σύ,
821 1012 1085 1066 ἦτοιζιιασται.
1115 1014 1165 1055 οὕ
1184 1013 1264 1069 γὰρ
1294 1011 1533 1067 ἐπιλήσεται

103 1073 242 1127 κύριος
269 1076 345 1114 τοῦ
384 1076 551 1130 ποιῆσαι
595 1076 800 1131 ἐκδίκησιν
836 1078 880 1119 ἐν
920 1084 1006 1125 τοῖς
1040 1077 1224 1130 ἔθνεσιν,
1267 1077 1462 1132 ἐλεγχοὺς
1490 1080 1535 1120 ἐν

102 1144 186 1185 τοῖς
225 1141 352 1186 λαοῖς.
404 1139 522 1194 ἡμεῖς
561 1142 608 1182 δὲ
653 1141 708 1190 ὥς
747 1144 888 1184 δίκαιά
930 1159 973 1185 τε
1026 1141 1132 1196 ὁμοῦ
1160 1146 1233 1185 καί
1259 1144 1573 1199 συμφέροντανΙ)

1 1220 3 1222 ·
55 1204 234 1245 ιόπιῖσιν
261 1203 454 1261 ᾑρημένοι
474 1238 487 1258 ,
543 1206 621 1260 οὐχ
671 1204 736 1248 ὅτι
778 1210 1004 1263 τιμωρίας,
1065 1206 1171 1250 ἀλλὰ
1222 1211 1295 1250 καί
1351 1206 1535 1262 α’μοιβάς

103 1270 186 1310 τῶν
230 1266 394 1323 τρόπων
433 1269 692 1324 ἐκδεχόμεθα
727 1271 840 1328 παρὰ
874 1276 992 1314 θεοῦ.
1010 1274 1034 1292 ''
1088 1276 1258 1316 τοιαῦτα
1294 1275 1371 1326 μὲν
1415 1274 1534 1315 α’ντέ-

104 1349 267 1389 γραφον
312 1331 424 1391 αὐτῷ
459 1335 496 1377 οἱ
526 1335 804 1392 Βερῥοιιὸται.
859 1340 1010 1387 ἐκεῖνος
1043 1341 1089 1382 δὲ
1131 1339 1223 1381 ἐπεὶ
1257 1342 1330 1395 τῆς
1370 1337 1536 1392 πρώτης

105 1400 254 1451 πείρας
283 1397 564 1453 ἀπετύγχανεν
583 1433 594 1454 ,
627 1400 823 1457 ἐτράπετο
857 1405 930 1445 ἐπὶ
959 1405 1180 1459 δευτέραν,
1211 1404 1285 1446 καὶ
1312 1405 1536 1447 ’Ἀλουσιά-

105 1478 174 1503 ’νον
200 1462 294 1504 τινὰ
331 1461 541 1519 δεσμώτην
571 1466 864 1521 κατεχόμενον,
903 1467 959 1517 ὥς
997 1468 1048 1511 τὰ
1080 1471 1431 1524 Καντακουζηνοῦ
1461 1471 1536 1510 τοῦ

53 1529 306 1580 αοβασιλέως
344 1525 548 1584 ᾑρημένον
560 1564 572 1582 ,
629 1531 792 1585 α’γαθὸν
835 1536 935 1588 περὶ
975 1536 1134 1584 τοξείας
1183 1530 1307 1586 ὄντα,
1364 1533 1536 1590 (θήραις

106 1594 186 1646 γὰρ
219 1591 422 1646 η’σχόλητο
453 1596 525 1635 καί
553 1596 735 1650 α’κριβῶς
777 1595 970 1652 ἐξήσκητο
1008 1598 1108 1654 περὶ
1144 1599 1325 1654 rasit-Q)
1374 1598 1537 1640 ἔπεισεν

107 1652 166 1697 εὖ·
187 1655 372 1712 ποιήσειν
399 1659 529 1700 πολλὰ
560 1661 902 1715 ἐπαγγειλάμενος
932 1662 1058 1705 αὐτὸν
1086 1663 1159 1705 καί
1190 1666 1329 1717 γένος,
1355 1664 1394 1704 εἰ
1423 1665 1536 1716 βέλει

106 1719 277 1775 τρώσειε
303 1720 440 1777 λάθρα
467 1727 642 1777 βασιλέα
674 1727 904 1785 δηλητηρίῳ
934 1731 1187 1786 κεχρισμένῳ
1206 1760 1218 1781 ,
1259 1724 1320 1776 οἷς
1342 1731 1534 1782 χρῆσθαι

108 1786 256 1829 εἴωθεν
287 1789 357 1830 ἐπὶ
385 1791 530 1844 θηρία.
585 1788 760 1848 παρῄνει
788 1808 833 1833 τε
862 1792 1070 1849 θαρᾞεῖν,
1113 1793 1168 1842 ὥς
1199 1793 1332 1850 ῥᾷστα
1361 1791 1434 1834 καί
1458 1791 1537 1834 σὺν
1549 1801 1581 1835 Ρ.
1593 1801 1660 1837 560

55 1849 248 1899 25οὖδενί
273 1853 384 1912 πόνῳ
425 1854 472 1895 τὸ
517 1859 688 1910 πρᾶγμα
734 1857 995 1904 διανύσοντα,
1052 1854 1171 1913 ἤκουε
1217 1856 1314 1913 γὰρ,
1357 1860 1537 1911 βασιλέα

210 1933 260 1967 13.
286 1931 465 1978 ἐλεγμούς
490 1933 524 1966 Ρ.
556 1937 593 1967 et
615 1933 665 1969 M.

109 1989 319 2033 corporibus
358 2000 424 2023 nos
462 1989 622 2035 disiungi
653 1992 862 2037 contigerit,
888 1993 1076 2026 sententiis
1103 1998 1198 2027 certe
1224 1997 1262 2027 et
1284 1993 1537 2027 voluntatibus

107 2047 181 2068 non
205 2037 407 2081 continget:
436 2036 568 2082 quibus
593 2037 684 2071 adeo
711 2039 985 2083 copulabimur,
1010 2044 1050 2072 ut
1075 2039 1152 2073 dies
1177 2045 1372 2092 noctesque
1395 2041 1538 2073 nullum

108 2081 224 2114 maius
251 2082 397 2126 'operae
443 2085 600 2127 pretium
648 2085 804 2118 facturos
841 2085 1110 2126 existimemus,
1151 2096 1259 2132 quam
1295 2095 1326 2118 si
1356 2096 1421 2120 nos
1459 2086 1538 2118 eius

110 2138 231 2161 amore
259 2127 384 2172 dignos
408 2128 654 2174 praebeamus.
716 2132 805 2165 Tuis
830 2137 948 2165 autem
974 2133 1080 2164 minis
1110 2143 1225 2177 usque
1251 2141 1292 2164 eo
1317 2143 1390 2164 non
1414 2141 1541 2167 move-

110 2185 213 2214 mur,
247 2178 286 2206 ut
322 2178 358 2207 te
394 2175 512 2219 ipsum
547 2176 732 2210 hortemur
756 2179 898 2222 potius,
922 2178 1080 2211 divinam
1110 2179 1286 2211 ultionem
1313 2183 1474 2218 metuas,
1502 2183 1540 2212 ct

111 2219 180 2252 tibi
209 2231 250 2252 ac
277 2219 362 2253 filiis
398 2222 471 2254 tuis
498 2222 654 2267 insignes
682 2225 719 2257 in
746 2224 813 2257 hac
845 2226 920 2257 vita
945 2234 1131 2257 aerumnas
1157 2228 1364 2268 exspectes,
1388 2224 1540 2268 quinon

111 2265 218 2298 modo
242 2266 279 2297 in
308 2266 578 2312 imperatorem,
613 2269 677 2303 sed
701 2271 739 2302 in
764 2272 939 2303 Romanos
971 2272 1156 2304 universos
1186 2281 1300 2315 usque
1325 2269 1434 2302 hodie
1459 2281 1539 2304 sce-

111 2312 345 2344 leratissimus
367 2315 559 2355 exstiteris,
599 2321 635 2349 et
661 2321 741 2359 post
763 2323 913 2350 mortem
938 2321 1115 2350 tormenta
1142 2316 1237 2361 apud
1265 2314 1420 2356 inferos,
1445 2327 1538 2361 quae

111 2356 338 2399 latronibus,
376 2359 558 2403 plagiariis
589 2367 625 2395 et
658 2361 875 2403 homicidis,
914 2363 1030 2408 qualis
1056 2367 1096 2395 tu
1124 2373 1184 2403 es,
1221 2362 1418 2395 constituta
1443 2367 1540 2399 sunt.

112 2405 188 2436 Nec
223 2403 318 2436 enim
355 2404 586 2440 obliviscetur
621 2407 787 2442 dominus
831 2410 946 2442 facere
986 2408 1180 2442 vindictam
1206 2407 1244 2441 iu
1269 2408 1477 2441 nationibus
1502 2413 1540 2443 et

112 2450 377 2494 increpationes
413 2452 450 2484 in
489 2454 644 2498 populis.
703 2454 776 2488 Nos
801 2461 922 2489 contra
940 2480 949 2495 ‚
984 2455 1048 2499 qui
1073 2455 1249 2487 iustitiam
1274 2465 1352 2487 cum
1378 2455 1538 2489 utilitate

111 2501 313 2540 spectamus
349 2497 388 2529 in
419 2498 611 2540 omnibus,
643 2510 716 2534 non
753 2501 868 2534 solum
902 2511 1053 2545 poenam
1086 2501 1244 2542 nullam,
1277 2500 1339 2533 sed
1364 2505 1458 2534 recte
1482 2502 1538 2534 sa-

113 2547 247 2575 ctorum
285 2544 607 2578 remunerationem
642 2547 763 2590 potius
793 2557 812 2579 a
842 2548 918 2580 Deo
946 2551 1202 2590 exspectamus.
1251 2546 1430 2580 Hactenus
1453 2548 1540 2580 Ber-

113 2587 296 2620 rhoeotae.
355 2589 588 2632 Apocauchus
623 2593 738 2636 primo
776 2599 905 2627 conatu
941 2593 1128 2626 frustratus
1148 2617 1157 2633 ‚
1191 2592 1343 2626 alterum
1371 2592 1541 2627 adhibuit

115 2639 152 2667 et
174 2633 383 2667 Aiusianum
409 2636 605 2680 quendam,
630 2645 670 2672 ut
693 2639 926 2672 Cantacuzeni
958 2639 1110 2681 partium
1135 2639 1298 2672 winusus
1341 2638 1541 2680 detentum,

112 2679 304 2723 probatum
341 2681 587 2726 sagittarium,
616 2685 801 2718 venationi
840 2685 1000 2718 deditum
1042 2689 1077 2717 et
1119 2686 1157 2718 in
1194 2695 1234 2718 ea
1267 2690 1343 2719 arte
1378 2685 1543 2719 facienda

115 2725 375 2767 excellentem,
407 2734 547 2761 montes
583 2741 710 2765 aureos
745 2732 814 2776 ipsi
850 2738 886 2764 ct
915 2732 1042 2773 ,generi
1079 2732 1155 2764 eius
1179 2731 1361 2776 pollicitus
1385 2731 1543 2771 induxit,

114 2776 155 2805 ut
189 2772 313 2807 furtim
345 2774 475 2819 sagitta
510 2786 648 2813 veneno
687 2777 806 2821 illita,
843 2775 1010 2822 qualibus
1036 2776 1131 2812 inter
1152 2778 1356 2814 venandum
1380 2779 1434 2812 uti
1459 2788 1544 2812 con-
