1800 3138
298 194 408 260 254
811 213 1176 255 CANTACUZENI

98 315 178 350 ΑΒ.
196 317 280 362 1342
292 309 366 366 ῥῆξ
384 310 639 354 (ἐνεδείκνυτο
666 312 894 366 Ἀρμενίας,
923 316 995 354 καί
1016 311 1088 355 τόν
1109 310 1363 367 Μονομάχον
1379 312 1573 370 ἔπαρχον,
1593 311 1709 368 ἔχον-

290 392 387 430 τας,
434 375 506 425 οὓς
536 376 729 436 αὖτοίέκ,
759 379 906 433 Φερῶν
934 373 1032 433 ἧκον
1060 375 1226 432 ἄγοντες
1243 410 1256 431 ‚
1291 377 1353 420 ἔτι
1394 380 1440 420 δὲ
1467 380 1539 420 καί
1563 378 1639 432 τήν
1664 381 1710 421 ἐκ

291 441 530 492 Βυζαντίου
567 441 640 482 καί
668 442 832 500 Θρᾴκης
854 443 1053 497 στρατιάν
1083 441 1171 495 ἅμα
1198 447 1284 492 τοῖς
1311 448 1547 499 στρατηγοῖς
1577 444 1711 500 Θωμᾷ

291 508 364 547 καί
387 508 626 562 Ἀνδρονίκῳ
655 513 740 556 τοῖς
768 506 1069 561 Παλαιολόγοις
1107 506 1380 562 παραλαβών,
1420 507 1525 562 εὖθξύ
1556 511 1596 550 Γ
1593 524 1712 550 vvat-

292 572 517 627 κοκάστρου
556 570 659 613 κατά
703 575 907 625 βασιλέως
943 571 1109 627 ἐχώρει.
1179 571 1217 613 οἱ
1246 573 1290 614 δὲ
1320 573 1412 614 ἐπεὶ
1433 570 1537 628 ἦσαν
1564 572 1737 627 ε’γγύςῤ

291 634 626 693 πρωτοστράτορι
671 636 743 678 καί
775 640 825 693 τῇ
850 637 1144 694 συναποστάσῃ
1173 640 1377 690 βασιλέως
1407 632 1509 695 ἄλλῃ
1538 639 1714 695 στρατιᾷ

290 700 580 757 περιτυχόντες
618 704 691 744 καί
720 703 1020 744 πολλαπλάσιοι
1046 701 1258 756 γενόμενοι
1300 705 1380 744 τῶν
1406 704 1607 745 συνόντων
1633 707 1711 757 βα-

295 772 424 820 σιλεῖ,
453 762 633 823 ἤλαυνον
668 770 732 810 ἐπ’
761 770 929 810 ἐκεῖνον.
985 769 1038 808 ου’
1066 770 1206 820 μέντοι
1233 764 1341 823 ἦσαν
1370 770 1712 823 παρεσκευασμέ-

249 843 358 877 Βνοι
397 831 453 881 ὥς
491 830 760 886 μαχούμενοι.
815 829 969 890 ᾔδεσαν
990 831 1071 888 γάρ
1101 834 1280 881 ἐκείνους
1302 831 1430 889 τόλμῃ
1459 833 1530 874 καί
1564 833 1712 890 α’νδρίᾳ

290 897 362 940 καί
398 899 448 955 τῇ
484 899 581 953 περὶ
617 896 667 940 τοὶ
713 900 888 951 πολέμια
919 899 1114 954 ἐμπειρίᾳ
1141 900 1298 951 μᾶλλον
1325 895 1603 952 ὑπερέχοντας
1633 897 1763 938 aii-10

156 966 199 1002 V·
214 967 277 1012 393
293 966 386 1017 τῶν,
417 959 443 1019 ἢ
474 960 571 1005 ὅσον
602 965 765 1006 ἐκείνων
795 963 915 1005 αὐτοὶ
942 965 999 1020 τῷ
1027 963 1203 1017 πλήθει·
1260 965 1333 1004 καί
1359 962 1428 1004 διὰ
1458 966 1580 1005 τοῦτο
1604 978 1713 1014 συμ-

292 1031 522 1071 πλέκεσθαι
557 1031 633 1082 μὲν
676 1031 721 1071 ἐκ
758 1029 1025 1084 παρατάξεως
1063 1030 1135 1071 οὐκ
1174 1029 1430 1083 ἐδοκιμάζον.
1495 1026 1713 1084 πόρῥωθεν

293 1097 339 1137 δὲ
370 1093 609 1150 ἐθορύβουν
651 1097 724 1136 καί
758 1098 877 1148 βοαῖς
905 1096 1086 1150 ἐχρῶντο
1115 1095 1187 1137 καί
1214 1094 1489 1149 ἀλαλαγμοῖς,
1532 1092 1713 1147 οἰόμενοι

290 1159 367 1214 τήν
406 1158 522 1211 τάξιν
560 1157 672 1201 οὕτω
711 1157 922 1201 διαλύσειν
959 1161 1031 1202 καί
1064 1160 1298 1215 τρέψεσθαι
1327 1158 1430 1215 πρὸς
1459 1158 1621 1216 φυγὴν,
1648 1173 1713 1201 τε-

290 1227 570 1281 ταραγμένους
611 1224 692 1266 ὑπὸ
733 1223 1015 1278 διχοστασίας.
1070 1224 1270 1278 βασιλεὺς
1308 1226 1353 1266 δὲ
1394 1222 1414 1265 ὅ
1466 1222 1763 1266 Καντακου-ιό

293 1292 414 1346 ζηνὸς
444 1292 533 1332 οὐδ’
563 1290 691 1341 αὐτὸς
717 1291 794 1343 μὲν
819 1286 917 1349 ᾤετο
957 1291 1042 1332 δεῖν
1070 1293 1403 1342 συμπλέκεσθαι,
1448 1291 1487 1331 εἰ
1521 1289 1580 1343 μὴ
1613 1292 1711 1343 παρ’

291 1355 455 1398 ἐκείνων
500 1354 781 1410 α’ναγκάζοιτο.
835 1354 940 1411 πρὸς
972 1355 1076 1404 ,ἔθος
1117 1356 1162 1396 δὲ
1211 1354 1287 1409 τήν
1326 1357 1462 1396 πᾶσαν
1510 1353 1713 1409 στρατιὰν

286 1421 494 1471 συντάξας
540 1421 612 1462 καί
647 1419 828 1476 ἡγεμόνα
879 1423 951 1464 τοῦ
995 1419 1151 1469 παντὸς
1190 1415 1389 1473 ’Ἀγγελον
1434 1418 1505 1461 τὸν
1546 1420 1713 1474 πιγκέρ-

285 1502 357 1541 νην
384 1485 620 1541 ἐπιστήσας,
651 1483 779 1534 αὐτὸς
806 1485 880 1541 τὴν
909 1486 1109 1539 οὐραγίαν
1127 1484 1235 1538 ἔχων
1262 1485 1364 1536 μετὰ
1386 1487 1469 1526 τῶν
1509 1484 1712 1539 ἀρίστων,

295 1553 456 1594 ἐκέλευε
512 1549 700 1605 βαδίζειν
754 1552 1033 1604 τεταγμένως,
1083 1548 1189 1604 μήτε
1246 1551 1557 1606 θορυβοῦντας,
1609 1545 1765 1604 μήτεαο

171 1625 205 1659 Ρ.
219 1616 396 1672 488πρός
444 1614 540 1665 τούς
590 1614 756 1659 κατόπιν
793 1615 986 1665 ἐπιόντας
1039 1617 1410 1671 ἐπιστρεφομένους
1425 1648 1438 1668 ,
1485 1615 1543 1664 ὦς
1579 1615 1714 1656 αὐτοῦ

295 1683 605 1736 ἅμυνουμένου,
650 1676 700 1723 ἄν
738 1697 845 1730 τινες
892 1683 1074 1723 ἐπίωσιν.
1134 1680 1172 1722 οἱ
1210 1683 1255 1723 δὲ
1284 1682 1348 1721 ἐπ’
1375 1680 1512 1735 ὀλίγον
1540 1680 1712 1723 ἀκολου-

119 1763 129 1790 e
293 1749 518 1805 θὴσαντες,
580 1746 671 1807 έπεί
705 1744 845 1804 ἑώρων
902 1749 1161 1801 τεταγμένως
1205 1743 1404 1796 ἀπιόντας
1449 1747 1521 1788 καί
1562 1743 1712 1800 δήλους

385 1872 418 1904 3.
447 1874 526 1907 τοῖς
549 1882 617 1904 om.
643 1871 678 1905 P.
719 1909 728 1924 ἢ
807 1874 857 1907 ι8.
889 1866 956 1905 τὸν
979 1868 1140 1913 α’ρχαῖον
1163 1867 1306 1915 τρόπον
1345 1866 1426 1902 add.
1454 1866 1501 1900 Μ.
1537 1878 1604 1912 mg.
1630 1871 1713 1914 post

385 1917 575 1956 συντάξας.
691 1928 758 1952 τον
780 1918 990 1962 πιγκέρνην
1014 1927 1080 1950 om.
1096 1917 1132 1954 Ρ.

295 2056 375 2079 cum
397 2045 462 2085 iis,
500 2054 589 2089 quos
615 2042 734 2076 Pheris
769 2040 1012 2079 adduxerant,
1054 2044 1090 2073 et
1115 2041 1259 2083 insuper
1287 2038 1403 2072 missis
1427 2038 1598 2082 Byzantio
1624 2043 1660 2071 et
1691 2050 1711 2074 e

296 2092 449 2125 Thracia
472 2090 630 2123 collectis
663 2087 774 2132 copiis
801 2098 880 2119 cum
908 2087 1045 2120 'l'homa
1074 2090 1111 2119 et
1133 2086 1333 2119 Andronico
1360 2085 1583 2129 Palaeologis
1609 2084 1712 2117 duci·

294 2137 363 2169 bus
389 2136 598 2180 assumptis,
631 2141 725 2168 recta
749 2132 1068 2176 Gynaecocastrum
1101 2131 1265 2166 adversus
1290 2133 1541 2175 imperatorem
1564 2141 1712 2176 progre-

296 2181 474 2216 diebatur.
524 2182 611 2215 Cum
636 2179 733 2214 haud
766 2180 871 2223 longe
897 2180 1084 2218 abessent,
1120 2179 1158 2211 in
1180 2182 1472 2222 protostratorem
1503 2177 1721 2222 ceterosque*

295 2229 493 2262 desertores
518 2227 707 2267 incidunt,
743 2231 779 2258 et
803 2227 853 2259 ita
877 2227 1128 2269 imperatorem
1153 2234 1301 2256 numero
1327 2224 1528 2263 vincentes,
1565 2224 1604 2256 in
1629 2234 1712 2257 eum

294 2274 440 2310 vadunt.
488 2273 570 2306 Non
596 2278 714 2305 tamen
742 2271 788 2303 ad
815 2282 968 2316 pugnam
1004 2269 1162 2316 expediti
1187 2275 1308 2302 erant:
1356 2275 1485 2303 norant
1511 2269 1711 2313 siquidem,

295 2320 466 2359 audacia,
492 2319 707 2353 fortitudine
735 2323 771 2351 et
795 2317 1050 2351 exercitatione
1075 2316 1222 2348 militari
1248 2316 1357 2360 magis
1384 2327 1421 2348 se
1446 2314 1491 2348 ab
1515 2316 1588 2348 illis
1603 2314 1710 2356 vinci,

296 2377 403 2411 quam
427 2367 496 2410 ipsi
525 2365 607 2398 illos
632 2375 779 2397 numero
804 2365 1010 2397 vincerent:
1036 2362 1191 2406 ideoque
1219 2362 1390 2394 instructa
1417 2363 1493 2394 acie
1517 2360 1562 2394 ad
1585 2371 1710 2394 manus

294 2414 418 2446 venire
444 2413 646 2445 consultum
671 2410 768 2443 haud
791 2409 983 2454 putabant;
1005 2408 1130 2454 procul
1153 2412 1270 2440 autem
1295 2408 1497 2441 fremebant
1523 2408 1712 2440 clamores·-

297 2469 368 2502 que
394 2458 484 2491 altos
513 2458 720 2498 iactabant,
744 2456 985 2495 confidentes,
1021 2454 1090 2488 hoc
1111 2454 1217 2487 modo
1242 2454 1384 2487 ordines
1413 2453 1651 2486 disturbatum
1676 2457 1713 2486 et

299 2503 346 2536 ob
366 2504 404 2535 id
428 2506 498 2537 iam
527 2503 669 2537 territos
695 2504 733 2536 in
755 2503 873 2547 fugam
895 2503 1042 2535 effusum
1067 2501 1125 2536 iri.
1163 2500 1431 2534 Cantacuzenus
1455 2510 1500 2532 ne
1526 2500 1602 2543 ipse
1625 2498 1711 2544 qui-

299 2549 402 2589 dem,
425 2551 496 2583 nisi
523 2556 726 2593 cogeretur,
754 2547 1013 2592 confligendum
1035 2545 1229 2582 statuebat.
1277 2546 1341 2578 Pro
1367 2543 1624 2579 consuetudine
1647 2555 1712 2578 au·

299 2600 372 2628 tem
399 2595 511 2628 veteri
537 2606 634 2628 more
659 2596 817 2628 exercitu
841 2594 1035 2638 disposito,
1066 2597 1102 2625 et
1125 2593 1258 2636 Angelo
1284 2593 1454 2636 pincerna
1482 2591 1571 2624 duee
1606 2601 1713 2635 prae-

299 2641 392 2674 secto
407 2664 418 2680 ,
458 2641 533 2684 ipse
561 2652 638 2673 cum
663 2640 864 2675 fortissimis
890 2645 1084 2672 extremum
1116 2642 1241 2671 tenens
1267 2649 1410 2682 agmen,
1444 2638 1495 2670 sic
1519 2637 1710 2670 instructos

299 2685 453 2719 iubebat
488 2687 671 2727 incedere,
709 2689 786 2720 sine
810 2687 958 2730 strepitu
973 2709 983 2726 ,
1010 2695 1075 2717 nec
1099 2684 1145 2717 ad
1169 2685 1399 2730 insequentes
1424 2692 1608 2718 conversos
1623 2707 1633 2722 ‚
1671 2692 1710 2715 se

300 2732 435 2778 quippe
471 2732 552 2765 illos
585 2737 834 2777 excepturum,
871 2731 899 2765 si
932 2729 1154 2765 invaderent.
1187 2731 1315 2764 Hostes
1342 2731 1439 2764 lente
1465 2728 1636 2768 insecuti,
1669 2732 1712 2762 ut

300 2777 495 2824 composite
519 2777 689 2813 abeuntes
713 2778 891 2820 viderunt,
914 2788 980 2811 nec
1004 2775 1167 2811 dubitare
1192 2781 1407 2822 potuerunt,
1430 2775 1502 2814 vim
1520 2785 1541 2807 a
1564 2783 1601 2807 se
1624 2783 1710 2819 pro>-
