1820 3138
285 171 402 238 434
814 187 1186 231 οΑΝΤΑουΖΕΝι

89 300 171 335 ΑΒ.
190 299 272 344 ι343
287 292 468 346 τρίβοντι
494 290 712 346 ἐπέμφθη,
737 287 931 343 ἔμήνυεν,
959 289 1031 341 ὥς,
1063 290 1104 331 εἶ
1129 292 1201 332 καὶ
1227 290 1364 346 δοκοίη
1391 296 1623 349 πολιορκεῖν
1649 298 1724 338 κατ’

286 357 563 409 τειχομαχίας
610 357 827 396 ποιεῖσθαι
862 354 967 411 πρὸς
1006 353 1053 396 τὸ
1086 354 1319 408 Ἐμπυθίου
1359 356 1591 414 φρούριον,
1631 359 1726 402 ἀλλ’

288 421 340 463 οὖ
367 419 598 475 βούλεσθαι
636 423 804 473 λαβεῖν,
835 418 895 461 ἔτι
931 420 1006 474 τῆς
1039 420 1222 475 οἷρχαιάς
1248 420 1413 472 εὐνοίας
1439 419 1536 478 ἴχνη
1563 422 1726 467 οἷποσῶ-

288 489 395 539 ζων·
424 487 660 543 βουλομένῳ
699 483 779 540 γὰρ
808 484 944 542 ῥᾷστα
973 480 1026 526 ἂν
1052 486 1253 540 ἡλίσκετο.
1306 487 1400 529 νυνὶ
1425 490 1471 531 δὲ
1497 488 1727 542 βούλεσθαι

287 553 402 610 αὐτῷ
429 554 699 606 συγγίνεσθαι
737 549 810 591 καὶ
843 551 945 606 περί
973 566 1099 593 τινων
1141 552 1409 605 διαλέγεσθαι
1449 552 1698 610 α’πορῥήτων
1712 555 1753 608 ,5

157 618 271 664 P·593
283 613 343 660 ῶν
388 618 462 658 οὐκ
498 614 633 666 ἔξεστι
667 614 913 671 χρήσασθαι
953 613 1110 671 ἑτέροις
1145 622 1375 671 μηνυταῖς,
1404 617 1486 672 εἴγε
1514 620 1587 661 καί
1612 620 1727 678 αὐτῷ

281 685 448 737 βέλτιον
467 683 621 736 δοκοίη.
647 679 693 722 τὸ
714 681 792 733 μὲν
823 675 900 722 οὖν
927 677 1056 730 οὕτως
1076 715 1088 734 ,
1115 681 1173 730 ὥς
1201 679 1301 734 ἔχει,
1331 685 1556 736 βασιλικῶς
1582 685 1726 727 ἐσκευ-

285 749 451 805 ασμένῳ
480 751 722 800 συντυχεῖν,
762 746 810 786 οὖ
842 743 986 803 ῥᾴδιον
1019 742 1155 802 αὐτῷ·
1208 745 1256 788 τὸ
1286 748 1326 788 δ’
1351 744 1482 799 αὖθις
1508 749 1727 805 ἰδιωτικήν

282 815 534 866 μεταλαβεῖν
554 813 728 866 ἐσθῆτα,
761 810 834 853 οῦκ
858 807 910 853 ἂν
937 808 1063 853 αὖτὸν
1092 810 1257 853 οἴεσθαι
1275 810 1575 867 βουλήσεσθαι.
1627 817 1729 870 περὶ

284 871 344 919 ὧν
371 877 622 919 σκέπτεσθαι
650 875 799 931 ἐδήλου
821 873 932 925 ὅπως
961 874 1136 932 ἑκάτερα
1152 874 1286 919 ἔσται.
1339 878 1538 931 βασιλευς
1560 881 1605 922 δὲ
1621 878 1779 935 πρὸςιο

283 940 337 984 τοὶ
356 945 530 984 τοιαῦτα
549 939 770 994 πλάσματα
800 941 1028 995 ἀχθεσθεὶς
1056 941 1325 996 α’ντεμήνυεν,
1354 942 1414 992 ὥς
1440 945 1494 985 ου’
1512 945 1606 986 δέον
1620 942 1727 1001 πρὸς

285 1006 418 1049 αὐτὸν
446 1008 658 1049 ἑπιπλεῖον
684 1006 863 1059 ψεύδεσι
887 1009 1079 1062 χρῆσθαι
1108 1008 1182 1049 καί
1207 1003 1414 1058 ἀπάταις·
1468 1015 1617 1066 πεῖραν
1642 1008 1724 1066 γὰρ

286 1073 420 1115 αὐτοῦ
458 1068 539 1127 ἤδη
579 1073 801 1126 ἐσχηκέναι
828 1073 874 1114 ἐν
899 1076 1081 1124 πολλοῖς,
1113 1069 1213 1114 ὅθεν
1239 1072 1314 1115 καὶ
1337 1072 1599 1118 παντάπασιν
1626 1075 1728 1118 ἀπιε-

284 1143 423 1180 στεῖν·
479 1137 571 1179 ἀλλ’
603 1139 642 1179 εἰ
678 1139 838 1191 μᾶλλον
866 1136 1039 1180 δύναιτο
1077 1136 1185 1181 ἑλεῖν
1213 1137 1260 1181 τό
1290 1138 1506 1195 φρούριον,
1532 1139 1590 1196 μή
1621 1143 1726 1195 α’μεε

281 1207 383 1246 λεῖν.
451 1203 502 1244 ου’
527 1199 607 1258 γὰρ
636 1197 687 1244 ἂν
715 1201 778 1258 εἴη
807 1204 1034 1253 λυσιτελῶς
1060 1206 1387 1257 βεβουλευμένος
1413 1206 1466 1262 τῇ
1494 1201 1612 1262 ἇρχῇ
1623 1240 1637 1259 ,
1666 1206 1774 1260 εἷ,ι5

246 1265 422 1324 Βπαρὸν
447 1267 558 1317 ’τοὺς
594 1267 815 1320 πολεμίους
841 1266 1061 1320 βλάπτειν,
1105 1266 1334 1323 ἀπόσχοιτο
1360 1265 1478 1311 ἑκών.
1531 1271 1624 1311 ἀλλ’
1649 1270 1726 1312 οὐκ

285 1327 338 1374 ἂν
370 1330 535 1374 οἴεσθαι
565 1338 653 1381 τοῖς
680 1334 853 1388 συνοῦσι
882 1334 1005 1388 φίλον
1033 1330 1144 1375 εἶναι
1172 1331 1219 1374 τὸ
1252 1339 1531 1389 τειχομαχεῖν,
1559 1339 1728 1385 πολλοῖς

284 1396 492 1452 ὅσημέραι
528 1396 878 1451 ἀποθνήσκουσιν.
943 1394 1011 1439 ὅτι
1051 1399 1098 1440 δὲ
1134 1400 1375 1456 βουλομένῳ
1410 1406 1631 1454 συντυχεῖν
1673 1402 1728 1443 οὐ

285 1460 431 1520 ῥᾴδιόν
456 1463 568 1505 ἐστιν
596 1459 697 1519 ὅρᾷν
723 1462 950 1515 βασιλικῶς
978 1463 1283 1516 ἐσκευασμένον
1291 1496 1305 1516 ,
1336 1463 1409 1506 καί
1423 1463 1555 1507 αΰτόν
1570 1465 1727 1508 εἰδέναι

283 1527 486 1581 μάλιστα·
553 1527 654 1568 οὐδὲ
689 1525 771 1581 γάρ
815 1528 915 1569 ου’δὲ
957 1533 1044 1576 τοῖς
1080 1527 1379 1585 ὄφθαλμιῶσιν
1417 1524 1587 1572 εὔκολον
1618 1528 1779 1587 πρὸςαο

284 1589 403 1647 ἥλιον
432 1591 645 1643 α’τενίζειν,
676 1592 766 1633 ἀλλ’
793 1589 816 1632 ὅ
847 1589 977 1648 ζόφος
1001 1591 1081 1649 ἧδύ
1113 1592 1187 1635 καί
1220 1591 1266 1636 τὸ
1295 1591 1505 1648 καμμύειν
1541 1593 1639 1645 τούς
1678 1595 1726 1637 ὄ-

284 1655 510 1713 φθαλμοῦς
539 1654 757 1705 ἀδυνάτως
787 1654 958 1711 ἔχουσιν
987 1659 1091 1716 ὅρᾷν
1116 1657 1161 1700 τὸ
1193 1660 1308 1715 φῶς.
1361 1660 1440 1701 τοῦ
1467 1661 1513 1701 δὲ
1538 1660 1726 1713 μάλιστα

281 1721 327 1762 ἐν
353 1718 558 1779 ἐπιθυμίᾳ
585 1718 694 1764 εἶναι
720 1723 792 1778 τῆς
820 1722 999 1779 εἰρήνης,
1029 1721 1190 1780 ὁρῶντα
1219 1722 1294 1773 τοὶς
1320 1722 1602 1780 περισχούσας
1626 1724 1726 1776 τούς

276 1784 514 1839 Ῥωμαίους
540 1785 791 1843 συμφορὰς,
820 1786 986 1830 οἴεσθαι
1017 1790 1063 1832 δὲ
1091 1788 1151 1845 μή
1181 1788 1287 1847 πρὸς
1311 1790 1442 1845 μηδὲν
1466 1787 1541 1845 τήν
1572 1806 1723 1833 συντυ·

382 1881 433 1915 ¹9.
451 1867 546 1913 ὄρᾷν
572 1880 640 1903 om.
667 1871 707 1909 P.
756 1875 758 1878 ’

283 1948 439 1983 eundem
477 1947 646 1989 miserat,
683 1948 882 1991 significat,
909 1949 1051 1982 tametsi
1084 1950 1315 1996 Empythium
1342 1950 1526 1984 castellum
1552 1951 1720 1986 obsidere

285 2001 323 2030 et
347 2006 555 2040 oppugnare
583 1995 749 2040 cogitarit
776 1996 976 2040 possitque,
1004 1998 1033 2028 si
1062 1998 1163 2038 velit,
1187 2008 1360 2041 occupare
1385 1998 1571 2039 facillime,
1598 2004 1720 2033 tamen

283 2042 416 2075 veteris
444 2041 563 2074 adhuc
586 2041 863 2075 benevolentiae
887 2043 925 2074 in
951 2042 1054 2075 illum
1077 2055 1280 2083 memorem,
1293 2044 1404 2080 nolle,
1429 2044 1532 2077 Nunc
1557 2045 1585 2077 si
1609 2047 1719 2079 etiam

286 2089 359 2133 ipsi
391 2088 590 2132 probetur,
623 2088 717 2121 velle
744 2097 828 2120 eum
852 2090 1044 2122 convenire
1073 2096 1110 2124 et
1136 2090 1180 2123 de
1216 2088 1434 2135 quibusdam
1458 2092 1719 2126 secretioribus

286 2135 501 2179 neminique
527 2134 794 2167 committendis
818 2145 1020 2168 sermonem
1046 2136 1218 2170 conferre.
1274 2136 1533 2171 Verumtamen
1559 2139 1721 2183 impera-

284 2181 381 2214 torio
419 2180 626 2221 schemate,
660 2184 702 2212 ut
727 2185 825 2221 erat,
863 2183 1067 2224 praeditum
1099 2183 1313 2225 convenire,
1351 2182 1422 2216 sibi
1447 2194 1524 2217 esse
1550 2184 1718 2219 difficile:

285 2227 423 2260 cultum
466 2237 550 2259 vero
586 2225 719 2270 privati
753 2232 979 2272 sumpturum
1018 2240 1090 2263 non
1120 2235 1260 2273 putare.
1319 2228 1572 2265 consideraret
1609 2232 1720 2277 igitur

285 2278 495 2318 utrumque.
552 2273 752 2318 Imperator
787 2280 1028 2308 commentum
1054 2276 1146 2308 istuc
1172 2275 1320 2320 indigne
1347 2277 1485 2317 ferens,
1512 2283 1634 2311 contra
1660 2278 1719 2312 illi

286 2320 487 2352 renuntiari
518 2319 646 2360 iubet,
671 2318 766 2352 nihil
791 2331 888 2361 esse,
913 2332 974 2354 cur
1000 2322 1096 2366 apud
1116 2332 1154 2354 se
1178 2322 1364 2356 fraudibus
1390 2328 1427 2355 et
1450 2324 1646 2358 mendaciis
1673 2324 1718 2359 de

286 2371 405 2399 cetero
436 2370 617 2398 uteretur:
642 2365 712 2398 iam
737 2368 833 2399 enim
856 2368 1040 2401 multoties
1055 2368 1239 2413 ingenium
1265 2371 1342 2401 eius
1360 2372 1715 2416 cognovisse3quare

281 2422 350 2445 nec
386 2411 569 2445 tantillam
602 2412 636 2444 ei
674 2412 782 2446 fidem
814 2413 975 2447 haberet.
1024 2413 1062 2445 Si
1097 2416 1282 2449 castellum
1312 2415 1478 2461 subigere
1508 2417 1638 2462 possit,
1669 2427 1717 2452 ne

284 2459 447 2491 omittat:
485 2468 559 2492 non
597 2459 693 2491 enim
725 2460 854 2493 melius
889 2460 1040 2505 imperio
1077 2462 1339 2504 consulturum,
1375 2464 1418 2503 si,
1453 2473 1531 2496 cum
1557 2463 1716 2497 hostium

283 2503 545 2538 laedendorum
587 2505 738 2539 facultas
773 2507 843 2548 sit,
878 2507 956 2550 ipse
991 2506 1064 2539 illis
1098 2509 1214 2542 sciens
1249 2520 1290 2542 ac
1314 2510 1437 2543 volens
1462 2515 1594 2553 parcat.
1644 2510 1716 2544 Sed

281 2554 411 2595 putare
454 2562 516 2592 se,
547 2551 647 2583 illam
673 2553 1003 2597 oppugnationem,
1041 2554 1220 2588 militibus
1250 2557 1326 2589 eius
1352 2556 1597 2600 compluribus
1623 2567 1716 2601 quo-

282 2595 377 2628 tidie
402 2596 694 2638 intereuntibus,
729 2610 855 2644 parum
882 2604 1013 2643 gratam
1041 2611 1127 2634 esse.
1186 2602 1292 2635 Porro
1322 2602 1377 2635 illi
1405 2613 1522 2635 secum
1551 2602 1715 2650 colloqui

280 2641 419 2676 volenti
456 2642 601 2677 difficile
638 2655 713 2678 esse
739 2646 977 2691 imperatoriis
1002 2649 1220 2681 ornamentis
1248 2649 1424 2682 nitentem
1448 2649 1651 2693 adspicere,
1676 2659 1715 2681 se

283 2693 431 2733 quoque
456 2690 604 2722 minIme
631 2692 811 2735 ignorare:
838 2703 956 2738 neque
982 2694 1088 2726 etiam
1114 2694 1223 2727 facile
1245 2706 1321 2729 esse
1339 2695 1576 2740 lippientibus
1597 2696 1711 2729 solem

282 2744 325 2766 ac
361 2734 476 2767 lucem
514 2735 680 2777 obtueri,
715 2737 778 2771 sed
811 2739 1006 2772 iucundum
1042 2740 1163 2784 potius
1200 2743 1391 2775 connivere
1428 2743 1526 2775 etin
1550 2740 1710 2775 tenebris

281 2780 430 2819 versari.
495 2780 678 2827 Quoniam
709 2795 793 2819 vero
815 2784 914 2830 pacis
952 2786 1192 2823 conficiendae
1219 2787 1400 2823 desiderio
1424 2787 1630 2823 incredibili
1653 2797 1711 2822 ca-
