1800 3138
301 196 318 230 1
331 177 405 249 94
812 189 1181 233 CANTACUZENI

91 292 382 341 A-C-1342m'av
413 291 659 346 συναγαγών
697 293 740 332 ἐκ
769 292 853 332 τῶν
875 289 1103 344 συνόντων,
1143 289 1247 346 πρὸς
1273 287 1353 343 δ’,τι
1378 290 1461 343 χρὴ
1493 285 1719 341 τρέπεσθαι

147 366 188 399 V.
203 367 270 401 365
285 359 538 400 ἐσκέπτοντο.
567 354 656 398 ὅσοι
681 359 759 410 μὲν
776 351 851 398 οὖν
867 358 911 398 ἐκ
926 358 1160 407 Βυζαντίου
1180 350 1303 411 ἦσαν,
1326 352 1399 408 τήν
1419 355 1480 401 εἰς
1493 349 1720 402 Βυζάντιον

281 425 440 476 μᾶλλον
460 422 757 475 συνεβούλευον
782 419 997 475 αἱρεῖσθαι
1021 419 1228 475 εἰσβολὴν,
1258 420 1314 469 ὥς
1332 415 1381 474 ἢν
1400 415 1658 472 κρατήσωσιν
1679 415 1721 455 ἒ·-

283 488 430 538 κείνου,
454 483 581 541 (εἶναι
604 488 650 526 δὲ
668 485 742 526 οὔκ
758 487 937 539 α’γεννεῐς
955 487 1139 537 ἐλπίδας,
1158 486 1319 526 πολλῶν
1335 485 1424 525 ἐκεῖ
1438 481 1491 524 τά
1512 482 1721 535 βασιλέως

281 551 539 608 ᾑρημένων,>
575 548 768 603 μεγάλων
790 547 1119 602 ἀπαλλαξόμενοι
1143 551 1214 590 καί
1231 546 1368 591 πόνων
1400 547 1473 589 καὶ
1506 543 1746 588 κινδύνων.5

284 615 321 656 οἱ
343 618 377 656 δ’
399 612 584 669 ἑσπέριοι
602 620 688 663 τοῖς
704 616 749 655 ἐκ
762 617 834 669 τῆς
856 613 1035 668 ἑσπέρας
1048 614 1268 667 προσέχειν
1285 608 1411 670 ᾤοντο
1427 613 1584 666 μᾶλλον
1597 608 1721 664 πράγ-

281 696 386 732 μασι
400 681 500 731 δεῖν,
514 677 569 727 ὥς
586 679 659 719 οὐκ
675 680 1077 732 ἑκπεπολεμωλιιένοις
1091 680 1271 730 βασιλεῖ,
1288 676 1394 718 ἀλλὰ
1407 672 1723 732 προσχωρήσου·

283 761 324 786 σι
340 743 409 785 διὰ
432 742 505 799 την
519 741 684 785 εὔνοιαν
700 743 870 800 ῥᾳδίως.
920 742 970 784 τὰ
1001 745 1036 784 δ’
1064 744 1107 784 ἐν
1123 744 1338 798 Βυζαντίῳ
1357 741 1538 796 μεγάλης
1553 740 1722 782 δεῖσθαι

282 812 354 864 τῆς
382 811 661 864 παρασκευῆς,
690 810 856 850 πολλῶν
881 802 1007 849 ὄντων
1036 809 1125 848 ἐκεῖ
1145 809 1226 848 τῶν
1249 806 1572 859 πολεμιωτάτων
1599 807 1721 856 βασι-

246 878 357 917 Βλεῖ
386 875 459 915 καί
493 872 592 922 τούς
636 870 788 922 ἄλλους
833 866 1055 926 ἐναγόντων
1096 870 1202 927 πρὸς
1229 871 1300 914 τὸν
1326 870 1514 924 πόλεμον.
1571 866 1633 920 οἷς
1660 870 1774 909 δεῖιο

285 936 598 993 ἐπιστρατεύειν
625 937 906 993 ἐπανήκοντας
931 938 976 978 ἑκ
1003 937 1076 991 τῆς
1098 934 1278 990 ἑσπέρας
1305 939 1374 977 καί
1399 935 1579 991 μεγάλην
1618 935 1722 976 ἐκεῖ·

286 1007 362 1045 θεν
400 1005 776 1058 περιβεβλημένους
814 1002 1007 1055 δύναμιν.
1071 999 1116 1043 τὸ
1152 1002 1291 1054 μέντοι
1317 998 1622 1056 μισθοφορικὸν
1648 999 1723 1053 τῆς

288 1070 491 1123 στρατιᾶς
525 1067 598 1109 καί
636 1064 727 1109 ὅσοι
758 1069 838 1109 τῶν
863 1068 1068 1120 βασιλέως
1105 1062 1215 1121 ἦσαν
1256 1066 1443 1118 οἰκετῶν,
1483 1066 1721 1120 διεφέροντο

290 1131 392 1189 πρὸς
423 1134 560 1186 ου’δὲν,
590 1132 677 1173 ἄλλ’
707 1134 864 1185 ἕτοιμοι
895 1126 998 1186 ἦσαν
1024 1130 1128 1186 πρὸς
1155 1128 1235 1183 δ’,τι
1262 1126 1312 1172 ἂν
1336 1133 1507 1184 βασιλεῖ
1531 1129 1630 1185 δοκῇ
1647 1132 1722 1170 λυ-

289 1202 461 1239 σιτελεῖν
488 1195 736 1253 τρεψόμενοι
765 1197 840 1237 κατ’
864 1197 995 1238 αὐτοί.
1048 1194 1246 1250 βασιλεὺς
1275 1197 1322 1237 δὲ
1352 1195 1427 1236 οὐκ
1458 1192 1611 1250 «ξι-’φασκε
1633 1193 1772 1235 δεῖνιό

287 1261 386 1311 τούς
423 1263 469 1303 ἐκ
496 1264 567 1316 τῆς
594 1259 774 1314 ἑσπέρας
801 1262 1031 1309 καλοῦντας
1061 1255 1181 1309 ὄντας
1212 1259 1476 1314 τηλικούτους
1503 1259 1718 1314 περιορᾷν.

289 1328 362 1369 καί
400 1325 459 1381 μή
500 1325 731 1367 καλούντων
767 1325 874 1380 γὰρ,
914 1326 954 1367 εἰ
987 1323 1116 1378 μόνον
1155 1327 1269 1374 ἐλπίς
1295 1340 1358 1373 τις
1385 1324 1635 1379 ὑπεφαίνετο
1650 1325 1721 1375 βε·-

289 1394 392 1445 βαία
423 1394 497 1434 τοῦ
524 1389 816 1447 προσάξασθαι
847 1390 1002 1439 αὐτοὺς
1030 1391 1120 1432 ἐκεῖ
1141 1391 1505 1444 παραγενομένους,
1535 1384 1639 1442 ἦμεν
1666 1381 1719 1428 ἂν

287 1458 485 1510 οὖδεμιᾶς
513 1453 816 1510 ἀπηλλαγμένοι
843 1457 1065 1508 μέμψεως,
1095 1456 1135 1496 εἰ
1159 1454 1349 1508 τοιαύτην
1378 1453 1554 1506 δύναμιν
1579 1450 1718 1507 προεί-

148 1527 267 1572 Ρ.453
283 1525 396 1575 μεθα
433 1520 617 1570 ἑκόντες·
684 1519 776 1561 νυνί
813 1521 880 1571 δὲ,
923 1520 1158 1561 καλούντων
1194 1534 1239 1560 τε
1279 1518 1419 1559 αὐτῶν
1450 1520 1522 1559 καί
1546 1518 1771 1570 &Baiano

286 1588 369 1627 τῶν
407 1588 497 1627 ἐκεῖ
518 1583 772 1640 πραγμάτων
803 1580 1071 1638 παρεχόντων
1099 1582 1174 1638 την
1201 1582 1454 1638 παράληψιν,
1484 1578 1717 1623 οὗτελυσι-

285 1653 421 1704 τελὲς,
465 1646 556 1691 οὔτε
599 1652 770 1705 σῶφρον
805 1651 1018 1705 παριδεῖν·
1075 1646 1181 1690 ἄλλα
1220 1650 1313 1689 δέον
1349 1647 1421 1689 καί
1454 1646 1529 1702 τὴν
1554 1648 1718 1689 ἐκείνων

286 1713 596 1771 προσλαβόντας
625 1716 816 1767 δύναμιν,
849 1710 956 1756 οὕτω
984 1719 1137 1770 χωρεῖν
1164 1712 1235 1755 ἐπὶ
1260 1711 1357 1762 τούς
1397 1707 1559 1762 ἄλλους.
1625 1713 1718 1760 δέος

385 1847 438 1882 18.
452 1845 726 1895 ’προσάξεσθαι
752 1847 788 1881 P,

288 1951 479 1979 tacuzenus
505 1957 583 1978 cum
614 1946 683 1977 iam
709 1955 854 1978 vernum
881 1948 1023 1988 tempus
1049 1944 1201 1984 adesset,
1226 1948 1346 1977 coacto
1370 1953 1513 1977 suorum
1543 1945 1710 1986 concilio,

289 2004 362 2037 quo
403 1992 559 2024 eundum
595 1997 712 2031 essct,
745 1990 978 2023 deliberabat.
1050 1990 1233 2033 Byzantini
1273 2000 1396 2022 omnes
1443 1989 1712 2034 expeditionem

286 2036 517 2080 Bjyzantinam
543 2036 835 2081 antecapiendam
861 2036 1125 2070 decernebant:
1150 2047 1231 2069 nam
1260 2036 1289 2067 si
1322 2046 1363 2068 ea
1388 2035 1476 2068 urbe
1508 2035 1713 2080 potirentur

285 2084 379 2128 (esse
403 2089 522 2115 autem
554 2082 722 2127 potiundi
745 2082 960 2126 praeclaram
985 2093 1103 2125 spem,
1139 2081 1261 2113 multis
1301 2081 1356 2113 ibi
1381 2081 1606 2126 imperatoris
1629 2092 1714 2126 par-

285 2133 341 2162 tes
367 2128 696 2173 amplectentibus,)
727 2129 860 2171 magnis
898 2127 1066 2172 deinceps
1099 2132 1135 2160 et
1166 2126 1351 2160 laboribus
1379 2133 1415 2160 et
1438 2126 1606 2170 periculis
1635 2126 1713 2161 fore

286 2174 434 2208 liberos.
484 2173 733 2207 occidentales
759 2179 877 2206 autem
911 2173 1019 2217 magis
1044 2173 1090 2204 ad
1114 2183 1168 2206 res
1201 2172 1398 2206 occidentis
1432 2172 1711 2206 incumbendum

287 2220 505 2260 censebant,
546 2220 681 2264 quippe
717 2217 813 2251 haud
850 2221 1003 2252 efferatis
1044 2220 1119 2252 iilic
1155 2220 1192 2251 in
1219 2219 1472 2263 imperatorem
1497 2217 1711 2252 mortalibus

285 2266 326 2299 ac
349 2265 502 2311 proinde
536 2266 583 2298 ob
618 2265 902 2298 benevolentiam
930 2276 1002 2298 non
1028 2265 1170 2297 difficile
1195 2265 1240 2297 ad
1265 2265 1342 2296 eius
1374 2264 1564 2308 imperium
1588 2275 1710 2298 acces-

288 2314 389 2345 suris.
438 2311 614 2344 Adversus
642 2311 851 2353 Byzantinos
875 2321 964 2354 opus
990 2310 1066 2343 fore
1090 2321 1218 2355 magno
1243 2315 1438 2354 apparatu,
1464 2310 1607 2355 quando
1632 2311 1710 2344 iuie

286 2358 392 2392 multi
427 2358 500 2391 sint
539 2358 614 2390 eius
651 2356 769 2389 hostes
809 2357 1052 2396 acerbissimi,
1088 2357 1150 2400 qui
1177 2361 1212 2388 et
1248 2357 1337 2389 alios
1361 2355 1405 2388 ad
1433 2366 1527 2388 arma
1553 2357 1709 2390 exsusci-

286 2408 387 2436 tent:
425 2403 462 2436 in
495 2414 582 2448 quos
608 2402 652 2434 ab
679 2402 862 2435 occidente
888 2407 1008 2434 auctos
1034 2402 1196 2446 potentia
1221 2412 1377 2434 reversos
1393 2427 1403 2441 ‚
1432 2411 1574 2435 movere
1597 2412 1708 2447 opor.

285 2453 389 2482 teret.
437 2449 649 2483 Mercenarii
685 2452 721 2480 et
755 2448 940 2481 domestici
973 2447 1194 2491 imperatoris
1216 2448 1356 2480 nullum
1382 2447 1573 2481 discrimen
1594 2448 1706 2482 sacie-

286 2494 397 2534 bant,
439 2496 554 2539 parati
587 2495 662 2533 ire,
692 2505 762 2538 quo
783 2494 846 2526 ille
880 2493 1079 2526 consultum
1103 2496 1268 2537 putaret:
1295 2494 1396 2526 cuius
1419 2493 1507 2526 haec
1531 2493 1602 2526 suit
1623 2504 1706 2526 sen-

288 2540 414 2573 tentia.
471 2540 719 2574 occidentales
758 2539 851 2572 ultro
884 2543 1052 2572 vocantes
1081 2543 1118 2570 et
1149 2544 1220 2571 tam
1245 2539 1351 2572 multi
1376 2538 1474 2572 haud
1497 2538 1702 2584 negligendi

287 2590 388 2624 sunt,
429 2587 490 2631 qui
524 2587 551 2618 si
585 2586 641 2619 vel
675 2597 748 2619 non
781 2590 969 2624 vocarent,
1010 2590 1046 2618 et
1081 2585 1196 2617 solum
1231 2584 1371 2629 aliquid
1395 2585 1600 2630 exploratae
1623 2586 1702 2629 spei

285 2630 626 2670 subostenderetur,
649 2631 694 2663 ad
719 2642 784 2664 nos
810 2642 848 2664 se
877 2631 1123 2675 adiungerent,
1147 2631 1177 2662 si
1202 2631 1253 2663 ibi
1280 2641 1445 2663 essemus.
1493 2631 1608 2663 Tanta
1632 2631 1702 2675 igi-

286 2681 344 2708 tur
367 2678 568 2710 accessione
593 2677 720 2712 virium
748 2682 874 2721 sponte
899 2677 1061 2716 dimissa,
1077 2687 1181 2720 quam
1206 2676 1506 2720 vituperationem
1529 2686 1602 2709 non
1625 2687 1703 2709 me-

286 2722 468 2755 reremur?
526 2722 628 2755 Nunc
665 2725 834 2767 quoniam
865 2723 932 2766 ipsi
969 2726 1152 2755 accersunt
1183 2727 1218 2754 et
1243 2728 1375 2756 certum
1399 2727 1471 2762 est,
1494 2732 1559 2754 nos
1583 2732 1699 2755 rerum

286 2767 363 2801 illic
384 2768 582 2813 potituros,
607 2780 679 2802 non
700 2768 810 2804 habet
836 2768 1033 2815 quidquam
1056 2777 1123 2803 nec
1146 2768 1312 2803 utilitatis
1326 2793 1336 2810 ,
1374 2778 1441 2803 nec
1472 2767 1696 2813 prudentiae,
