1820 3138
565 179 942 223 msTomARUM
982 183 1053 221 111.
1082 182 1152 225 oa.
1447 159 1556 233 397

114 288 198 336 σας
236 284 379 340 κώμας
419 283 703 337 πεποιημένοι.
772 274 807 340 ᾧ
838 280 1074 338 διδασκάλῳ
1106 282 1359 336 κεχρημένος
1388 280 1461 322 ἐπὶ
1489 277 1562 334 τήν
1575 282 1760 329 Δ.Ο.ι343

111 351 321 407 τοιαύτην
347 346 584 404 τετράφθαι,
625 354 788 402 πεῖραν,
829 348 902 388 καί
932 347 1140 401 μηδεμιᾶς
1176 345 1247 388 διὰ
1275 343 1426 399 ταύτην
1458 341 1566 386 εἶναι

119 412 246 468 ἄξιοςΔ
278 417 427 466 αἰτίας,
458 415 498 455 εἰ
521 413 578 467 μή
617 412 847 465 δυνάμενος
876 412 980 467 πρός
1011 428 1055 453 τε
1083 411 1326 467 βαρβάρους
1361 408 1468 463 ὁμοῦ
1495 410 1568 452 καί

113 483 352 535 εΡωμαίους
385 478 728 530 ἀντιτάττεσθαι,
768 482 853 526 τοῖς
894 476 1056 530 ὁμοίοις
1091 479 1164 518 καί
1191 475 1318 525 αὐτὸς
1357 473 1566 530 ἐχρήσατο

92 545 374 600 5συμμᾰχοις.
438 544 467 586 ἃ
506 547 751 599 συνορῶσαν
786 542 860 585 καί
899 541 1030 597 αὐτήν
1065 542 1122 590 ὥς
1149 541 1264 583 δεινοὶ
1306 541 1378 583 καί
1417 540 1492 596 τήν
1519 557 1566 582 τε

119 611 259 667 ἀρχὴν
302 611 619 667 διαφθεροῦντα
647 611 720 651 καί
747 607 854 664 πρὸς
878 607 924 650 τὸ
959 609 1111 660 μέλλον
1138 609 1228 649 ἐκεῖ
1254 607 1466 662 κριτήριον
1491 623 1568 660 με-

112 678 249 732 γάλην
291 675 455 718 οἴσοντα
492 674 567 730 τήν
597 676 848 729 καταδίκην,
891 675 932 715 εἰ
968 672 1039 714 διὰ
1070 675 1328 728 φιλονεικίαν
1357 673 1431 715 καί
1459 685 1567 727 ψευ-

110 744 204 792 δεῖς
231 743 514 797 συκοφαντίας
556 740 631 782 καί
665 739 866 794 διαβολὰς
894 738 940 781 τὸ
979 741 1249 792 λ’ριστιανῶν
1282 734 1390 792 αἷμα
1418 743 1562 794 προϊε-

116 810 220 863 μένη
260 811 453 864 φαίνοιτο
478 810 654 860 χεῖσθαι
683 805 764 847 ὑπὸ
799 808 884 847 τῶν
916 805 1170 859 βαρβάρων,
1211 809 1435 861 πεισθῆναι
1462 803 1607 860 πρὸςΒ

59 873 190 929 «ιοτήν
216 873 398 929 εἰρήνην,
428 874 526 927 πρίν
557 870 639 913 ὑπὸ
671 874 754 913 τῶν
780 868 1010 926 βαρβάρων
1042 886 1081 911 τι
1113 870 1393 927 διεφθάρθαι.
1451 886 1571 925 περι-

116 941 291 993 μενοῦσι
317 937 395 994 γὰρ
420 938 642 991 Ῥωμαίων
670 939 821 979 ου’δένα
850 938 1104 989 οἶδικοῦντες,
1136 932 1262 991 ἄχρις
1294 933 1572 991 ἐπανήξουσιν

118 1004 192 1047 καί
228 1004 268 1047 οἱ
307 1007 515 1059 πρέσβεις.
587 1002 634 1044 τὸ
670 1004 716 1045 δὲ
746 1005 816 1059 ἐφ’
847 1001 1008 1050 ὁποίοις
1042 1003 1111 1043 δεῖ·
1133 1004 1352 1056 γενέσθαι,
1404 1002 1454 1043 οὔ
1496 1003 1574 1043 τοῦ

119 1069 329 1125 παρόντος
361 1066 469 1112 εἶναι
495 1071 646 1125 καιροῦ
675 1071 850 1124 δηλοῦν,
896 1066 990 1109 ἀλλ’
1019 1070 1060 1110 εἰ
1083 1068 1212 1120 μόνον
1244 1071 1445 1120 πείθοιτο,
1474 1070 1575 1122 πρέ-

119 1138 236 1189 σβεις
267 1138 448 1188 πέμπειν
477 1133 586 1190 πρὸς
616 1133 764 1187 αὐτὸν,
797 1135 839 1176 οἳ
865 1135 1139 1186 διαλέξονται,
1169 1130 1248 1176 ὅσα
1278 1130 1332 1175 ἂν
1363 1129 1470 1189 αὐτῇ
1502 1131 1577 1174 καί

71 1199 361 1258 ιόπατριοέρχῃ
407 1200 481 1242 καί
516 1206 605 1250 τοῖς
633 1197 951 1256 ὑπολειφθεῖσιν
989 1198 1051 1240 ἔτι
1096 1202 1179 1242 τῶν
1210 1196 1466 1255 πραγμάτων
1498 1193 1576 1254 ἅρ-

117 1282 246 1320 χουσι
275 1267 467 1320 βέλτιστά
495 1282 539 1309 τε
567 1263 675 1309 εἶναι
704 1268 806 1323 δοκῇ
836 1265 911 1307 καί
933 1268 1253 1308 λυσιτελέστατα
1274 1262 1457 1314 ἑαυτοῖς.
1500 1281 1573 1306 πε-

118 1334 313 1373 ποιθέναι
331 1333 376 1374 δὲ
396 1332 543 1382 αὐτὸν,
574 1332 636 1382 αἶς
655 1334 733 1374 τοῦ
754 1333 859 1373 θεοῦ
877 1329 1064 1380 διδόντος
1088 1334 1307 1387 χαίροντες
1325 1328 1577 1386 ε’πανήξουσι

122 1396 195 1438 καί
223 1395 275 1438 uk
309 1399 415 1439 πᾶσι
443 1400 562 1455 κοινῇ
582 1396 808 1451 Ῥωμαίοις
833 1399 1076 1439 συνοίσοντα
1098 1394 1435 1457 κατωρθωκότες.
1491 1413 1577 1438 τοι-

124 1462 235 1517 αύτη
276 1465 356 1515 μὲν
398 1459 451 1517 ἦν
490 1463 516 1518 ἢ
544 1465 751 1516 βασιλέως
779 1466 855 1504 τοῦ
879 1465 1231 1518 Καντακουζηνοῦ
1252 1463 1452 1518 πρεσβεία
1471 1463 1616 1517 πρόςῦ

69 1525 270 1575 αόἈνναν
283 1527 359 1583 τήν
380 1530 598 1581 βασιλίδα.
650 1525 815 1583 Ἀμούρ
846 1530 893 1570 δὲ
922 1527 994 1568 καὶ
1018 1527 1145 1577 αὐτὸς
1167 1531 1254 1585 ἴδια
1277 1527 1579 1582 συνεβούλευεν

123 1591 302 1648 ἔχεσθαι
342 1595 417 1648 τῆς
462 1593 655 1649 εἰρήνης,
701 1592 758 1642 ὥς
796 1592 849 1635 τὰ
877 1595 1052 1646 μέγιστα
1080 1591 1393 1647 λυσιτελούσης.
1449 1589 1580 1641 αῦτὸς

122 1660 208 1713 μὲν,
236 1657 318 1714 γὰρ
354 1661 428 1701 καί
451 1657 656 1716 πρότερον
694 1661 817 1715 φίλος
851 1655 960 1700 εἶναι
991 1661 1162 1711 βασιλεῖ’
1184 1661 1243 1716 τῷ
1274 1660 1578 1713 Καντακουζη-

220 1785 273 1808 12.
297 1774 362 1806 καὶ
386 1773 469 1810 add.
495 1773 544 1806 M.

125 1859 207 1893 loca
234 1859 298 1891 illa
327 1858 529 1891 latrociniis
555 1858 828 1903 implevissent,
867 1857 992 1892 obvios
1018 1857 1148 1904 partim
1174 1857 1418 1900 trucidantes,
1445 1859 1579 1904 partim

126 1907 286 1950 captivos
316 1904 539 1949 abripientes
579 1909 616 1938 et
656 1916 780 1938 omnes
817 1905 913 1937 vicos
948 1906 986 1937 in
1012 1908 1150 1938 cineres
1178 1906 1393 1951 redigentes·
1428 1906 1479 1940 Eo
1504 1918 1578 1940 ma-

129 1952 241 1997 gistro
273 1963 311 1985 se
343 1951 418 1984 tale
453 1951 642 1996 quippiam
681 1953 860 1997 experiri,
892 1962 960 1984 nec
984 1953 1126 1996 culpam
1153 1953 1391 1993 commereri,
1420 1953 1473 1993 si,
1496 1964 1577 1986 cum

129 1998 294 2032 barbaris
327 2003 364 2031 et
398 1999 564 2031 Romanis
600 1998 708 2031 simul
734 1999 903 2031 resistere
930 2009 1003 2031 non
1031 2000 1169 2043 possit,
1195 2000 1332 2032 similes
1360 2004 1398 2032 et
1420 2000 1499 2043 ipse
1519 2011 1579 2033 so-

129 2046 204 2078 cios
246 2044 425 2077 asciverit.
482 2046 586 2090 Quae
622 2047 792 2089 quoniam
826 2051 865 2078 et
898 2046 976 2088 ipsa
1010 2045 1192 2088 intelligat
1223 2057 1332 2091 quam
1367 2047 1504 2079 atrocia
1540 2050 1579 2078 et

127 2091 280 2134 imperio
314 2091 487 2135 pestifera
521 2102 703 2138 quamque
738 2103 878 2137 gravem
912 2091 1177 2125 damnationem
1220 2094 1255 2124 ei
1291 2091 1389 2137 apud
1414 2091 1579 2126 tribunal

128 2137 222 2170 illud
258 2138 411 2171 allatura
445 2140 544 2177 sint,
578 2138 607 2170 si
644 2149 775 2183 nempe
807 2143 956 2182 propter
989 2138 1259 2173 contentionem
1299 2139 1481 2183 falsasque
1516 2149 1578 2172 ca-

130 2183 288 2217 lumnias
319 2189 358 2217 et
393 2184 679 2218 obtrectationes
724 2185 1010 2218 Christianorum
1049 2185 1260 2230 sanguinem
1289 2196 1310 2217 a
1329 2184 1493 2219 barbaris
1519 2184 1579 2218 ef-

130 2229 236 2263 fundi
277 2231 455 2274 patiatur,
490 2230 537 2264 ad
575 2242 699 2276 pacem
739 2232 877 2265 inflecti
902 2231 1064 2271 debere,
1090 2233 1300 2276 priusquam
1326 2232 1505 2276 pernicies
1531 2230 1578 2265 ab

132 2276 209 2309 illis
250 2277 484 2321 importetur:
519 2278 695 2324 tantisper
734 2279 833 2311 enim
868 2278 963 2312 nulli
1004 2280 1164 2311 Romano
1200 2278 1366 2312 illaturos
1390 2279 1577 2318 iniuriam,

134 2322 220 2356 dum
250 2323 356 2368 legati
384 2329 618 2358 revertantur.
642 2325 685 2357 In
710 2336 798 2370 quas
821 2335 927 2369 porro
953 2325 1181 2358 conditiones
1208 2335 1331 2368 pacem
1362 2325 1438 2358 fieri
1466 2335 1578 2368 opor-

133 2374 229 2408 teat,
269 2380 343 2402 non
375 2381 450 2403 esse
482 2373 682 2415 praesentis
707 2372 879 2418 temporis
908 2371 1100 2404 indicare:
1136 2370 1200 2404 sed
1234 2372 1263 2403 si
1301 2370 1408 2404 modo
1431 2371 1581 2405 inducat

133 2418 174 2449 in
207 2417 367 2448 animum
399 2427 463 2460 per
494 2417 630 2462 legatos
663 2418 710 2450 ad
744 2429 781 2451 se
817 2419 943 2451 missos
982 2429 1162 2462 exponere
1201 2418 1272 2450 sibi
1307 2428 1400 2464 quae
1439 2418 1502 2452 illa
1541 2423 1579 2452 et

133 2461 344 2507 patriarcha
380 2463 562 2508 ceterique
587 2464 785 2498 Archontes
818 2470 860 2497 ut
883 2465 1019 2508 optima
1047 2471 1157 2509 atque
1183 2464 1471 2498 commodissima
1495 2476 1580 2510 pro-

135 2509 245 2548 bent,
268 2509 447 2542 confidere
472 2520 530 2550 se,
558 2520 618 2543 eos
643 2511 766 2544 divino
793 2522 942 2544 munere
991 2523 1071 2544 cum
1104 2511 1234 2556 gaudio
1268 2522 1493 2552 reversuros,
1527 2512 1582 2545 fe-

135 2555 258 2589 liciter
294 2556 494 2596 coufectis,
531 2566 624 2602 quae
658 2559 824 2591 Romanis
856 2556 1024 2590 omnibus
1064 2558 1100 2590 in
1136 2568 1325 2591 commune
1359 2558 1578 2592 conducant.

137 2602 396 2635 Huiuscemodi
426 2602 498 2635 fuit
520 2603 760 2637 Cantacuzeni
787 2604 833 2637 ad
858 2605 995 2636 Annam
1020 2604 1282 2648 imperatricem
1307 2605 1579 2650 legatio‚quam

139 2659 301 2681 seorsum
337 2648 504 2681 Amurius
548 2660 695 2694 quoquc
725 2651 961 2688 hortabatur,
997 2650 1051 2682 uti
1086 2661 1207 2694 pacem
1255 2652 1459 2696 acciperet,
1505 2664 1577 2697 quo

139 2694 234 2727 nihil
271 2699 392 2738 posset
426 2695 542 2728 facere
568 2697 705 2730 utilius.
755 2696 844 2729 Nam
871 2703 907 2729 et
932 2697 1069 2741 alioqui
1105 2697 1270 2741 pluribus
1306 2697 1441 2731 abhinc
1474 2699 1578 2730 anuis

140 2741 211 2774 sibi
243 2753 322 2774 cum
360 2741 608 2775 Cantacuzeno
639 2744 832 2776 amicitiam
868 2742 1113 2781 intercedere,
1140 2744 1176 2776 in
1203 2745 1303 2778 euius
1328 2745 1477 2788 gratiam
1504 2746 1578 2777 Αῐι·

141 2787 289 2822 dronico
315 2788 523 2834 imperatori
548 2799 622 2823 non
641 2790 757 2824 solum
783 2790 882 2824 bello
908 2794 1031 2823 contra
1056 2789 1250 2824 Phocaeam
1278 2792 1456 2825 auxilium
1482 2791 1578 2825 tule-
