1800 3132
515 167 891 210 msTomAnUM
934 171 1006 208 111.
1037 170 1104 214 53.
1403 148 1437 204 3
1451 168 1516 223 ¹9

82 273 222 326 ρῶμεν
251 268 519 324 ἀνθρώπους·
575 264 686 315 ὅπως
714 267 760 308 τέ
786 281 859 319 μοι
886 266 1182 323 συνεξιρκισται
1200 266 1242 316 ἐς
1269 265 1516 321 Τριβαλοὺς,
1530 281 1610 315 Ag,
1629 281 1714 326 ¹342

81 336 156 377 καί
190 335 336 390 ψυχὴν
370 334 509 388 ,αότὴν
533 331 708 385 ἑτοιζιιως
741 328 854 385 εἶχεν
896 329 1001 386 ὑπὲρ
1030 334 1133 385 ἐμοῦ
1161 334 1299 374 θεῖναι
1326 328 1451 373 ὁπότε
1478 330 1522 373 ἔ-

82 403 169 453 δει,
207 404 279 443 καί
316 396 429 448 ὅπως
470 396 622 453 ἐγίνετό
653 413 726 451 μοι
755 396 850 438 οἷντί
877 396 1069 450 πάντων,
1097 395 1251 439 ὁποίων
1278 398 1323 439 τέ
1348 412 1423 450 μοι
1450 398 1525 439 καί

83 463 248 507 ὁπόσων
279 466 541 518 κεκοινώνηκε
567 466 649 505 τῶν
674 459 880 516 οἷνιαρῶν,
907 464 963 504 ἐῶ
991 465 1148 516 λέγειν,
1195 463 1254 511 ὦς
1280 461 1341 517 μὴ
1372 461 1522 513 ἀνάξια

58 530 191 580 ὅδόξω
205 530 395 585 πράττων
417 526 733 583 ἐκδιηγούμενος
749 526 824 569 συν
849 526 969 584 οἴκτῳ
986 529 1042 568 δι’
1058 529 1254 581 ἐμαυτοῦ,
1275 526 1305 569 ἃ
1326 524 1417 569 τότε
1434 543 1523 582 γεν-

82 599 210 644 ναίους
249 596 479 650 ἠνέγκαμεν
516 594 661 650 ἀρωγῇ
702 594 781 635 τοῦ
821 592 1059 648 κρείττονος.
1112 591 1318 646 βούλομαι
1343 594 1422 645 μὲν
1447 587 1524 634 οὖν

80 663 317 717 μακροτέρα
354 659 539 715 διηγήσει
567 660 716 699 δοῦναι
742 656 792 699 τά
821 654 988 702 τούτου.
1043 656 1184 713 ἐπειδὴ
1213 659 1253 699 δ’
1271 658 1432 699 ἐλάττω
1450 657 1525 711 τῆς

82 724 281 780 α’ληθείας
309 724 430 767 ἔσται
456 725 620 772 πάντως
647 721 735 765 ἅττ’
762 719 814 764 ἂν
841 721 1050 776 εἴποιμεν,
1090 721 1181 776 ἔχει
1216 740 1280 772 τις
1304 724 1350 774 ἐξ
1377 719 1569 777 ὄλιγωνῐ)

81 793 193 833 πάνυ
221 793 303 833 τῶν
331 789 544 846 ῥηθέντων
585 786 724 844 ὥσπερ
767 790 813 830 ἐν
841 789 1047 844 ἐπιδρομῇ
1076 789 1119 836 ἐς
1150 791 1334 841 βαθεῖαν
1349 790 1428 831 τοῦ
1447 785 1527 830 αὖ-

35 859 160 902 ιοτοῦ
186 860 399 911 πρακτέων
414 857 660 911 ἐληλυθέναι
681 854 926 909 κατάληψιν.
981 856 1198 909 παρείσθω
1227 853 1306 909 γάρ
1327 855 1378 897 τὰ
1397 857 1528 897 πλείω

86 918 148 972 οἷς
175 921 296 978 ἔργον
324 922 426 964 αιῖτὸ
454 923 573 963 τοῦτο
599 918 751 974 μόνον,
779 920 824 962 τὸ
852 922 1018 976 γραφῆς
1044 921 1161 962 ταῦτ’
1189 921 1333 972 ἀξιοῦν
1359 922 1433 962 καί
1457 922 1529 962 λό-

83 1004 172 1043 γοις
198 990 338 1043 τιμᾷν.
395 987 494 1042 ἡμῖν
533 989 579 1030 δὲ
621 985 701 1042 πρὸ
743 983 896 1028 τούτου
924 985 1095 1041 μελήσει
1123 986 1196 1028 καί
1221 985 1367 1035 αὐτοῖς
1393 985 1529 1041 ἔργοις

89 1056 343 1107 α’μείβεσθαι
374 1054 550 1096 τουτονί
583 1051 657 1094 τὸν
699 1049 978 1107 περιπόθητον
1017 1047 1284 1108 αὐτάδελφον
1310 1054 1386 1107 τῆς
1410 1055 1531 1105 βασι-

84 1119 198 1168 λείας
239 1135 324 1171 μου
357 1117 429 1160 τὸν
457 1115 718 1174 φερωνύμως
741 1114 892 1172 χάρισι
920 1117 1113 1171 βρύοντα.
1168 1117 1426 1160 δικαιότατον
1451 1116 1528 1172 γὰρ

42 1186 402 1240 ιόεόεργετεΐσθαι
441 1185 542 1237 παρ’
582 1183 682 1238 ἡμῖν
717 1185 790 1223 καί
821 1181 1012 1236 μεγάλων
1051 1182 1240 1235 οἷμοιβαῖν
1274 1182 1530 1236 ἀξιοῦσθαι,

83 1247 166 1303 οὔχ
201 1246 262 1291 ὅτι
296 1248 424 1301 μόνον
461 1250 572 1290 ε’στίν
608 1244 693 1297 οἷος
733 1249 938 1290 δέδεικται
983 1249 1056 1290 καί
1098 1249 1284 1304 φορυτόν
1312 1250 1532 1304 δυσχερῶν

84 1313 163 1357 σῦν
196 1315 296 1369 ἡμῖν
332 1315 438 1368 ὖῄὲρ
478 1314 597 1368 ἡμῶν
637 1311 754 1366 μάλα
793 1315 985 1365 α’σμένως
1021 1311 1268 1368 ὑπήνεγκεν·
1328 1315 1422 1356 ἀλλ’
1461 1311 1528 1355 ὅτι
1541 1329 1659 1364 1³⁴5,ss

84 1381 156 1420 καί
183 1378 253 1421 διὰ
283 1377 448 1420 πάντων
475 1381 559 1420 τῶν
587 1379 702 1435 αὐτῷ
727 1381 1027 1433 πεπραγμένων
1054 1380 1215 1433 τρανῶς
1235 1381 1531 1434 ἐπαγγέλλεται

86 1446 321 1495 συνοίσειν,
367 1441 445 1495 δ’,ὴ
482 1446 643 1497 βέλτιον
679 1445 738 1500 τῷ
777 1446 920 1500 κοινῷ,
966 1443 1041 1484 καί
1073 1436 1191 1493 νίκας
1219 1440 1412 1500 ἄρασθαι
1441 1448 1532 1489 κατ’

32 1511 252 1564 2οέχθρῶν
276 1507 327 1550 τά
351 1509 570 1561 Ῥωμαίων
601 1510 839 1561 νεμομένων
871 1509 1056 1563 οἶναίδην.
1115 1509 1188 1550 διά
1216 1526 1280 1552 τοι
1305 1514 1428 1552 τοῦτο
1460 1512 1534 1551 καὶ

85 1572 268 1628 χάριτας
307 1570 564 1628 οἷποχρώσας
603 1573 629 1627 ἦ
665 1572 859 1626 βασιλεία
900 1589 983 1625 μου
1025 1576 1127 1629 τῷδε
1162 1575 1397 1629 βουλομένη
1436 1576 1531 1626 αἐἰ,

86 1641 334 1693 ε’πιχορηγεῖ
364 1640 438 1679 καί
471 1635 738 1693 ἐπιβραβεύει
777 1639 853 1679 νῦν
875 1637 946 1678 καί
964 1638 1036 1679 τὸν
1057 1637 1247 1691 παρόντα
1266 1636 1528 1694 χρυσόβουλτ

85 1707 159 1746 λον
186 1700 324 1757 λόγον,
355 1705 410 1745 δι’
436 1698 486 1744 οὗ
513 1701 763 1759 προστάσσει
791 1701 864 1743 καί
891 1705 1082 1754 θεσπίζει
1110 1703 1182 1751 καὶ
1213 1705 1439 1760 διορίζεται
1466 1701 1527 1747 εἶ-

183 1815 210 1836 ι.
238 1801 512 1848 συνεξώρισται
530 1802 579 1835 Μ.
650 1814 683 1847 9.
710 1804 787 1836 τῶν
809 1801 912 1846 αὐτῷ
938 1801 1099 1837 fortasse.

86 1891 189 1913 mus:
229 1884 271 1911 ut
304 1891 443 1913 mecum
478 1878 563 1912 exul
602 1877 647 1912 ad
684 1876 868 1911 Triballos
901 1878 1057 1920 abierit,
1081 1880 1310 1929 animamque
1334 1883 1471 1929 ipsam,
1498 1886 1530 1919 si

87 1937 177 1971 opus
202 1925 349 1966 fuisset,
374 1936 439 1970 pro
463 1937 521 1959 me
553 1925 782 1969 depositurus
809 1924 940 1959 fuerit:
964 1927 1146 1971 quomodo
1170 1929 1262 1962 mihi
1298 1942 1390 1964 unus
1417 1932 1530 1965 instar

88 1972 248 2006 omnium
281 1972 417 2012 fuerit,
452 1972 577 2018 quales
613 1977 843 2017 quantasque
876 1983 1014 2005 mecum
1047 1984 1239 2018 perpessus
1269 1977 1318 2009 sit
1352 1978 1529 2017 miserias,

88 2021 194 2053 mitto
228 2018 369 2059 dicere,
403 2030 449 2051 ne
487 2020 634 2062 ineptus
667 2017 836 2058 audiam,
867 2029 947 2050 cum
972 2021 1287 2055 commiseratione
1314 2024 1394 2068 ipse
1420 2035 1529 2058 enar-

89 2077 191 2107 rans,
220 2076 312 2110 quae
346 2070 434 2098 tunc
467 2066 626 2098 numinis
649 2065 788 2103 auxilio
812 2075 984 2110 generosa
1009 2072 1130 2099 mente
1157 2068 1384 2112 pertulimus.
1434 2071 1528 2104 Volo

88 2113 201 2156 igitur
224 2122 281 2144 res
305 2112 382 2144 eius
407 2112 562 2155 longiori
587 2112 787 2144 narrationi
814 2121 1006 2146 reservare.
1054 2114 1102 2146 Et
1129 2116 1303 2158 quoniam
1325 2127 1410 2149 vero
1454 2118 1529 2150 mi-

88 2169 178 2191 nora
213 2156 464 2198 habebuntur,
501 2158 609 2202 plane
645 2168 739 2203 quae
773 2157 1029 2199 disseruimus,
1062 2161 1201 2203 poterit
1229 2162 1312 2206 quis
1347 2173 1367 2195 e
1396 2163 1528 2208 ,paucis

90 2203 284 2238 admodum
310 2210 347 2237 et
370 2205 470 2236 velut
494 2206 535 2238 in
561 2205 716 2238 transitu
742 2215 761 2236 a
791 2215 848 2238 me
873 2204 1002 2246 dictis,
1025 2206 1065 2238 in
1098 2206 1274 2240 sactorum
1311 2209 1527 2254 eius‘peni-

89 2252 219 2285 tior-em
252 2250 494 2295 coguitionem
528 2253 662 2283 venire.
720 2251 984 2295 Relinquantur
1022 2253 1119 2285 enim
1150 2253 1254 2296 plura
1287 2255 1355 2295 iis,
1389 2255 1525 2301 quibus

90 2309 202 2331 unum
233 2296 302 2330 hoe
338 2307 439 2340 opus,
475 2297 563 2330 talia
587 2297 718 2330 litteris
743 2299 952 2341 consignare
978 2303 1016 2332 et
1038 2298 1226 2332 verborum
1251 2300 1451 2336 luminibus
1475 2303 1524 2336 il·

88 2344 252 2377 lustrare.
310 2342 422 2375 Nobis
458 2344 579 2388 potius
604 2354 710 2376 curae
735 2346 829 2383 erit,
854 2346 962 2376 etiam
988 2345 1094 2377 rebus
1123 2345 1402 2381 desiderabilem
1427 2347 1525 2382 hunc

88 2389 287 2428 maiestatis
318 2395 463 2422 nostrae
501 2390 646 2432 freti-em
679 2388 930 2430 remunmaffi,
957 2391 1019 2436 qui
1046 2402 1110 2424 suo
1135 2393 1274 2425 nomini
1299 2397 1524 2429 convenien-

93 2440 148 2469 ter
188 2436 312 2481 gratiis
357 2435 582 2468 circumfluit.
641 2435 874 2470 meritissimo
900 2438 997 2469 enim
1024 2437 1136 2470 officia
1160 2438 1199 2471 in
1223 2439 1328 2472 illum
1355 2441 1524 2475 eonfere-

90 2493 168 2515 mus
201 2489 238 2515 et
275 2482 492 2524 amplissima
527 2484 561 2515 ei
586 2481 679 2515 dona
706 2482 967 2527 rependemus,
991 2494 1065 2516 non
1090 2484 1208 2517 solum
1235 2486 1321 2530 quia
1347 2488 1431 2522 talis
1456 2494 1523 2528 est,

91 2529 234 2574 qualem
260 2527 554 2571 praedicamus,
590 2532 627 2561 et
650 2539 814 2562 acervum
842 2529 1033 2575 quemdam
1060 2529 1309 2565 difficultatum
1332 2532 1522 2568 nobiscum

91 2576 261 2608 toleravit
290 2574 548 2607 libentissime:
581 2574 644 2607 sed
682 2576 769 2620 quia
802 2578 907 2608 etiam
944 2587 1008 2619 per
1044 2577 1185 2616 omnia,
1210 2589 1304 2623 quae
1328 2582 1523 2625 praestitit.

93 2621 146 2655 rei
174 2620 344 2665 publicae
381 2621 607 2664 profuturum
639 2631 739 2661 sese,
772 2622 1032 2666 victoriamque
1057 2622 1102 2655 de
1125 2622 1316 2666 hostibus,
1343 2627 1524 2661 Romano-

93 2679 171 2701 rum
198 2674 308 2705 tcrras
333 2666 560 2711 impudenter
588 2669 869 2711 occupantibus,
895 2670 1083 2702 manifeste
1110 2670 1306 2705 relaturum
1330 2676 1520 2717 promittit.

93 2714 231 2755 Idcirco
265 2724 345 2745 cum
380 2724 460 2744 eum
492 2710 655 2756 potentia
679 2719 810 2748 nostra.
827 2715 935 2757 digne
959 2722 1227 2749 remuneratum
1252 2729 1393 2764 semper
1416 2721 1519 2759 velit,

92 2770 190 2794 nunc
212 2761 360 2805 insuper
385 2760 419 2792 ei
435 2758 514 2798 *hoc
538 2759 579 2793 in
599 2771 708 2794 aurea
733 2761 835 2794 bulla
860 2760 1107 2795 testimonium
1130 2762 1303 2809 praebet,
1338 2771 1377 2800 et
1409 2767 1521 2800 veluti
