1820 3152
316 186 425 243 562
846 198 1216 245 CANTACUZENJ

118 317 405 363 Α.Ο.ι346κος,
438 303 570 350 αυτὸν
598 308 674 360 μὲν
712 302 1025 359 ἀνεπαισθήτους
1054 304 1128 345 τοῦ
1164 302 1291 344 ἵππου
1321 300 1397 350 τὰς
1425 302 1573 357 τρίχας
1600 299 1747 357 ἄφελε·
1795 360 1798 362 Β

311 380 437 426 σθαι,
469 373 519 415 ἵν’
534 371 597 427 εἴη
625 371 846 431 τεκμήριον
871 370 1055 424 ἐναργές.
1082 370 1239 410 ἐκεῖνον
1272 369 1318 410 δὲ
1347 383 1429 408 των
1459 367 1602 407 πυλῶν
1629 367 1746 408 ἀνοι-

307 443 520 497 χθεισῶν,
551 436 664 487 ε’ντὸς
691 434 931 491 γενόμενον,
961 431 1091 483 αὖθις
1115 435 1307 484 εξελθεῖν.
1354 430 1554 486 βασιλευς
1582 433 1629 473 δὲ
1655 432 1749 474 ἔπει

307 508 476 565 τοιαῦτα
506 498 683 559 ἤκουεν,
713 503 928 544 ἐσκέπτετο
954 501 1051 555 περὶ
1070 500 1253 554 Ἱέρακος
1283 496 1308 539 ὁ’
1308 514 1362 552 ,τι
1387 497 1608 552 χρήσαιτο.
1652 513 1746 538 σκε-

307 574 492 628 πτομὲνω
523 571 568 611 δὲ
597 565 707 624 αὗτιΐί
736 565 976 622 ἢγγέλλετο,
1009 582 1065 615 ως
1097 563 1329 616 Βυζαντίου
1359 563 1589 613 ἐξελθοῦσα
1620 566 1771 616 στρα-5

306 636 374 681 τιὰ
407 636 674 689 συμπλακείη
717 636 804 675 ’τισί
829 633 911 674 τῶν
939 631 1158 685 βασιλέως.
1210 634 1392 672 Λατῖνοι
1418 627 1496 684 γὰρ
1527 627 1657 682 ὀλίγοι
1683 643 1745 670 τι-

302 706 374 752 -νὲς
402 703 446 745 ἐκ
475 701 704 756 Γερμανῶν
732 700 776 740 ἐν
801 695 1018 754 Βυζαντία)
1044 696 1325 751 διατρίβοντες
1346 726 1358 747 ,
1402 694 1634 744 ἐξελθόντες
1660 692 1750 735 τισὶ

303 772 391 811 τῶν
419 769 623 822 βασιλέως
651 766 923 818 περιέτυχον,
964 763 1008 802 ἐν
1038 756 1098 809 οἷς
1127 763 1198 802 καί
1220 761 1354 814 Ἱέραξ
1383 755 1460 815 ἦν·
1500 776 1570 801 και
1609 756 1748 814 μάχης

308 834 619 890 συναφθείσης,
659 826 755 872 οὗτε
796 830 880 870 τῶν
918 827 1162 880 Ῥωμαίων,
1204 821 1300 867 οὕτε
1329 827 1414 868 τῶν
1450 826 1646 868 Λατίνων
1675 824 1749 865 πέ-

308 916 465 943 πτωκεν
493 898 654 949 ουδεις,
686 892 777 937 οὒτε
804 893 888 948 μὴν
915 891 1254 947 ἐτραυματίσθη·
1281 891 1416 946 Ἱέραξ
1455 892 1502 933 δὲ
1528 890 1654 944 μόνον
1684 891 1802 939 ὃιςιο

307 964 663 1020 τραυματισθείς,
691 959 876 1014 α’πέβαλέ
914 974 958 1000 τε
984 956 1061 1000 τὸν
1094 957 1243 1010 ἵππον,
1272 973 1341 999 και
1371 954 1495 1007 αΰτός
1521 952 1653 1011 ἦλθεν
1681 957 1746 1010 ε’γ-

265 1030 389 1087 Βγύς
417 1030 599 1071 ἁλῶναι·
630 1023 756 1075 αυθις
788 1026 834 1066 δὲ
865 1022 1111 1072 ἐπελθόντες
1142 1022 1181 1065 οῖ
1207 1025 1438 1077 βασιλικοί,
1484 1022 1747 1064 ἀνεσώσαντό

305 1113 352 1140 τε
382 1094 454 1142 καί
482 1093 586 1150 πρὸς
617 1091 663 1135 τὸ
691 1090 972 1146 στρατόπεδον
1012 1085 1111 1144 ἦγον
1138 1089 1420 1143 τραυματίαν.
1473 1086 1673 1142 βασιλευς
1701 1088 1748 1130 δὲ

310 1161 416 1218 πρὸς
442 1160 520 1215 τὴν
547 1158 699 1214 σκηνὴν
728 1155 882 1209 ἐλθών,
913 1172 958 1197 εν
988 1174 1014 1212 ῃ
1043 1157 1173 1209 διῆγε,
1205 1160 1372 1196 σκοπεῖν
1397 1156 1574 1207 ἐκέλευε,
1594 1153 1650 1209 μή
1670 1155 1711 1195 Γ
1708 1170 1748 1194 ε-

269 1243 274 1248 ·
307 1227 456 1284 ώργιος
490 1224 510 1266 ὃ
542 1225 618 1267 ’τοῦ
648 1224 838 1278 Χριστοῦ
873 1238 1040 1276 μαρτυς
1068 1223 1143 1275 τῆς
1173 1236 1233 1269 εις
1262 1218 1389 1262 αὐτὸν
1415 1221 1636 1275 παροινίας
1664 1222 1802 1264 ‹uo-15

308 1293 545 1350 φρονίζων,
583 1285 727 1344 ὅτιπερ
757 1284 959 1342 εγγυητὴν
985 1287 1302 1341 παρεσχημένος
1319 1319 1331 1339 ,
1368 1280 1496 1336 αυθις
1523 1291 1609 1335 τοῖς
1637 1284 1748 1341 φαύ-

307 1363 395 1406 λοις
439 1373 509 1402 και
550 1358 745 1409 πονηροῖς
786 1351 920 1408 ἔρροις
951 1353 1134 1406 ἕκὸιὸοιη
1162 1349 1336 1405 εαυτόν,
1377 1368 1493 1394 ειασε
1519 1366 1749 1406 τραυματι-

307 1424 479 1478 σθηναι.
545 1420 566 1461 ὃ
597 1422 638 1461 δ’
653 1416 780 1468 αυθις
818 1417 870 1459 τὰ
907 1416 980 1459 ἶσα
1021 1422 1105 1465 τοῖς
1147 1417 1366 1473 προτέροις
1393 1418 1663 1472 ισχυρίζετο,
1693 1433 1756 1478 ως,

307 1489 461 1536 α’δίκως
490 1484 775 1527 ὑποπτεύοιτο.
832 1480 980 1532 νυκτὸς
1012 1484 1058 1523 δὲ
1087 1481 1365 1536 ἐπελθούσης,
1413 1483 1506 1525 ἐπεὶ
1541 1482 1749 1542 ᾗσθιὲνετο

172 1554 384 1613 v‚534015›e
412 1550 708 1606 ἀγνοούμενος,
753 1544 883 1606 ᾤχετο
912 1550 971 1596 εἰς
998 1548 1229 1599 Βυζάντιον
1271 1548 1485 1604 ἀποδράς·
1529 1549 1801 1604 ἐρωτώμε-αο

309 1634 377 1667 νος
416 1620 462 1660 δὲ
503 1615 579 1672 τὴν
608 1615 772 1668 αἰτίαν,
814 1616 870 1656 δι’
888 1613 939 1669 ἢν
966 1614 1018 1655 ου’
1042 1614 1220 1657 τελέσειε
1258 1633 1309 1656 τα
1339 1615 1632 1670 ὑπεσχημένα,
1680 1615 1750 1659 αἐι

182 1698 208 1732 Ρ
229 1685 387 1741 669μὲν
422 1682 603 1739 ἔφασκεν
641 1683 893 1736 ἐπιχειρεῖν,
938 1682 1090 1735 καιροῦ
1125 1681 1172 1722 δὲ
1210 1680 1409 1722 οὐδέποτε
1445 1683 1714 1759 τετυχηκέναι
1735 1714 1748 1735 ,

311 1748 627 1805 φυλαττόμενον
648 1748 876 1800 βασιλέως,
906 1741 1045 1800 ὥσπερ
1075 1740 1127 1787 ἀν
1155 1746 1195 1787 εἷ
1219 1743 1391 1803 συνῄδει
1422 1749 1534 1788 αὐτῶ
1560 1745 1656 1797 τούς
1679 1751 1749 1790 λο-

309 1830 509 1871 γισμους,
537 1830 608 1855 και
642 1814 871 1854 δεδοικέναι
910 1808 970 1866 μή
1001 1809 1249 1868 κατάφωρος
1275 1811 1494 1867 γενόμενος
1529 1809 1748 1869 ἀπόληται.

408 1916 460 1942 12.
480 1901 710 1938 διεσώσαντο
734 1903 781 1935 Μ.
808 1913 874 1946 mg.

310 1991 388 2025 eius
419 2001 484 2034 pro
520 1988 681 2025 evidenti
719 1973 856 2031 indicio
872 2013 881 2029 ‚
913 1989 962 2022 ita
989 1993 1030 2021 ut
1055 2001 1129 2023 non
1153 1989 1514 2030 animadverteretur,
1540 1988 1746 2031 abstulisse,

310 2039 427 2082 ipsum
453 2038 566 2080 portis
594 2035 764 2075 reclusis,
789 2046 867 2068 cum
894 2035 991 2070 intus
1020 2036 1173 2078 fuisset,
1203 2048 1343 2070 rursum
1370 2037 1533 2070 exivisse.
1582 2036 1646 2069 His
1681 2048 1746 2070 au-

311 2084 419 2124 ditis,
443 2082 533 2128 quid
543 2083 690 2116 Hieraci
716 2082 861 2122 faceret,
887 2082 985 2127 apud
1007 2083 1166 2116 animum
1192 2082 1414 2128 disquirebat
1434 2083 1640 2126 imperator.
1665 2084 1747 2117 Dis-

311 2131 474 2176 quirenti
506 2129 721 2167 nuntiatur,
759 2128 905 2173 globum
933 2130 1104 2172 Byzantio
1131 2131 1311 2173 erupisse,
1342 2131 1405 2174 qui
1430 2141 1511 2163 eum
1535 2129 1678 2175 aliquot
1701 2129 1747 2164 de

312 2178 390 2211 eius
418 2178 579 2209 exercitu
603 2174 782 2220 confligat.
820 2175 941 2209 Latini
969 2175 1150 2221 siquidem
1176 2188 1219 2209 ex
1249 2175 1435 2209 Germanis
1460 2175 1605 2221 quidam
1631 2179 1748 2222 pauci,

303 2223 473 2267 ‚Byzantii
507 2228 715 2262 manentes,
749 2221 788 2254 in
825 2222 1001 2266 quosdam
1027 2222 1275 2266 imperatorios
1303 2223 1433 2267 egressi
1459 2222 1684 2264 inciderant,
1709 2225 1748 2258 ἰιι

310 2270 444 2314 quibus
473 2274 511 2303 et
533 2269 687 2303 Hieiax:
725 2269 973 2313 consertisque
998 2268 1187 2308 manibus,
1221 2279 1289 2302 nec
1314 2270 1359 2303 de
1384 2269 1575 2310 Romanis,
1612 2281 1680 2304 nec
1701 2271 1747 2304 de

312 2316 453 2350 Latinis
489 2316 681 2361 quisquam
730 2319 793 2347 aut
822 2315 971 2355 cecidit,
1015 2319 1085 2348 aut
1122 2316 1330 2349 vulneratus
1366 2321 1440 2351 est.
1477 2316 1597 2350 solus
1614 2317 1748 2350 Ηίθεοι

311 2362 455 2396 duobus
486 2363 641 2406 acceptis
664 2360 875 2394 vulneribus
908 2372 1040 2406 equum
1063 2362 1203 2402 amisit,
1228 2366 1265 2399 et
1290 2362 1379 2407 quin
1403 2368 1602 2408 caperetur,
1619 2374 1748 2418 parum

313 2408 455 2442 abfuit·
483 2420 592 2453 quem
617 2412 742 2452 postea
767 2408 1060 2451 supervenientes
1085 2408 1309 2452 imperatorii
1334 2414 1543 2449 servarunt,
1568 2410 1748 2443 saucium—

313 2466 383 2499 que
409 2454 447 2487 in
475 2461 589 2488 castra
613 2454 870 2499 perduxeiffunt
917 2453 973 2487 Ad
996 2455 1097 2487 cuius
1131 2455 1403 2489 tabernaculum
1435 2455 1606 2490 accedens
1632 2458 1749 2500 impe-

312 2505 434 2540 rator,
473 2501 631 2542 videret,
665 2500 854 2540 monebat,
890 2511 936 2533 ne
961 2500 1056 2533 forte
1080 2501 1257 2546 Georgius
1290 2502 1425 2536 Christi
1450 2507 1582 2546 martyr
1605 2504 1684 2536 eius
1709 2503 1749 2537 iu

312 2557 351 2579 se
387 2546 601 2581 insolentem
634 2546 873 2579 temeritatem
906 2547 1081 2590 castigans
1103 2547 1218 2593 (quod
1238 2559 1318 2582 cum
1343 2561 1550 2594 sponsorem
1575 2549 1748 2590 dedisset,

267 2628 276 2634 Η
311 2603 452 2627 rursum
491 2605 528 2627 se
563 2594 695 2628 vitiose
736 2599 773 2627 et
797 2592 961 2638 improbe
988 2593 1092 2626 saetis
1118 2595 1350 2650 astringeret)
1395 2597 1574 2630 vulnerari
1604 2597 1747 2641 permi-

313 2638 429 2671 sisset.
491 2640 557 2671 Ille
596 2639 691 2672 idem
725 2639 822 2684 quod
858 2644 943 2673 ante
978 2639 1168 2681 affirmare,
1201 2642 1334 2676 iniuria
1368 2643 1407 2676 in
1431 2654 1468 2677 se
1507 2643 1747 2688 suspicionem

314 2687 540 2718 commoveri.
602 2686 715 2718 Nocte
754 2687 945 2730 sequenti,
983 2686 1155 2732 quoniam
1194 2699 1231 2721 se
1263 2689 1485 2745 proditionis
1516 2689 1748 2723 manifestum

312 2731 473 2770 videbat,
499 2733 705 2773 Byzantium
731 2733 891 2775 aufugit:
918 2733 982 2766 ubi
1007 2734 1258 2778 interrogatus,
1282 2747 1345 2769 cur
1370 2737 1545 2780 promissa
1567 2746 1642 2770 non
1663 2746 1747 2781 per-

313 2778 480 2819 fecisset,
503 2777 706 2823 respoudit,
734 2785 901 2826 conatum
922 2779 1071 2827 quidem
1089 2792 1298 2827 nunquam,
1325 2783 1631 2835 opportunitatem
1655 2793 1747 2839 sem-
