1812 3146
262 167 368 223 502
788 183 1155 230 CANTACUZENJ

65 286 339 339 Λ.(1.ι345και“
377 282 430 341 ἧν
470 285 521 327 οὗ
565 291 651 335 τοῖς
688 285 898 341 πάσχουσι
934 288 1061 340 μόνον
1098 288 1144 330 τό
1184 288 1306 331 κακὸν
1342 287 1697 344 ἀπαραμύθητον,

262 349 370 392 ἄλλα
410 351 484 392 καί
523 354 696 404 βασιλεῖ’
727 355 802 395 καί
828 359 912 402 τοῖς
940 357 1138 396 συνοῦσιν
1171 350 1303 396 ἅπασι
1327 355 1558 406 ζΡωμαίοις
1587 353 1699 404 ἔλεος

260 415 394 465 δεινὸς
422 413 553 473 εἰσῄει
564 450 576 468 ,
613 419 783 459 τοιαῦτα
824 421 904 461 ταῖν
937 419 1161 475 ὁμοφύλων
1192 419 1528 473 δυστυχούντων·
1571 419 1697 474 οἰναγ-

220 483 388 530 Βκαίως
429 483 476 523 δὲ
513 483 588 523 τοῦ
619 485 802 534 πολέμου
844 482 1021 538 εἴχοντο.
1085 481 1282 538 πράττειν
1320 483 1398 540 γὰρ
1440 483 1590 540 ἑτέρως
1621 486 1696 526 ov'n

260 548 373 601 ἐνῆν,
401 548 484 588 τῶν
516 548 560 588 ἐν
587 549 807 606 Βυζαντίῳ
834 548 908 603 τὴν
938 548 1104 605 εἰρήνην
1135 549 1186 589 ου’
1214 552 1579 606 παραδεχομένων.
1620 569 1622 571 ·
1697 551 1722 593 5

367 612 462 666 πβᾍ
509 611 562 654 Οἱ
588 614 633 654 ἐν
650 615 692 655 Γ
689 615 819 672 αλατᾷ
844 615 893 656 δὲ
914 618 971 672 τῷ
998 616 1186 671 φρουρίῳ
1216 613 1328 665 ὅντες
1357 621 1546 668 Λατῖνοι,
1566 615 1698 671 ὄρῶν-

259 694 327 727 τες
368 680 447 731 μὲν
487 675 565 731 τὴν
603 676 688 719 find
729 682 804 720 τοῦ
831 681 1038 735 ἐμφυλίου
1067 681 1247 733 πολέμου
1275 687 1360 729 τοῖς
1382 680 1606 733 Ῥωμαίοις
1634 683 1698 736 ἑγ-

259 745 476 797 γινομένην
506 740 724 798 ἀμύθητον
741 744 934 800 φθορὰν,
967 746 1214 799 ἀγνοοῦντες
1242 747 1312 799 δὲ,
1341 748 1380 788 εἰ
1406 748 1562 799 μᾶλλον
1591 746 1629 788 οἱ
1655 750 1699 789 ἑν

222 810 508 865 οΒυζαντίῳ,
549 803 577 862 ἢ
606 810 952 865 Καντακουζηνὸς
986 810 1006 852 ὃ
1034 810 1234 864 βασιλεὺς
1272 813 1500 866 παρέχεται
1526 810 1700 860 τὰςαί-

262 874 355 922 τίας
398 875 475 915 τοῦ
519 876 726 928 πολέμου,
755 875 828 916 καὶ
851 882 936 925 τοῖς
962 878 1041 929 μὲν
1070 878 1114 917 ἐν
1141 878 1358 934 Βυζαντίῳ
1387 873 1574 925 συνόντες
1600 875 1751 931 ὅση-ιο

260 940 388 993 ,ιιέραι
426 941 499 981 καί
534 940 666 983 πολλὰ
706 943 1062 996 Καντακουζηνοῦ
1116 943 1193 983 τοῦ
1215 941 1446 995 “βασιλε’ως
1484 940 1700 991 ἀκούοντες

262 1006 616 1060 κατηγορούντων,
652 1001 737 1048 Ὶὅτι
763 1005 1001 1060 βασιλεύειν
1054 1007 1322 1062 ἐπιθυμήσας
1364 1012 1449 1057 τοῖς
1493 1008 1700 1060 βασιλέως

264 1070 572 1122 ἐπιβουλεύσειε
615 1073 764 1125 παισὶ,
812 1070 1076 1128 πατριάρχης
1127 1075 1174 1115 δὲ
1213 1071 1317 1125 μετὰ
1355 1074 1439 1114 τῶν
1477 1073 1700 1114 ἐπιλοίπων

265 1131 477 1189 Υἀντισταίη
494 1135 565 1177 καί
580 1134 799 1189 κωλύσειε,
817 1135 875 1192 μὴ
901 1136 972 1179 τὸν
1001 1140 1132 1179 παῖδα
1160 1141 1425 1194 διαφθείρειν
1451 1137 1700 1192 πολεμήσας,

263 1196 293 1253 ἢ
321 1201 442 1241 οὐδὲν
466 1195 518 1241 ἂν
538 1201 691 1242 ἐκεῖνον
720 1202 875 1242 ἐκώλυε
895 1200 1026 1243 πάλαι
1051 1201 1328 1258 διεφθάρθαι,
1344 1204 1698 1257 Καντακουζηνοῦ
1704 1204 1752 1247 15

265 1266 310 1306 δὲ
333 1268 408 1307 τοῦ
434 1268 640 1318 βασιλέως
669 1267 721 1308 ου’
749 1265 878 1319 μόνον
902 1265 978 1321 τήν
1008 1266 1113 1322 πρὸς
1139 1269 1316 1321 βασιλέα
1348 1267 1419 1309 τὸν
1436 1266 1699 1321 Ἀνδρόνικον

264 1331 500 1379 ἐννοοῦντες
526 1331 773 1385 σύμπνοιαν,
801 1328 907 1373 ἄλλα
932 1332 1004 1373 καί
1023 1331 1098 1386 τήν
1118 1333 1358 1387 προσοῦσαν
1378 1331 1600 1374 ἐπιείκειαν
1627 1333 1702 1374 καί

224 1394 600 1450 Βῆμερότητα,καί
617 1395 662 1437 τὸ
685 1399 811 1438 πᾶσιν
830 1394 979 1438 ἑαυτὸν
999 1399 1260 1451 παρέχεσθαι
1278 1396 1380 1452 ἡδύν
1396 1413 1438 1438 τε
1453 1398 1498 1438 ἐν
1517 1396 1700 1449 ὁμιλίαις

267 1463 339 1501 καί
361 1459 581 1515 φιλότιμον
607 1459 712 1514 πρὸς
738 1460 816 1508 τὰς
841 1462 1079 1516 εὐεργεσίας
1104 1463 1175 1503 καί
1196 1463 1268 1515 τῆς
1291 1462 1348 1511 εἰς
1382 1461 1511 1504 αύτόν
1536 1463 1701 1511 εὐνοίας

266 1526 350 1566 τῶν
376 1526 509 1580 φίλων
530 1525 868 1579 μνημονευτικὸν,
884 1529 956 1567 καί
975 1528 1221 1580 νομίζοντες,
1240 1527 1315 1567 οὐκ
1337 1523 1389 1568 ἂν
1410 1524 1522 1568 οὕτω
1541 1527 1752 1585 ῥαδιῖοςαο

266 1592 365 1645 περί
403 1591 580 1643 βασιλέα
629 1588 701 1631 τὸν
740 1591 859 1646 φίλον
893 1592 1244 1646 ἠγνωμονηκέναι,
1283 1590 1492 1634 πιστεύειν
1516 1594 1594 1645 μὲν
1623 1592 1700 1633 οὐκ

267 1652 381 1708 εἶχον
416 1659 502 1702 τοῖς
532 1654 667 1695 αὐτοῦ
702 1658 977 1711 κατηγοροῦσι
1007 1655 1059 1698 τὰ
1089 1659 1283 1711 τοιαῦτα,
1316 1653 1410 1699 οὔτε
1433 1656 1517 1712 μὴν
1543 1656 1698 1699 παντά-

135 1729 395 1773 V‚50771aow
423 1719 612 1762 ἀπιστεῖν
638 1726 722 1770 τοῖς
749 1724 1075 1779 θρυλλουμένοις
1118 1719 1248 1772 οὕτως
1281 1721 1363 1766 ὑπὸ
1407 1724 1582 1764 πολλῶν·
1627 1721 1699 1765 διὰ

266 1851 451 1894 bantque:
477 1850 605 1884 Persae
635 1851 743 1883 etiam
767 1850 932 1885 homines
957 1851 1115 1895 captivos
1140 1850 1331 1886 ducebant.
1373 1851 1448 1884 Nec
1472 1849 1587 1883 solum
1606 1849 1694 1894 ipsis

266 1895 492 1942 patientibus
531 1908 573 1929 ea
611 1907 666 1929 res
700 1897 971 1930 acerbissimum
1006 1899 1144 1930 luctum
1180 1897 1368 1931 afferebat:
1395 1896 1460 1930 sed
1487 1897 1694 1939 imperatori

268 1953 436 1989 quoque,
472 1948 509 1976 et
540 1943 705 1975 Romanis
730 1943 906 1977 universis
929 1955 1076 1989 magnae
1098 1945 1323 1977 miserationi
1349 1947 1446 1982 erat,
1470 1952 1554 1975 suae
1579 1943 1696 1985 gentis

268 1989 436 2023 mortales
462 1988 518 2021 his
542 1989 683 2022 casibus
712 2000 898 2033 oppressos
923 1992 1094 2034 aspicere,
1153 1990 1223 2023 Sed
1256 2002 1334 2022 cum
1358 1989 1543 2032 Byzantini
1570 1998 1697 2032 pacem

263 2040 562 2079 aspernarentur,
594 2035 778 2069 licentiam
816 2037 1008 2070 militarem
1032 2038 1071 2070 in
1095 2036 1260 2070 hostibus
1284 2035 1476 2069 necessitas
1503 2039 1697 2080 extorque·-

266 2082 351 2123 bat,
375 2093 448 2114 non
472 2082 649 2114 voluntas.

359 2130 413 2162 82.
461 2128 778 2161 verumenimvero
817 2130 854 2161 in
892 2128 1027 2173 oppido
1062 2129 1192 2163 Galata
1225 2128 1366 2168 Latini⁷
1392 2137 1471 2160 cum
1506 2126 1575 2159 hoc
1598 2126 1697 2159 civili

266 2175 365 2207 bello
394 2175 568 2207 Romanos
594 2174 826 2207 incredibiles
851 2175 1070 2208 calamitates
1095 2175 1283 2218 pertulisse
1310 2177 1510 2213 cernerent,
1529 2177 1566 2205 et
1591 2174 1698 2218 igno-

268 2228 427 2262 rarent‚·
454 2220 612 2263 magisne
646 2231 666 2252 a
703 2221 930 2263 Byzantinis,
963 2232 1009 2253 an
1034 2233 1053 2253 a
1083 2221 1329 2254 Cantacuzeno
1356 2220 1478 2252 datum
1505 2225 1597 2252 esset
1621 2220 1695 2252 ini-

267 2269 374 2301 tium:
413 2272 450 2299 et
480 2266 695 2311 quotidiana
727 2279 806 2299 cum
831 2267 905 2300 illis
930 2268 1140 2301 commercia
1168 2265 1342 2299 habentes
1358 2291 1367 2306 ‚
1392 2276 1453 2299 eos
1479 2266 1696 2298 Cantacuze-

267 2326 354 2346 num
385 2313 505 2346 multis
530 2317 734 2346 accusantes
758 2313 938 2354 audirent,
972 2313 1085 2358 (quod
1103 2313 1272 2345 nimirum
1300 2312 1471 2356 regnandi
1499 2311 1696 2356 cupiditate

266 2360 392 2393 liberis
430 2360 658 2403 imperatoris
694 2359 946 2392 insidiaretur:
970 2360 1206 2404 patriarcham
1239 2370 1317 2391 cum
1347 2359 1476 2392 ceteris
1508 2358 1695 2397 obsistere,

267 2417 312 2438 ne
347 2416 496 2450 puerum
529 2405 627 2438 bello
660 2407 774 2439 victor
804 2405 1003 2445 occideret,
1038 2406 1176 2451 alioqui
1201 2406 1340 2449 pridem
1370 2406 1522 2439 occisum
1549 2403 1696 2448 fuisse,)

265 2458 450 2496 praeterea
495 2462 574 2484 cum
615 2451 855 2484 Cantacuzeni
887 2463 961 2484 non
1000 2452 1115 2484 solum
1159 2463 1239 2485 cum
1276 2451 1446 2485 defuncto
1479 2450 1698 2495 imperatore

266 2499 470 2531 Andronico
502 2499 730 2532 voluntatum
767 2497 1042 2543 studiorumque
1066 2509 1301 2538 consensum,
1326 2498 1389 2531 sed
1413 2503 1450 2530 et
1473 2507 1589 2530 mores
1614 2497 1696 2540 pla-

265 2544 466 2576 cidissimos
500 2549 712 2589 reputarent
738 2548 775 2575 et
799 2543 980 2589 quomodo
1013 2555 1049 2578 se
1077 2544 1244 2577 omnibus
1272 2546 1311 2577 in
1336 2553 1526 2588 congressu
1550 2552 1694 2575 suavem

268 2601 308 2622 ac
339 2589 591 2623 benefaciendi
625 2589 816 2635 cupidum,
854 2589 1204 2635 benevolentiaeque
1237 2591 1430 2624 amicorum
1456 2600 1534 2633 erga
1559 2599 1596 2621 se
1621 2599 1696 2621 me-

269 2647 402 2669 morcm
438 2637 644 2678 praeberet:
680 2636 939 2669 arbitrarentur
963 2638 1084 2676 etiam,
1110 2648 1183 2670 non
1209 2642 1281 2669 tam
1311 2637 1416 2670 facile
1443 2636 1481 2668 in
1505 2636 1696 2678 imperato-

270 2693 343 2716 rern
382 2683 557 2725 ingratum
595 2688 704 2728 atque
740 2682 945 2724 improbum
979 2683 1129 2727 reperiri
1166 2684 1348 2727 potuisse:
1398 2693 1476 2714 cum
1501 2680 1612 2720 haec,
1640 2680 1696 2713 in·

271 2740 396 2772 quam,
429 2729 642 2772 cogitarent,
680 2738 747 2760 nec
778 2728 884 2761 fidem
922 2729 1187 2762 accusatoribus
1212 2729 1431 2772 adiungere,
1462 2738 1530 2762 nec
1552 2737 1695 2771 prorsus

271 2775 457 2810 detrahere
488 2778 679 2820 poterant,
711 2774 809 2821 quod
846 2774 935 2809 adeo
961 2785 981 2807 a
1006 2775 1128 2811 multis
1163 2776 1466 2823 praedicarentur.
1517 2773 1694 2819 Quocirca
