<?xml version="1.0" encoding="UTF-8"?>
<!DOCTYPE html PUBLIC "-//W3C//DTD XHTML 1.0 Transitional//EN"
    "http://www.w3.org/TR/xhtml1/DTD/xhtml1-transitional.dtd">
<html xmlns="http://www.w3.org/1999/xhtml" xml:lang="en" lang="en">
 <head>
  <title>
</title>
<meta http-equiv="Content-Type" content="text/html;charset=utf-8" />
  <meta name='ocr-system' content='tesseract 3.04.00' />
  <meta name='ocr-capabilities' content='ocr_page ocr_carea ocr_par ocr_line ocrx_word'/>
</head>
<body>
  <div class='ocr_page' id='page_1' title='image "./corpusscriptorum24niebuoft_0433.png"; bbox 0 0 1820 3138; ppageno 0'>
   <div class='ocr_carea' id='block_1_1' title="bbox 567 153 1586 220">
    <p class='ocr_par' dir='ltr' id='par_1_1' title="bbox 567 153 1586 220">
     <span class='ocr_line' id='line_1_1' title="bbox 567 153 1586 220; baseline -0.006 -6"><span class='ocrx_word' id='word_1_1' title='bbox 567 172 945 215; x_wconf 72' lang='lat' dir='ltr'><strong>msromAuUM</strong></span> <span class='ocrx_word' id='word_1_2' title='bbox 986 176 1058 214; x_wconf 88' lang='lat'>111.</span> <span class='ocrx_word' id='word_1_3' title='bbox 1087 173 1158 218; x_wconf 85' lang='lat'><strong>68.</strong></span> <span class='ocrx_word' id='word_1_4' title='bbox 1479 153 1551 220; x_wconf 70' lang='lat'><strong>42</strong></span> <span class='ocrx_word' id='word_1_5' title='bbox 1567 173 1586 208; x_wconf 88' lang='lat'>1</span> 
     </span>
    </p>
   </div>
   <div class='ocr_carea' id='block_1_2' title="bbox 85 269 1789 1711">
    <p class='ocr_par' dir='ltr' id='par_1_2' title="bbox 85 269 1789 1711">
     <span class='ocr_line' id='line_1_2' title="bbox 145 269 1789 331; baseline -0.004 -12"><span class='ocrx_word' id='word_1_6' title='bbox 145 277 481 331; x_wconf 70' lang='grc' dir='ltr'><strong><em>ἐπιβουλεύοντος</em></strong></span> <span class='ocrx_word' id='word_1_7' title='bbox 508 276 744 328; x_wconf 84' lang='grc' dir='ltr'><em>βασιλέως,</em></span> <span class='ocrx_word' id='word_1_8' title='bbox 777 269 829 316; x_wconf 71' lang='grc' dir='ltr'><strong>οὗ</strong></span> <span class='ocrx_word' id='word_1_9' title='bbox 857 277 1020 316; x_wconf 82' lang='grc' dir='ltr'><em>πολλῶν</em></span> <span class='ocrx_word' id='word_1_10' title='bbox 1050 273 1262 315; x_wconf 68' lang='grc' dir='ltr'><em>ἀπέλαυσε</em></span> <span class='ocrx_word' id='word_1_11' title='bbox 1291 275 1362 316; x_wconf 83' lang='grc' dir='ltr'><strong><em>καί</em></strong></span> <span class='ocrx_word' id='word_1_12' title='bbox 1385 273 1591 328; x_wconf 85' lang='grc' dir='ltr'><em>μεγίστων</em></span> <span class='ocrx_word' id='word_1_13' title='bbox 1603 278 1789 323; x_wconf 75' lang='grc' dir='ltr'><em>Δ.0.ι343</em></span> 
     </span>
     <span class='ocr_line' id='line_1_3' title="bbox 147 337 1591 397; baseline -0.001 -14"><span class='ocrx_word' id='word_1_14' title='bbox 147 340 419 397; x_wconf 71' lang='grc' dir='ltr'><em>εὐεργεσιῶν,</em></span> <span class='ocrx_word' id='word_1_15' title='bbox 467 339 610 382; x_wconf 83' lang='grc' dir='ltr'><em>ἔπειτα</em></span> <span class='ocrx_word' id='word_1_16' title='bbox 651 337 803 382; x_wconf 73' lang='grc' dir='ltr'><em>ἑαυτὸν</em></span> <span class='ocrx_word' id='word_1_17' title='bbox 840 341 1004 394; x_wconf 81' lang='grc' dir='ltr'><em>πατέρα</em></span> <span class='ocrx_word' id='word_1_18' title='bbox 1044 340 1118 381; x_wconf 82' lang='grc' dir='ltr'><em>καί</em></span> <span class='ocrx_word' id='word_1_19' title='bbox 1157 339 1365 394; x_wconf 73' lang='grc' dir='ltr'><strong>κηδεμόνα</strong></span> <span class='ocrx_word' id='word_1_20' title='bbox 1391 342 1470 381; x_wconf 78' lang='grc' dir='ltr'><strong>τοῦ</strong></span> <span class='ocrx_word' id='word_1_21' title='bbox 1495 341 1591 381; x_wconf 89' lang='grc' dir='ltr'><em>νέου</em></span> 
     </span>
     <span class='ocr_line' id='line_1_4' title="bbox 145 403 1591 462; baseline -0.003 -13"><span class='ocrx_word' id='word_1_22' title='bbox 145 409 351 461; x_wconf 82' lang='grc' dir='ltr'><em>βασιλέως</em></span> <span class='ocrx_word' id='word_1_23' title='bbox 377 403 664 462; x_wconf 80' lang='grc' dir='ltr'><em>ἆνακηρύξας,</em></span> <span class='ocrx_word' id='word_1_24' title='bbox 693 404 767 447; x_wconf 82' lang='grc' dir='ltr'><strong><em>καί</em></strong></span> <span class='ocrx_word' id='word_1_25' title='bbox 795 405 853 454; x_wconf 76' lang='grc' dir='ltr'><em>ὥς</em></span> <span class='ocrx_word' id='word_1_26' title='bbox 884 404 956 446; x_wconf 84' lang='grc' dir='ltr'><em>διὰ</em></span> <span class='ocrx_word' id='word_1_27' title='bbox 985 403 1063 460; x_wconf 80' lang='grc' dir='ltr'><strong>τὴν</strong></span> <span class='ocrx_word' id='word_1_28' title='bbox 1087 406 1246 446; x_wconf 82' lang='grc' dir='ltr'><em>ἐκείνου</em></span> <span class='ocrx_word' id='word_1_29' title='bbox 1275 404 1487 460; x_wconf 89' lang='grc' dir='ltr'><em>σωτηρίαν</em></span> <span class='ocrx_word' id='word_1_30' title='bbox 1506 421 1591 446; x_wconf 85' lang='grc' dir='ltr'><em>κιν-</em></span> 
     </span>
     <span class='ocr_line' id='line_1_5' title="bbox 118 469 1592 533; baseline -0.003 -18"><span class='ocrx_word' id='word_1_31' title='bbox 118 529 121 533; x_wconf 96' lang='lat'><em>.</em></span> <span class='ocrx_word' id='word_1_32' title='bbox 151 471 290 521; x_wconf 82' lang='grc' dir='ltr'><em>δύνοις</em></span> <span class='ocrx_word' id='word_1_33' title='bbox 327 473 401 513; x_wconf 82' lang='grc' dir='ltr'>καί</span> <span class='ocrx_word' id='word_1_34' title='bbox 435 470 598 525; x_wconf 75' lang='grc' dir='ltr'><em>μάχαις</em></span> <span class='ocrx_word' id='word_1_35' title='bbox 634 470 707 512; x_wconf 67' lang='grc' dir='ltr'><strong>καὶ</strong></span> <span class='ocrx_word' id='word_1_36' title='bbox 732 469 861 520; x_wconf 77' lang='grc' dir='ltr'><em>αὐτός</em></span> <span class='ocrx_word' id='word_1_37' title='bbox 889 469 994 525; x_wconf 75' lang='grc' dir='ltr'><em>ἔγνω</em></span> <span class='ocrx_word' id='word_1_38' title='bbox 1022 469 1379 527; x_wconf 77' lang='grc' dir='ltr'><em>παραβάλλεσθαι</em></span> <span class='ocrx_word' id='word_1_39' title='bbox 1408 469 1482 511; x_wconf 79' lang='grc' dir='ltr'>καί</span> <span class='ocrx_word' id='word_1_40' title='bbox 1522 486 1592 511; x_wconf 83' lang='grc' dir='ltr'><strong>κα-</strong></span> 
     </span>
     <span class='ocr_line' id='line_1_6' title="bbox 118 533 1591 591; baseline -0.002 -11"><span class='ocrx_word' id='word_1_41' title='bbox 118 534 315 581; x_wconf 76' lang='grc' dir='ltr'><em>5ταλόειν</em></span> <span class='ocrx_word' id='word_1_42' title='bbox 347 535 423 578; x_wconf 81' lang='grc' dir='ltr'><strong>τὸν</strong></span> <span class='ocrx_word' id='word_1_43' title='bbox 462 535 601 579; x_wconf 82' lang='grc' dir='ltr'><em>κοινὸν</em></span> <span class='ocrx_word' id='word_1_44' title='bbox 634 538 858 590; x_wconf 79' lang='grc' dir='ltr'><em>πολέμιον,</em></span> <span class='ocrx_word' id='word_1_45' title='bbox 896 533 1057 585; x_wconf 74' lang='grc' dir='ltr'><em>πάντας</em></span> <span class='ocrx_word' id='word_1_46' title='bbox 1098 533 1355 591; x_wconf 73' lang='grc' dir='ltr'><em>παρώρμησε</em></span> <span class='ocrx_word' id='word_1_47' title='bbox 1388 533 1493 589; x_wconf 83' lang='grc' dir='ltr'><em>πρός</em></span> <span class='ocrx_word' id='word_1_48' title='bbox 1519 533 1591 577; x_wconf 79' lang='grc' dir='ltr'><strong>τόν</strong></span> 
     </span>
     <span class='ocr_line' id='line_1_7' title="bbox 146 597 1590 657; baseline -0.002 -12"><span class='ocrx_word' id='word_1_49' title='bbox 146 605 503 657; x_wconf 78' lang='grc' dir='ltr'><em>Καντακουζηνοῦ</em></span> <span class='ocrx_word' id='word_1_50' title='bbox 546 605 620 645; x_wconf 78' lang='grc' dir='ltr'><strong>τοῦ</strong></span> <span class='ocrx_word' id='word_1_51' title='bbox 657 603 863 656; x_wconf 87' lang='grc' dir='ltr'><em>βασιλέως</em></span> <span class='ocrx_word' id='word_1_52' title='bbox 901 600 1113 655; x_wconf 88' lang='grc' dir='ltr'><em>πόλεμον,</em></span> <span class='ocrx_word' id='word_1_53' title='bbox 1156 599 1255 651; x_wconf 80' lang='grc' dir='ltr'><em>τοὺς</em></span> <span class='ocrx_word' id='word_1_54' title='bbox 1284 603 1362 654; x_wconf 83' lang='grc' dir='ltr'><strong>μὲν</strong></span> <span class='ocrx_word' id='word_1_55' title='bbox 1389 597 1590 653; x_wconf 71' lang='grc' dir='ltr'><em>ἑκόντας,</em></span> 
     </span>
     <span class='ocr_line' id='line_1_8' title="bbox 139 664 1593 723; baseline -0.002 -13"><span class='ocrx_word' id='word_1_56' title='bbox 139 667 228 716; x_wconf 76' lang='grc' dir='ltr'><em>ἔστι</em></span> <span class='ocrx_word' id='word_1_57' title='bbox 256 671 295 710; x_wconf 88' lang='grc' dir='ltr'><strong>δ’</strong></span> <span class='ocrx_word' id='word_1_58' title='bbox 322 668 396 718; x_wconf 70' lang='grc' dir='ltr'><em>οὓς</em></span> <span class='ocrx_word' id='word_1_59' title='bbox 423 671 498 710; x_wconf 80' lang='grc' dir='ltr'>καί</span> <span class='ocrx_word' id='word_1_60' title='bbox 520 668 787 723; x_wconf 69' lang='grc' dir='ltr'><em>ὀιίἰνάγκην,</em></span> <span class='ocrx_word' id='word_1_61' title='bbox 816 670 1037 716; x_wconf 80' lang='grc' dir='ltr'><em>δείσαντας</em></span> <span class='ocrx_word' id='word_1_62' title='bbox 1062 664 1110 710; x_wconf 85' lang='grc' dir='ltr'><strong>τὸ</strong></span> <span class='ocrx_word' id='word_1_63' title='bbox 1135 664 1462 712; x_wconf 74' lang='grc' dir='ltr'><em>ὑποπτεύεσθαι.</em></span> <span class='ocrx_word' id='word_1_64' title='bbox 1517 666 1593 708; x_wconf 76' lang='grc' dir='ltr'><strong>καὶ</strong></span> 
     </span>
     <span class='ocr_line' id='line_1_9' title="bbox 141 731 1621 790; baseline -0.002 -14"><span class='ocrx_word' id='word_1_65' title='bbox 141 732 291 785; x_wconf 82' lang='grc' dir='ltr'><em>πάντες</em></span> <span class='ocrx_word' id='word_1_66' title='bbox 333 733 473 790; x_wconf 80' lang='grc' dir='ltr'><em>κοινην</em></span> <span class='ocrx_word' id='word_1_67' title='bbox 510 736 776 790; x_wconf 79' lang='grc' dir='ltr'><em>ἐκστρατείαν</em></span> <span class='ocrx_word' id='word_1_68' title='bbox 819 731 1069 789; x_wconf 79' lang='grc' dir='ltr'><em>ἐποιήσαντο</em></span> <span class='ocrx_word' id='word_1_69' title='bbox 1095 734 1218 783; x_wconf 84' lang='grc' dir='ltr'><em>πεζοί</em></span> <span class='ocrx_word' id='word_1_70' title='bbox 1248 747 1291 773; x_wconf 91' lang='grc' dir='ltr'><strong>τε</strong></span> <span class='ocrx_word' id='word_1_71' title='bbox 1329 733 1401 774; x_wconf 77' lang='grc' dir='ltr'><em>καί</em></span> <span class='ocrx_word' id='word_1_72' title='bbox 1427 731 1621 781; x_wconf 54' lang='lat' dir='ltr'><strong>inm-39⁸8</strong></span> 
     </span>
     <span class='ocr_line' id='line_1_10' title="bbox 139 792 1590 856; baseline -0.002 -14"><span class='ocrx_word' id='word_1_73' title='bbox 139 803 346 856; x_wconf 61' lang='grc' dir='ltr'><em>παρῆσαν»</em></span> <span class='ocrx_word' id='word_1_74' title='bbox 374 801 420 842; x_wconf 80' lang='grc' dir='ltr'><strong>δὲ</strong></span> <span class='ocrx_word' id='word_1_75' title='bbox 463 799 535 842; x_wconf 80' lang='grc' dir='ltr'><strong>καὶ</strong></span> <span class='ocrx_word' id='word_1_76' title='bbox 574 803 658 843; x_wconf 79' lang='grc' dir='ltr'><strong>τῶν</strong></span> <span class='ocrx_word' id='word_1_77' title='bbox 716 802 997 854; x_wconf 71' lang='grc' dir='ltr'><em>συγκλητικῶν</em></span> <span class='ocrx_word' id='word_1_78' title='bbox 1043 795 1136 840; x_wconf 79' lang='grc' dir='ltr'><em>ὅσοι</em></span> <span class='ocrx_word' id='word_1_79' title='bbox 1178 793 1287 852; x_wconf 79' lang='grc' dir='ltr'><em>ἦσαν</em></span> <span class='ocrx_word' id='word_1_80' title='bbox 1326 795 1390 838; x_wconf 80' lang='grc' dir='ltr'><strong>ἔτι</strong></span> <span class='ocrx_word' id='word_1_81' title='bbox 1433 792 1590 839; x_wconf 72' lang='grc' dir='ltr'><em>ἄδετοι.</em></span> 
     </span>
     <span class='ocr_line' id='line_1_11' title="bbox 92 863 1588 921; baseline -0.003 -13"><span class='ocrx_word' id='word_1_82' title='bbox 92 865 243 915; x_wconf 78' lang='grc' dir='ltr'><em>ιοτοὺς</em></span> <span class='ocrx_word' id='word_1_83' title='bbox 271 868 438 915; x_wconf 90' lang='grc' dir='ltr'><em>πλείους</em></span> <span class='ocrx_word' id='word_1_84' title='bbox 466 864 546 921; x_wconf 68' lang='grc' dir='ltr'><em>γάρ</em></span> <span class='ocrx_word' id='word_1_85' title='bbox 577 866 719 908; x_wconf 72' lang='grc' dir='ltr'><em>αὐτῶν</em></span> <span class='ocrx_word' id='word_1_86' title='bbox 749 865 770 906; x_wconf 83' lang='grc' dir='ltr'><em>ὃ</em></span> <span class='ocrx_word' id='word_1_87' title='bbox 797 867 930 919; x_wconf 83' lang='grc' dir='ltr'><em>μέγας</em></span> <span class='ocrx_word' id='word_1_88' title='bbox 959 863 1079 917; x_wconf 78' lang='grc' dir='ltr'><strong>δοὺξ,</strong></span> <span class='ocrx_word' id='word_1_89' title='bbox 1104 863 1205 913; x_wconf 77' lang='grc' dir='ltr'><em>τοὺς</em></span> <span class='ocrx_word' id='word_1_90' title='bbox 1231 865 1310 916; x_wconf 79' lang='grc' dir='ltr'><strong>μὲν</strong></span> <span class='ocrx_word' id='word_1_91' title='bbox 1337 864 1383 904; x_wconf 81' lang='grc' dir='ltr'><strong>ἐν</strong></span> <span class='ocrx_word' id='word_1_92' title='bbox 1422 865 1588 916; x_wconf 89' lang='grc' dir='ltr'><em>δεσμω-</em></span> 
     </span>
     <span class='ocr_line' id='line_1_12' title="bbox 138 926 1588 987; baseline -0.003 -13"><span class='ocrx_word' id='word_1_93' title='bbox 138 932 295 987; x_wconf 88' lang='grc' dir='ltr'><em>τηρίοις</em></span> <span class='ocrx_word' id='word_1_94' title='bbox 334 928 446 985; x_wconf 80' lang='grc' dir='ltr'><em>εἶχεν</em></span> <span class='ocrx_word' id='word_1_95' title='bbox 482 930 564 973; x_wconf 74' lang='grc' dir='ltr'><strong>ὑπὸ</strong></span> <span class='ocrx_word' id='word_1_96' title='bbox 591 936 767 984; x_wconf 85' lang='grc' dir='ltr'><em>κλοιοῖς,</em></span> <span class='ocrx_word' id='word_1_97' title='bbox 795 933 841 973; x_wconf 86' lang='grc' dir='ltr'><strong>έν</strong></span> <span class='ocrx_word' id='word_1_98' title='bbox 869 926 931 979; x_wconf 82' lang='grc' dir='ltr'><em>οἷς</em></span> <span class='ocrx_word' id='word_1_99' title='bbox 962 932 1035 972; x_wconf 80' lang='grc' dir='ltr'><em>καί</em></span> <span class='ocrx_word' id='word_1_100' title='bbox 1070 926 1336 984; x_wconf 80' lang='grc' dir='ltr'><em>Ἀνδρόνικος</em></span> <span class='ocrx_word' id='word_1_101' title='bbox 1362 927 1538 983; x_wconf 81' lang='grc' dir='ltr'><em>Ἀσάνης</em></span> <span class='ocrx_word' id='word_1_102' title='bbox 1566 927 1588 970; x_wconf 79' lang='grc' dir='ltr'>ὅ</span> 
     </span>
     <span class='ocr_line' id='line_1_13' title="bbox 141 992 1589 1052; baseline -0.002 -13"><span class='ocrx_word' id='word_1_103' title='bbox 141 998 493 1052; x_wconf 79' lang='grc' dir='ltr'><em>Καντακουζηνοῦ</em></span> <span class='ocrx_word' id='word_1_104' title='bbox 536 999 611 1038; x_wconf 85' lang='grc' dir='ltr'><strong>τοῦ</strong></span> <span class='ocrx_word' id='word_1_105' title='bbox 650 998 858 1050; x_wconf 85' lang='grc' dir='ltr'><em>βασιλέως</em></span> <span class='ocrx_word' id='word_1_106' title='bbox 897 994 1115 1050; x_wconf 78' lang='grc' dir='ltr'><em>ἐξητάζετο</em></span> <span class='ocrx_word' id='word_1_107' title='bbox 1150 992 1371 1050; x_wconf 74' lang='grc' dir='ltr'><em>πενθερός·</em></span> <span class='ocrx_word' id='word_1_108' title='bbox 1417 992 1507 1035; x_wconf 79' lang='grc' dir='ltr'><em>ἔστι</em></span> <span class='ocrx_word' id='word_1_109' title='bbox 1549 995 1589 1036; x_wconf 78' lang='grc' dir='ltr'><strong>δ’</strong></span> 
     </span>
     <span class='ocr_line' id='line_1_14' title="bbox 139 1053 1587 1118; baseline -0.002 -15"><span class='ocrx_word' id='word_1_110' title='bbox 139 1061 214 1112; x_wconf 74' lang='grc' dir='ltr'><em>οὒς</em></span> <span class='ocrx_word' id='word_1_111' title='bbox 251 1065 324 1104; x_wconf 82' lang='grc' dir='ltr'><em>καί</em></span> <span class='ocrx_word' id='word_1_112' title='bbox 354 1064 400 1104; x_wconf 82' lang='grc' dir='ltr'><strong>έν</strong></span> <span class='ocrx_word' id='word_1_113' title='bbox 437 1067 530 1111; x_wconf 82' lang='grc' dir='ltr'><em>ταῖς</em></span> <span class='ocrx_word' id='word_1_114' title='bbox 565 1063 718 1111; x_wconf 78' lang='grc' dir='ltr'><em>οἰκίαις</em></span> <span class='ocrx_word' id='word_1_115' title='bbox 759 1059 961 1118; x_wconf 72' lang='grc' dir='ltr'><em>ἐφρούρει</em></span> <span class='ocrx_word' id='word_1_116' title='bbox 1001 1061 1236 1116; x_wconf 78' lang='grc' dir='ltr'><em>ἄπροΐτους.</em></span> <span class='ocrx_word' id='word_1_117' title='bbox 1306 1059 1432 1107; x_wconf 77' lang='grc' dir='ltr'><em>αὐτὸς</em></span> <span class='ocrx_word' id='word_1_118' title='bbox 1461 1060 1507 1101; x_wconf 81' lang='grc' dir='ltr'><strong>δὲ</strong></span> <span class='ocrx_word' id='word_1_119' title='bbox 1534 1053 1587 1114; x_wconf 82' lang='grc' dir='ltr'><strong>ἦν</strong></span> 
     </span>
     <span class='ocr_line' id='line_1_15' title="bbox 135 1122 1587 1183; baseline -0.004 -13"><span class='ocrx_word' id='word_1_120' title='bbox 135 1131 210 1183; x_wconf 79' lang='grc' dir='ltr'><strong>τῆς</strong></span> <span class='ocrx_word' id='word_1_121' title='bbox 247 1130 450 1183; x_wconf 81' lang='grc' dir='ltr'><em>στρατιᾶς</em></span> <span class='ocrx_word' id='word_1_122' title='bbox 489 1127 759 1183; x_wconf 74' lang='grc' dir='ltr'><em>αὐτοκράτωρ</em></span> <span class='ocrx_word' id='word_1_123' title='bbox 798 1127 1038 1183; x_wconf 87' lang='grc' dir='ltr'><em>στρατηγός.</em></span> <span class='ocrx_word' id='word_1_124' title='bbox 1115 1126 1158 1167; x_wconf 80' lang='grc' dir='ltr'><strong>οἳ</strong></span> <span class='ocrx_word' id='word_1_125' title='bbox 1191 1127 1266 1167; x_wconf 81' lang='grc' dir='ltr'><strong><em>καί</em></strong></span> <span class='ocrx_word' id='word_1_126' title='bbox 1296 1125 1477 1178; x_wconf 82' lang='grc' dir='ltr'><em>βασιλέα</em></span> <span class='ocrx_word' id='word_1_127' title='bbox 1514 1122 1587 1166; x_wconf 87' lang='grc' dir='ltr'><strong>τόν</strong></span> 
     </span>
     <span class='ocr_line' id='line_1_16' title="bbox 89 1189 1580 1249; baseline -0.004 -14"><span class='ocrx_word' id='word_1_128' title='bbox 89 1195 233 1237; x_wconf 77' lang='grc' dir='ltr'><em>ιὸνέον</em></span> <span class='ocrx_word' id='word_1_129' title='bbox 271 1192 435 1248; x_wconf 78' lang='grc' dir='ltr'><em>ἔχοντες</em></span> <span class='ocrx_word' id='word_1_130' title='bbox 458 1189 680 1249; x_wconf 80' lang='grc' dir='ltr'><em>Ἰωάννην,</em></span> <span class='ocrx_word' id='word_1_131' title='bbox 734 1189 836 1249; x_wconf 77' lang='grc' dir='ltr'><em>ἧκον</em></span> <span class='ocrx_word' id='word_1_132' title='bbox 876 1194 936 1242; x_wconf 86' lang='grc' dir='ltr'><strong>εἷς</strong></span> <span class='ocrx_word' id='word_1_133' title='bbox 968 1191 1227 1247; x_wconf 69' lang='grc' dir='ltr'><strong>ςΗράκλειοιν</strong></span> <span class='ocrx_word' id='word_1_134' title='bbox 1270 1192 1343 1245; x_wconf 79' lang='grc' dir='ltr'><strong>τῆς</strong></span> <span class='ocrx_word' id='word_1_135' title='bbox 1387 1189 1580 1246; x_wconf 76' lang='grc' dir='ltr'><em>Θρᾴκης·</em></span> 
     </span>
     <span class='ocr_line' id='line_1_17' title="bbox 135 1253 1585 1315; baseline -0.005 -14"><span class='ocrx_word' id='word_1_136' title='bbox 135 1262 377 1314; x_wconf 82' lang='grc' dir='ltr'><em>πέμψαντες</em></span> <span class='ocrx_word' id='word_1_137' title='bbox 416 1261 463 1301; x_wconf 84' lang='grc' dir='ltr'><strong>δὲ</strong></span> <span class='ocrx_word' id='word_1_138' title='bbox 503 1262 575 1302; x_wconf 77' lang='grc' dir='ltr'><strong>καὶ</strong></span> <span class='ocrx_word' id='word_1_139' title='bbox 610 1259 717 1315; x_wconf 79' lang='grc' dir='ltr'><em>πρὸς</em></span> <span class='ocrx_word' id='word_1_140' title='bbox 744 1261 1022 1312; x_wconf 67' lang='grc' dir='ltr'><em>Μομιτζιλον,</em></span> <span class='ocrx_word' id='word_1_141' title='bbox 1052 1255 1098 1306; x_wconf 81' lang='grc' dir='ltr'><em>ὃς</em></span> <span class='ocrx_word' id='word_1_142' title='bbox 1125 1259 1209 1299; x_wconf 75' lang='grc' dir='ltr'><strong>τῶν</strong></span> <span class='ocrx_word' id='word_1_143' title='bbox 1236 1255 1344 1297; x_wconf 78' lang='grc' dir='ltr'><em>κατα</em></span> <span class='ocrx_word' id='word_1_144' title='bbox 1375 1253 1585 1310; x_wconf 85' lang='grc' dir='ltr'><em>Μερόπην</em></span> 
     </span>
     <span class='ocr_line' id='line_1_18' title="bbox 140 1320 1582 1382; baseline -0.004 -15"><span class='ocrx_word' id='word_1_145' title='bbox 140 1327 358 1382; x_wconf 86' lang='grc' dir='ltr'><em>φρουρίων</em></span> <span class='ocrx_word' id='word_1_146' title='bbox 404 1327 477 1366; x_wconf 81' lang='grc' dir='ltr'>καί</span> <span class='ocrx_word' id='word_1_147' title='bbox 502 1327 586 1367; x_wconf 67' lang='grc' dir='ltr'><strong>τῶν</strong></span> <span class='ocrx_word' id='word_1_148' title='bbox 613 1322 752 1367; x_wconf 73' lang='grc' dir='ltr'><em>ἄλλων</em></span> <span class='ocrx_word' id='word_1_149' title='bbox 778 1323 975 1378; x_wconf 81' lang='grc' dir='ltr'><em>νομάδων</em></span> <span class='ocrx_word' id='word_1_150' title='bbox 1002 1322 1086 1365; x_wconf 74' lang='grc' dir='ltr'><strong>ὑπό</strong></span> <span class='ocrx_word' id='word_1_151' title='bbox 1116 1320 1477 1376; x_wconf 83' lang='grc' dir='ltr'><em>Καντακουζηνοῦ</em></span> <span class='ocrx_word' id='word_1_152' title='bbox 1503 1323 1582 1362; x_wconf 79' lang='grc' dir='ltr'><strong>τοῦ</strong></span> 
     </span>
     <span class='ocr_line' id='line_1_19' title="bbox 136 1386 1624 1447; baseline -0.002 -15"><span class='ocrx_word' id='word_1_153' title='bbox 136 1393 343 1444; x_wconf 85' lang='grc' dir='ltr'><em>βασιλέως</em></span> <span class='ocrx_word' id='word_1_154' title='bbox 369 1392 635 1446; x_wconf 73' lang='grc' dir='ltr'><em>ἐνεχειρίσθη</em></span> <span class='ocrx_word' id='word_1_155' title='bbox 674 1391 752 1446; x_wconf 77' lang='grc' dir='ltr'><strong>την</strong></span> <span class='ocrx_word' id='word_1_156' title='bbox 792 1390 955 1447; x_wconf 70' lang='grc' dir='ltr'><em>ἀρχὴν,</em></span> <span class='ocrx_word' id='word_1_157' title='bbox 999 1388 1170 1431; x_wconf 82' lang='grc' dir='ltr'><em>ἔπεισαν</em></span> <span class='ocrx_word' id='word_1_158' title='bbox 1197 1386 1454 1441; x_wconf 71' lang='grc' dir='ltr'><em>ὑποσχέσεσι</em></span> <span class='ocrx_word' id='word_1_159' title='bbox 1481 1389 1624 1429; x_wconf 77' lang='grc' dir='ltr'><em>πολ-(Ξ</em></span> 
     </span>
     <span class='ocr_line' id='line_1_20' title="bbox 135 1446 1581 1511; baseline -0.005 -13"><span class='ocrx_word' id='word_1_160' title='bbox 135 1461 227 1506; x_wconf 80' lang='grc' dir='ltr'><em>λαῖς</em></span> <span class='ocrx_word' id='word_1_161' title='bbox 270 1457 451 1509; x_wconf 81' lang='grc' dir='ltr'><em>πόλεμον</em></span> <span class='ocrx_word' id='word_1_162' title='bbox 503 1455 609 1511; x_wconf 86' lang='grc' dir='ltr'><em>πρὸς</em></span> <span class='ocrx_word' id='word_1_163' title='bbox 648 1457 803 1498; x_wconf 77' lang='grc' dir='ltr'><em>ἐκεῖνον</em></span> <span class='ocrx_word' id='word_1_164' title='bbox 843 1452 1052 1510; x_wconf 69' lang='grc' dir='ltr'><em>ἅρασθαι.</em></span> <span class='ocrx_word' id='word_1_165' title='bbox 1105 1450 1158 1508; x_wconf 80' lang='grc' dir='ltr'><strong>ἦν</strong></span> <span class='ocrx_word' id='word_1_166' title='bbox 1186 1452 1264 1508; x_wconf 80' lang='grc' dir='ltr'><em>γὰρ</em></span> <span class='ocrx_word' id='word_1_167' title='bbox 1293 1446 1372 1508; x_wconf 79' lang='grc' dir='ltr'><em>ἤδη</em></span> <span class='ocrx_word' id='word_1_168' title='bbox 1400 1452 1446 1492; x_wconf 77' lang='grc' dir='ltr'><strong>ἐν</strong></span> <span class='ocrx_word' id='word_1_169' title='bbox 1473 1449 1581 1509; x_wconf 82' lang='grc' dir='ltr'><em>λόγῳ</em></span> 
     </span>
     <span class='ocr_line' id='line_1_21' title="bbox 85 1514 1581 1575; baseline -0.005 -10"><span class='ocrx_word' id='word_1_170' title='bbox 85 1525 220 1565; x_wconf 69' lang='lat' dir='ltr'><strong>norm*</strong></span> <span class='ocrx_word' id='word_1_171' title='bbox 256 1522 278 1563; x_wconf 82' lang='grc' dir='ltr'><strong><em>ὅ</em></strong></span> <span class='ocrx_word' id='word_1_172' title='bbox 317 1521 578 1575; x_wconf 86' lang='grc' dir='ltr'><em>Μομιτζίλος</em></span> <span class='ocrx_word' id='word_1_173' title='bbox 619 1523 692 1563; x_wconf 85' lang='grc' dir='ltr'>καί</span> <span class='ocrx_word' id='word_1_174' title='bbox 719 1519 900 1574; x_wconf 77' lang='grc' dir='ltr'><em>δύναμιν</em></span> <span class='ocrx_word' id='word_1_175' title='bbox 927 1522 1276 1575; x_wconf 81' lang='grc' dir='ltr'><em>περιβεβλημένος</em></span> <span class='ocrx_word' id='word_1_176' title='bbox 1295 1517 1452 1571; x_wconf 72' lang='grc' dir='ltr'><em>ἱκανήν.</em></span> <span class='ocrx_word' id='word_1_177' title='bbox 1509 1514 1581 1557; x_wconf 76' lang='grc' dir='ltr'><strong>οὗ-</strong></span> 
     </span>
     <span class='ocr_line' id='line_1_22' title="bbox 135 1580 1585 1640; baseline -0.007 -9"><span class='ocrx_word' id='word_1_178' title='bbox 135 1605 194 1631; x_wconf 80' lang='grc' dir='ltr'><strong>τω</strong></span> <span class='ocrx_word' id='word_1_179' title='bbox 230 1591 310 1640; x_wconf 84' lang='grc' dir='ltr'><strong>μὲν</strong></span> <span class='ocrx_word' id='word_1_180' title='bbox 347 1583 420 1630; x_wconf 77' lang='grc' dir='ltr'><strong>οὗν</strong></span> <span class='ocrx_word' id='word_1_181' title='bbox 457 1586 478 1628; x_wconf 79' lang='grc' dir='ltr'>ὁ</span> <span class='ocrx_word' id='word_1_182' title='bbox 519 1587 696 1639; x_wconf 67' lang='grc' dir='ltr'><em>πόλεμος</em></span> <span class='ocrx_word' id='word_1_183' title='bbox 734 1583 1003 1638; x_wconf 77' lang='grc' dir='ltr'><em>πανταχόθεν</em></span> <span class='ocrx_word' id='word_1_184' title='bbox 1037 1585 1216 1636; x_wconf 86' lang='grc' dir='ltr'><em>βασιλέα</em></span> <span class='ocrx_word' id='word_1_185' title='bbox 1247 1581 1484 1637; x_wconf 87' lang='grc' dir='ltr'><em>περιίστατο</em></span> <span class='ocrx_word' id='word_1_186' title='bbox 1510 1580 1585 1622; x_wconf 80' lang='grc' dir='ltr'><em>καί</em></span> 
     </span>
     <span class='ocr_line' id='line_1_23' title="bbox 134 1645 1582 1711; baseline -0.006 -16"><span class='ocrx_word' id='word_1_187' title='bbox 134 1651 381 1696; x_wconf 73' lang='grc' dir='ltr'><em>ὑποπτεύειν</em></span> <span class='ocrx_word' id='word_1_188' title='bbox 409 1653 524 1696; x_wconf 80' lang='grc' dir='ltr'><em>δεινὰ</em></span> <span class='ocrx_word' id='word_1_189' title='bbox 566 1651 711 1711; x_wconf 74' lang='grc' dir='ltr'><em>εἰσῄει.</em></span> <span class='ocrx_word' id='word_1_190' title='bbox 766 1650 896 1701; x_wconf 72' lang='grc' dir='ltr'><em>αὕτὸς</em></span> <span class='ocrx_word' id='word_1_191' title='bbox 929 1651 990 1704; x_wconf 80' lang='grc' dir='ltr'><strong>δὲ,</strong></span> <span class='ocrx_word' id='word_1_192' title='bbox 1017 1647 1158 1704; x_wconf 75' lang='grc' dir='ltr'><em>ὥσπερ</em></span> <span class='ocrx_word' id='word_1_193' title='bbox 1187 1647 1353 1702; x_wconf 74' lang='grc' dir='ltr'><em>εἴωθεν,</em></span> <span class='ocrx_word' id='word_1_194' title='bbox 1380 1645 1451 1689; x_wconf 73' lang='grc' dir='ltr'><strong>ἀεὶ</strong></span> <span class='ocrx_word' id='word_1_195' title='bbox 1475 1645 1582 1704; x_wconf 82' lang='grc' dir='ltr'><em>πρὸς</em></span> 
     </span>
    </p>
   </div>
   <div class='ocr_carea' id='block_1_3' title="bbox 134 1797 1582 2823">
    <p class='ocr_par' dir='ltr' id='par_1_3' title="bbox 134 1797 1582 2823">
     <span class='ocr_line' id='line_1_24' title="bbox 135 1797 1581 1849; baseline -0.006 -11"><span class='ocrx_word' id='word_1_196' title='bbox 135 1816 219 1839; x_wconf 91' lang='lat' dir='ltr'><strong>nem</strong></span> <span class='ocrx_word' id='word_1_197' title='bbox 252 1806 435 1839; x_wconf 85' lang='lat' dir='ltr'><strong>universo</strong></span> <span class='ocrx_word' id='word_1_198' title='bbox 452 1804 611 1849; x_wconf 88' lang='lat' dir='ltr'><strong>populo,</strong></span> <span class='ocrx_word' id='word_1_199' title='bbox 652 1804 690 1836; x_wconf 90' lang='lat' dir='ltr'><strong>iu</strong></span> <span class='ocrx_word' id='word_1_200' title='bbox 717 1802 1005 1836; x_wconf 83' lang='lat' dir='ltr'><strong>Cantaeuzenum</strong></span> <span class='ocrx_word' id='word_1_201' title='bbox 1020 1824 1030 1840; x_wconf 90' lang='lat'>,</span> <span class='ocrx_word' id='word_1_202' title='bbox 1053 1804 1096 1834; x_wconf 91' lang='lat' dir='ltr'><strong>ut</strong></span> <span class='ocrx_word' id='word_1_203' title='bbox 1118 1798 1204 1831; x_wconf 86' lang='lat' dir='ltr'><strong>filiis</strong></span> <span class='ocrx_word' id='word_1_204' title='bbox 1229 1797 1394 1831; x_wconf 81' lang='lat' dir='ltr'>defuncti</span> <span class='ocrx_word' id='word_1_205' title='bbox 1418 1797 1581 1842; x_wconf 77' lang='lat' dir='ltr'><strong>impera-</strong></span> 
     </span>
     <span class='ocr_line' id='line_1_25' title="bbox 137 1844 1581 1897; baseline -0.006 -11"><span class='ocrx_word' id='word_1_206' title='bbox 137 1852 248 1892; x_wconf 79' lang='lat' dir='ltr'><strong>toris,</strong></span> <span class='ocrx_word' id='word_1_207' title='bbox 276 1863 295 1884; x_wconf 90' lang='lat' dir='ltr'><strong>a</strong></span> <span class='ocrx_word' id='word_1_208' title='bbox 321 1863 394 1897; x_wconf 92' lang='lat' dir='ltr'><strong>quo</strong></span> <span class='ocrx_word' id='word_1_209' title='bbox 419 1852 586 1896; x_wconf 86' lang='lat' dir='ltr'>plurimis</span> <span class='ocrx_word' id='word_1_210' title='bbox 610 1850 915 1895; x_wconf 73' lang='lat' dir='ltr'><strong>amplissimisque</strong></span> <span class='ocrx_word' id='word_1_211' title='bbox 939 1847 1127 1882; x_wconf 84' lang='lat' dir='ltr'><strong>beneficiis</strong></span> <span class='ocrx_word' id='word_1_212' title='bbox 1153 1849 1301 1878; x_wconf 81' lang='lat' dir='ltr'><strong>ornatus</strong></span> <span class='ocrx_word' id='word_1_213' title='bbox 1328 1849 1443 1885; x_wconf 85' lang='lat' dir='ltr'><strong>esset,</strong></span> <span class='ocrx_word' id='word_1_214' title='bbox 1467 1844 1581 1889; x_wconf 73' lang='lat' dir='ltr'><strong>impie</strong></span> 
     </span>
     <span class='ocr_line' id='line_1_26' title="bbox 137 1892 1580 1936; baseline -0.006 -6"><span class='ocrx_word' id='word_1_215' title='bbox 137 1905 174 1932; x_wconf 85' lang='lat' dir='ltr'><strong>et</strong></span> <span class='ocrx_word' id='word_1_216' title='bbox 200 1898 372 1932; x_wconf 81' lang='lat' dir='ltr'><strong>scelerate</strong></span> <span class='ocrx_word' id='word_1_217' title='bbox 395 1898 627 1932; x_wconf 75' lang='lat' dir='ltr'><strong>insidiantem</strong></span> <span class='ocrx_word' id='word_1_218' title='bbox 654 1897 814 1929; x_wconf 86' lang='lat' dir='ltr'><strong>invectus</strong></span> <span class='ocrx_word' id='word_1_219' title='bbox 844 1901 907 1928; x_wconf 88' lang='lat' dir='ltr'><strong>est.</strong></span> <span class='ocrx_word' id='word_1_220' title='bbox 955 1892 1098 1927; x_wconf 86' lang='lat' dir='ltr'><strong>Deinde</strong></span> <span class='ocrx_word' id='word_1_221' title='bbox 1122 1903 1160 1925; x_wconf 87' lang='lat' dir='ltr'><strong>se</strong></span> <span class='ocrx_word' id='word_1_222' title='bbox 1184 1895 1322 1936; x_wconf 82' lang='lat' dir='ltr'><strong>patrem</strong></span> <span class='ocrx_word' id='word_1_223' title='bbox 1348 1896 1385 1923; x_wconf 89' lang='lat' dir='ltr'><strong>et</strong></span> <span class='ocrx_word' id='word_1_224' title='bbox 1421 1896 1580 1924; x_wconf 81' lang='lat' dir='ltr'><strong>tutorem</strong></span> 
     </span>
     <span class='ocr_line' id='line_1_27' title="bbox 137 1936 1581 1988; baseline -0.006 -11"><span class='ocrx_word' id='word_1_225' title='bbox 137 1945 375 1978; x_wconf 85' lang='lat' dir='ltr'><strong>adolescentis</strong></span> <span class='ocrx_word' id='word_1_226' title='bbox 399 1943 629 1988; x_wconf 86' lang='lat' dir='ltr'><strong>imperatoris</strong></span> <span class='ocrx_word' id='word_1_227' title='bbox 657 1942 908 1987; x_wconf 85' lang='lat' dir='ltr'><strong>promulgans,</strong></span> <span class='ocrx_word' id='word_1_228' title='bbox 930 1946 966 1973; x_wconf 87' lang='lat' dir='ltr'><strong>ct</strong></span> <span class='ocrx_word' id='word_1_229' title='bbox 990 1951 1056 1985; x_wconf 89' lang='lat' dir='ltr'><strong>pro</strong></span> <span class='ocrx_word' id='word_1_230' title='bbox 1082 1939 1161 1972; x_wconf 82' lang='lat' dir='ltr'><strong>eius</strong></span> <span class='ocrx_word' id='word_1_231' title='bbox 1185 1938 1301 1970; x_wconf 83' lang='lat' dir='ltr'><strong>salute</strong></span> <span class='ocrx_word' id='word_1_232' title='bbox 1324 1936 1424 1970; x_wconf 88' lang='lat' dir='ltr'><strong>nulla</strong></span> <span class='ocrx_word' id='word_1_233' title='bbox 1452 1937 1581 1971; x_wconf 81' lang='lat' dir='ltr'><strong>‹liseri-</strong></span> 
     </span>
     <span class='ocr_line' id='line_1_28' title="bbox 135 1983 1579 2032; baseline -0.006 -8"><span class='ocrx_word' id='word_1_234' title='bbox 135 1992 258 2032; x_wconf 85' lang='lat' dir='ltr'><strong>mina,</strong></span> <span class='ocrx_word' id='word_1_235' title='bbox 279 1992 397 2025; x_wconf 79' lang='lat' dir='ltr'><strong>nullas</strong></span> <span class='ocrx_word' id='word_1_236' title='bbox 425 1990 676 2024; x_wconf 79' lang='lat' dir='ltr'><strong>dimicationes</strong></span> <span class='ocrx_word' id='word_1_237' title='bbox 701 1989 966 2022; x_wconf 83' lang='lat' dir='ltr'><strong>declinaturum</strong></span> <span class='ocrx_word' id='word_1_238' title='bbox 991 1986 1203 2030; x_wconf 82' lang='lat' dir='ltr'><strong>bellumque</strong></span> <span class='ocrx_word' id='word_1_239' title='bbox 1233 1994 1423 2016; x_wconf 73' lang='lat' dir='ltr'><strong>commune</strong></span> <span class='ocrx_word' id='word_1_240' title='bbox 1453 1983 1579 2016; x_wconf 84' lang='lat' dir='ltr'><strong>finitu—</strong></span> 
     </span>
     <span class='ocr_line' id='line_1_29' title="bbox 134 2029 1582 2083; baseline -0.007 -11"><span class='ocrx_word' id='word_1_241' title='bbox 134 2049 214 2072; x_wconf 85' lang='lat' dir='ltr'><strong>rum</strong></span> <span class='ocrx_word' id='word_1_242' title='bbox 248 2039 441 2083; x_wconf 86' lang='lat' dir='ltr'><strong>profitens,</strong></span> <span class='ocrx_word' id='word_1_243' title='bbox 472 2047 596 2070; x_wconf 87' lang='lat' dir='ltr'><strong>omnes</strong></span> <span class='ocrx_word' id='word_1_244' title='bbox 634 2037 679 2069; x_wconf 86' lang='lat' dir='ltr'><strong>ad</strong></span> <span class='ocrx_word' id='word_1_245' title='bbox 715 2046 812 2068; x_wconf 84' lang='lat' dir='ltr'><strong>arma</strong></span> <span class='ocrx_word' id='word_1_246' title='bbox 850 2039 975 2068; x_wconf 89' lang='lat' dir='ltr'><strong>contra</strong></span> <span class='ocrx_word' id='word_1_247' title='bbox 1001 2033 1290 2066; x_wconf 75' lang='lat' dir='ltr'><strong>Cautacuzenum</strong></span> <span class='ocrx_word' id='word_1_248' title='bbox 1321 2029 1582 2070; x_wconf 74' lang='lat' dir='ltr'><strong>exstimulavit,</strong></span> 
     </span>
     <span class='ocr_line' id='line_1_30' title="bbox 135 2075 1580 2129; baseline -0.006 -12"><span class='ocrx_word' id='word_1_249' title='bbox 135 2085 228 2117; x_wconf 80' lang='lat' dir='ltr'><strong>alios</strong></span> <span class='ocrx_word' id='word_1_250' title='bbox 260 2084 410 2129; x_wconf 86' lang='lat' dir='ltr'><strong>quidem</strong></span> <span class='ocrx_word' id='word_1_251' title='bbox 444 2095 509 2128; x_wconf 85' lang='lat' dir='ltr'><strong>per</strong></span> <span class='ocrx_word' id='word_1_252' title='bbox 543 2093 581 2116; x_wconf 86' lang='lat' dir='ltr'><strong>se</strong></span> <span class='ocrx_word' id='word_1_253' title='bbox 617 2092 843 2126; x_wconf 87' lang='lat' dir='ltr'><strong>propensos,</strong></span> <span class='ocrx_word' id='word_1_254' title='bbox 877 2081 968 2114; x_wconf 84' lang='lat' dir='ltr'><strong>alios</strong></span> <span class='ocrx_word' id='word_1_255' title='bbox 1004 2078 1219 2112; x_wconf 74' lang='lat' dir='ltr'><strong>necessitate</strong></span> <span class='ocrx_word' id='word_1_256' title='bbox 1244 2075 1372 2109; x_wconf 88' lang='lat' dir='ltr'><strong>eodem</strong></span> <span class='ocrx_word' id='word_1_257' title='bbox 1397 2075 1580 2117; x_wconf 80' lang='lat' dir='ltr'><strong>trahente,</strong></span> 
     </span>
     <span class='ocr_line' id='line_1_31' title="bbox 134 2124 1580 2176; baseline -0.005 -13"><span class='ocrx_word' id='word_1_258' title='bbox 134 2131 274 2176; x_wconf 79' lang='lat' dir='ltr'><strong>quippe</strong></span> <span class='ocrx_word' id='word_1_259' title='bbox 300 2131 363 2176; x_wconf 87' lang='lat' dir='ltr'><strong>qui</strong></span> <span class='ocrx_word' id='word_1_260' title='bbox 391 2129 528 2175; x_wconf 80' lang='lat' dir='ltr'><strong>alioqui</strong></span> <span class='ocrx_word' id='word_1_261' title='bbox 555 2130 799 2174; x_wconf 83' lang='lat' dir='ltr'><strong>suspicionem</strong></span> <span class='ocrx_word' id='word_1_262' title='bbox 824 2138 899 2160; x_wconf 88' lang='lat' dir='ltr'><strong>non</strong></span> <span class='ocrx_word' id='word_1_263' title='bbox 924 2128 1114 2162; x_wconf 78' lang='lat' dir='ltr'><strong>evitarent,</strong></span> <span class='ocrx_word' id='word_1_264' title='bbox 1163 2124 1210 2157; x_wconf 83' lang='lat' dir='ltr'><strong>Et</strong></span> <span class='ocrx_word' id='word_1_265' title='bbox 1233 2134 1358 2155; x_wconf 87' lang='lat' dir='ltr'><strong>omnes</strong></span> <span class='ocrx_word' id='word_1_266' title='bbox 1390 2132 1430 2155; x_wconf 82' lang='lat' dir='ltr'><strong>se</strong></span> <span class='ocrx_word' id='word_1_267' title='bbox 1464 2133 1580 2167; x_wconf 85' lang='lat' dir='ltr'><strong>expe-</strong></span> 
     </span>
     <span class='ocr_line' id='line_1_32' title="bbox 135 2169 1580 2222; baseline -0.006 -12"><span class='ocrx_word' id='word_1_268' title='bbox 135 2177 271 2210; x_wconf 82' lang='lat' dir='ltr'><strong>ditioni</strong></span> <span class='ocrx_word' id='word_1_269' title='bbox 294 2176 437 2222; x_wconf 82' lang='lat' dir='ltr'><strong>pedites</strong></span> <span class='ocrx_word' id='word_1_270' title='bbox 460 2188 480 2210; x_wconf 87' lang='lat' dir='ltr'><strong>e</strong></span> <span class='ocrx_word' id='word_1_271' title='bbox 511 2176 674 2221; x_wconf 85' lang='lat' dir='ltr'><strong>uitesque</strong></span> <span class='ocrx_word' id='word_1_272' title='bbox 699 2174 946 2218; x_wconf 78' lang='lat' dir='ltr'><strong>accingebant.</strong></span> <span class='ocrx_word' id='word_1_273' title='bbox 993 2172 1140 2205; x_wconf 87' lang='lat' dir='ltr'><strong>Dabant</strong></span> <span class='ocrx_word' id='word_1_274' title='bbox 1165 2171 1252 2203; x_wconf 87' lang='lat' dir='ltr'><strong>item</strong></span> <span class='ocrx_word' id='word_1_275' title='bbox 1278 2169 1427 2202; x_wconf 86' lang='lat' dir='ltr'><strong>nomina</strong></span> <span class='ocrx_word' id='word_1_276' title='bbox 1450 2179 1580 2213; x_wconf 87' lang='lat' dir='ltr'><strong>proce-</strong></span> 
     </span>
     <span class='ocr_line' id='line_1_33' title="bbox 135 2216 1581 2268; baseline -0.006 -11"><span class='ocrx_word' id='word_1_277' title='bbox 135 2234 214 2263; x_wconf 86' lang='lat' dir='ltr'><strong>res,</strong></span> <span class='ocrx_word' id='word_1_278' title='bbox 239 2229 425 2268; x_wconf 81' lang='lat' dir='ltr'><strong>quotquot</strong></span> <span class='ocrx_word' id='word_1_279' title='bbox 445 2223 489 2255; x_wconf 88' lang='lat' dir='ltr'><strong>ad</strong></span> <span class='ocrx_word' id='word_1_280' title='bbox 521 2235 564 2256; x_wconf 92' lang='lat' dir='ltr'><strong>uc</strong></span> <span class='ocrx_word' id='word_1_281' title='bbox 589 2233 609 2254; x_wconf 89' lang='lat' dir='ltr'><strong>a</strong></span> <span class='ocrx_word' id='word_1_282' title='bbox 635 2222 788 2255; x_wconf 87' lang='lat' dir='ltr'><strong>vinculis</strong></span> <span class='ocrx_word' id='word_1_283' title='bbox 814 2223 992 2253; x_wconf 83' lang='lat' dir='ltr'><strong>immunes</strong></span> <span class='ocrx_word' id='word_1_284' title='bbox 1017 2224 1140 2252; x_wconf 84' lang='lat' dir='ltr'><strong>erant:</strong></span> <span class='ocrx_word' id='word_1_285' title='bbox 1176 2221 1312 2261; x_wconf 84' lang='lat' dir='ltr'><strong>partem</strong></span> <span class='ocrx_word' id='word_1_286' title='bbox 1344 2216 1442 2248; x_wconf 84' lang='lat' dir='ltr'><strong>enim</strong></span> <span class='ocrx_word' id='word_1_287' title='bbox 1463 2217 1581 2248; x_wconf 85' lang='lat' dir='ltr'><strong>maio-</strong></span> 
     </span>
     <span class='ocr_line' id='line_1_34' title="bbox 136 2261 1579 2314; baseline -0.006 -11"><span class='ocrx_word' id='word_1_288' title='bbox 136 2280 214 2304; x_wconf 84' lang='lat' dir='ltr'><strong>rem</strong></span> <span class='ocrx_word' id='word_1_289' title='bbox 249 2279 396 2314; x_wconf 81' lang='lat' dir='ltr'><strong>magnus</strong></span> <span class='ocrx_word' id='word_1_290' title='bbox 420 2269 512 2308; x_wconf 79' lang='lat' dir='ltr'><strong>dux,</strong></span> <span class='ocrx_word' id='word_1_291' title='bbox 537 2269 629 2302; x_wconf 89' lang='lat' dir='ltr'><strong>alios</strong></span> <span class='ocrx_word' id='word_1_292' title='bbox 663 2269 702 2301; x_wconf 92' lang='lat' dir='ltr'><strong>in</strong></span> <span class='ocrx_word' id='word_1_293' title='bbox 728 2266 932 2300; x_wconf 83' lang='lat' dir='ltr'><strong>carceribus</strong></span> <span class='ocrx_word' id='word_1_294' title='bbox 957 2265 1140 2299; x_wconf 85' lang='lat' dir='ltr'><strong>attinebat</strong></span> <span class='ocrx_word' id='word_1_295' title='bbox 1164 2261 1323 2296; x_wconf 83' lang='lat' dir='ltr'><strong>collariis</strong></span> <span class='ocrx_word' id='word_1_296' title='bbox 1349 2262 1514 2300; x_wconf 81' lang='lat' dir='ltr'><strong>iniectis,</strong></span> <span class='ocrx_word' id='word_1_297' title='bbox 1539 2262 1579 2296; x_wconf 86' lang='lat' dir='ltr'><strong>in</strong></span> 
     </span>
     <span class='ocr_line' id='line_1_35' title="bbox 135 2306 1578 2362; baseline -0.006 -13"><span class='ocrx_word' id='word_1_298' title='bbox 135 2316 272 2362; x_wconf 87' lang='lat' dir='ltr'><strong>quibus</strong></span> <span class='ocrx_word' id='word_1_299' title='bbox 309 2320 346 2349; x_wconf 87' lang='lat' dir='ltr'><strong>et</strong></span> <span class='ocrx_word' id='word_1_300' title='bbox 381 2315 426 2348; x_wconf 89' lang='lat' dir='ltr'><strong>de</strong></span> <span class='ocrx_word' id='word_1_301' title='bbox 455 2314 664 2349; x_wconf 86' lang='lat' dir='ltr'><strong>Andronico</strong></span> <span class='ocrx_word' id='word_1_302' title='bbox 698 2316 829 2354; x_wconf 77' lang='lat' dir='ltr'><strong>Asane,</strong></span> <span class='ocrx_word' id='word_1_303' title='bbox 852 2312 1093 2346; x_wconf 85' lang='lat' dir='ltr'><strong>Cantacuzeni</strong></span> <span class='ocrx_word' id='word_1_304' title='bbox 1122 2318 1259 2347; x_wconf 85' lang='lat' dir='ltr'><strong>socer0,</strong></span> <span class='ocrx_word' id='word_1_305' title='bbox 1273 2309 1437 2353; x_wconf 84' lang='lat' dir='ltr'><strong>quaestio</strong></span> <span class='ocrx_word' id='word_1_306' title='bbox 1462 2306 1578 2341; x_wconf 84' lang='lat' dir='ltr'><strong>habe-</strong></span> 
     </span>
     <span class='ocr_line' id='line_1_36' title="bbox 135 2353 1579 2408; baseline -0.006 -12"><span class='ocrx_word' id='word_1_307' title='bbox 135 2363 265 2403; x_wconf 78' lang='lat' dir='ltr'><strong>batur,</strong></span> <span class='ocrx_word' id='word_1_308' title='bbox 296 2362 471 2408; x_wconf 87' lang='lat' dir='ltr'><strong>quosdam</strong></span> <span class='ocrx_word' id='word_1_309' title='bbox 509 2362 548 2395; x_wconf 90' lang='lat' dir='ltr'><strong>in</strong></span> <span class='ocrx_word' id='word_1_310' title='bbox 580 2363 740 2406; x_wconf 85' lang='lat' dir='ltr'><strong>ipsorum</strong></span> <span class='ocrx_word' id='word_1_311' title='bbox 777 2358 930 2392; x_wconf 89' lang='lat' dir='ltr'><strong>aedibus</strong></span> <span class='ocrx_word' id='word_1_312' title='bbox 964 2357 1160 2392; x_wconf 88' lang='lat' dir='ltr'><strong>interdicto</strong></span> <span class='ocrx_word' id='word_1_313' title='bbox 1197 2354 1302 2388; x_wconf 80' lang='lat' dir='ltr'><strong>aditu</strong></span> <span class='ocrx_word' id='word_1_314' title='bbox 1327 2353 1579 2388; x_wconf 73' lang='lat' dir='ltr'><strong>custodiebat:</strong></span> 
     </span>
     <span class='ocr_line' id='line_1_37' title="bbox 137 2401 1578 2455; baseline -0.006 -12"><span class='ocrx_word' id='word_1_315' title='bbox 137 2414 289 2455; x_wconf 87' lang='lat' dir='ltr'><strong>eratque</strong></span> <span class='ocrx_word' id='word_1_316' title='bbox 334 2419 414 2442; x_wconf 89' lang='lat' dir='ltr'><strong>cum</strong></span> <span class='ocrx_word' id='word_1_317' title='bbox 438 2407 546 2454; x_wconf 84' lang='lat' dir='ltr'><strong>plena</strong></span> <span class='ocrx_word' id='word_1_318' title='bbox 572 2414 610 2441; x_wconf 87' lang='lat' dir='ltr'><strong>et</strong></span> <span class='ocrx_word' id='word_1_319' title='bbox 633 2407 799 2440; x_wconf 85' lang='lat' dir='ltr'><strong>absoluta</strong></span> <span class='ocrx_word' id='word_1_320' title='bbox 828 2410 1006 2450; x_wconf 76' lang='lat' dir='ltr'><strong>potestate</strong></span> <span class='ocrx_word' id='word_1_321' title='bbox 1029 2414 1186 2436; x_wconf 86' lang='lat' dir='ltr'><strong>summus</strong></span> <span class='ocrx_word' id='word_1_322' title='bbox 1216 2401 1398 2434; x_wconf 75' lang='lat' dir='ltr'><strong>exercitus</strong></span> <span class='ocrx_word' id='word_1_323' title='bbox 1420 2401 1578 2446; x_wconf 80' lang='lat' dir='ltr'><strong>impera-</strong></span> 
     </span>
     <span class='ocr_line' id='line_1_38' title="bbox 136 2445 1578 2500; baseline -0.006 -11"><span class='ocrx_word' id='word_1_324' title='bbox 136 2461 203 2489; x_wconf 75' lang='lat' dir='ltr'><strong>tor.</strong></span> <span class='ocrx_word' id='word_1_325' title='bbox 254 2457 372 2500; x_wconf 86' lang='lat' dir='ltr'><strong>Atque</strong></span> <span class='ocrx_word' id='word_1_326' title='bbox 399 2454 435 2487; x_wconf 88' lang='lat' dir='ltr'><strong>hi</strong></span> <span class='ocrx_word' id='word_1_327' title='bbox 462 2451 726 2488; x_wconf 80' lang='lat' dir='ltr'><strong>adolescentem</strong></span> <span class='ocrx_word' id='word_1_328' title='bbox 750 2454 922 2486; x_wconf 78' lang='lat' dir='ltr'><strong>Ioannem</strong></span> <span class='ocrx_word' id='word_1_329' title='bbox 951 2452 1203 2495; x_wconf 86' lang='lat' dir='ltr'><strong>imperatorem</strong></span> <span class='ocrx_word' id='word_1_330' title='bbox 1232 2458 1353 2479; x_wconf 83' lang='lat' dir='ltr'><strong>secum</strong></span> <span class='ocrx_word' id='word_1_331' title='bbox 1390 2445 1578 2488; x_wconf 81' lang='lat' dir='ltr'><strong>ducentes,</strong></span> 
     </span>
     <span class='ocr_line' id='line_1_39' title="bbox 136 2493 1578 2542; baseline -0.007 -7"><span class='ocrx_word' id='word_1_332' title='bbox 136 2502 345 2535; x_wconf 78' lang='lat' dir='ltr'><strong>Heracleam</strong></span> <span class='ocrx_word' id='word_1_333' title='bbox 381 2501 556 2535; x_wconf 78' lang='lat' dir='ltr'><strong>Thraciae</strong></span> <span class='ocrx_word' id='word_1_334' title='bbox 574 2505 767 2534; x_wconf 24' lang='lat' dir='ltr'><strong>*venerunt</strong></span> <span class='ocrx_word' id='word_1_335' title='bbox 782 2524 792 2540; x_wconf 90' lang='lat'><strong><em>‚</em></strong></span> <span class='ocrx_word' id='word_1_336' title='bbox 833 2498 1092 2542; x_wconf 82' lang='lat' dir='ltr'><strong>mittentesque</strong></span> <span class='ocrx_word' id='word_1_337' title='bbox 1121 2496 1229 2528; x_wconf 81' lang='lat' dir='ltr'><strong>etiam</strong></span> <span class='ocrx_word' id='word_1_338' title='bbox 1254 2493 1299 2525; x_wconf 85' lang='lat' dir='ltr'><strong>ad</strong></span> <span class='ocrx_word' id='word_1_339' title='bbox 1324 2493 1578 2534; x_wconf 79' lang='lat' dir='ltr'><strong>Momitzilum,</strong></span> 
     </span>
     <span class='ocr_line' id='line_1_40' title="bbox 138 2541 1577 2592; baseline -0.005 -11"><span class='ocrx_word' id='word_1_340' title='bbox 138 2549 366 2582; x_wconf 84' lang='lat' dir='ltr'><strong>castellorum</strong></span> <span class='ocrx_word' id='word_1_341' title='bbox 401 2548 569 2592; x_wconf 81' lang='lat' dir='ltr'><strong>Meropes</strong></span> <span class='ocrx_word' id='word_1_342' title='bbox 605 2552 642 2579; x_wconf 85' lang='lat' dir='ltr'><strong>et</strong></span> <span class='ocrx_word' id='word_1_343' title='bbox 667 2547 819 2579; x_wconf 85' lang='lat' dir='ltr'><strong>aliorum</strong></span> <span class='ocrx_word' id='word_1_344' title='bbox 844 2545 1037 2589; x_wconf 80' lang='lat' dir='ltr'><strong>agrestium</strong></span> <span class='ocrx_word' id='word_1_345' title='bbox 1071 2554 1091 2574; x_wconf 89' lang='lat' dir='ltr'><strong>a</strong></span> <span class='ocrx_word' id='word_1_346' title='bbox 1124 2542 1375 2574; x_wconf 77' lang='lat' dir='ltr'><strong>Cantacuzeno</strong></span> <span class='ocrx_word' id='word_1_347' title='bbox 1407 2541 1577 2574; x_wconf 77' lang='lat' dir='ltr'><strong>commis-</strong></span> 
     </span>
     <span class='ocr_line' id='line_1_41' title="bbox 137 2586 1578 2638; baseline -0.005 -10"><span class='ocrx_word' id='word_1_348' title='bbox 137 2606 211 2628; x_wconf 72' lang='lat' dir='ltr'><strong>sam</strong></span> <span class='ocrx_word' id='word_1_349' title='bbox 244 2595 504 2638; x_wconf 81' lang='lat' dir='ltr'><strong>praefecturam</strong></span> <span class='ocrx_word' id='word_1_350' title='bbox 538 2599 743 2638; x_wconf 81' lang='lat' dir='ltr'><strong>gerentem,</strong></span> <span class='ocrx_word' id='word_1_351' title='bbox 779 2592 903 2624; x_wconf 88' lang='lat' dir='ltr'><strong>multis</strong></span> <span class='ocrx_word' id='word_1_352' title='bbox 937 2589 1123 2635; x_wconf 85' lang='lat' dir='ltr'><strong>promissis</strong></span> <span class='ocrx_word' id='word_1_353' title='bbox 1148 2587 1194 2619; x_wconf 86' lang='lat' dir='ltr'><strong>ad</strong></span> <span class='ocrx_word' id='word_1_354' title='bbox 1225 2596 1320 2619; x_wconf 83' lang='lat' dir='ltr'><strong>arma</strong></span> <span class='ocrx_word' id='word_1_355' title='bbox 1355 2586 1396 2618; x_wconf 85' lang='lat' dir='ltr'><strong>in</strong></span> <span class='ocrx_word' id='word_1_356' title='bbox 1421 2586 1578 2621; x_wconf 83' lang='lat' dir='ltr'><strong>eundem</strong></span> 
     </span>
     <span class='ocr_line' id='line_1_42' title="bbox 141 2632 1576 2684; baseline -0.006 -10"><span class='ocrx_word' id='word_1_357' title='bbox 141 2641 357 2684; x_wconf 76' lang='lat' dir='ltr'><strong>capessenda</strong></span> <span class='ocrx_word' id='word_1_358' title='bbox 388 2639 626 2684; x_wconf 79' lang='lat' dir='ltr'><strong>pellexerunt.</strong></span> <span class='ocrx_word' id='word_1_359' title='bbox 683 2641 758 2672; x_wconf 84' lang='lat' dir='ltr'><strong>Iam</strong></span> <span class='ocrx_word' id='word_1_360' title='bbox 800 2638 895 2670; x_wconf 86' lang='lat' dir='ltr'><strong>enim</strong></span> <span class='ocrx_word' id='word_1_361' title='bbox 931 2647 992 2669; x_wconf 84' lang='lat' dir='ltr'><strong>ora</strong></span> <span class='ocrx_word' id='word_1_362' title='bbox 1025 2635 1211 2668; x_wconf 87' lang='lat' dir='ltr'><strong>hominum</strong></span> <span class='ocrx_word' id='word_1_363' title='bbox 1246 2632 1479 2677; x_wconf 83' lang='lat' dir='ltr'><strong>pervolabat,</strong></span> <span class='ocrx_word' id='word_1_364' title='bbox 1508 2643 1576 2666; x_wconf 89' lang='lat' dir='ltr'><strong>nec</strong></span> 
     </span>
     <span class='ocr_line' id='line_1_43' title="bbox 141 2679 1577 2731; baseline -0.006 -11"><span class='ocrx_word' id='word_1_365' title='bbox 141 2689 197 2720; x_wconf 83' lang='lat' dir='ltr'><strong>illi</strong></span> <span class='ocrx_word' id='word_1_366' title='bbox 220 2688 384 2730; x_wconf 81' lang='lat' dir='ltr'><strong>potentia</strong></span> <span class='ocrx_word' id='word_1_367' title='bbox 419 2687 552 2719; x_wconf 84' lang='lat' dir='ltr'><strong>deerat.</strong></span> <span class='ocrx_word' id='word_1_368' title='bbox 614 2685 672 2718; x_wconf 88' lang='lat' dir='ltr'><strong>Sic</strong></span> <span class='ocrx_word' id='word_1_369' title='bbox 699 2687 820 2731; x_wconf 81' lang='lat' dir='ltr'><strong>itaque</strong></span> <span class='ocrx_word' id='word_1_370' title='bbox 851 2684 1125 2717; x_wconf 84' lang='lat' dir='ltr'><strong>Cantaeuzenus</strong></span> <span class='ocrx_word' id='word_1_371' title='bbox 1160 2679 1260 2712; x_wconf 72' lang='lat' dir='ltr'><strong>bello</strong></span> <span class='ocrx_word' id='word_1_372' title='bbox 1283 2691 1326 2712; x_wconf 80' lang='lat' dir='ltr'><strong>ex</strong></span> <span class='ocrx_word' id='word_1_373' title='bbox 1350 2680 1449 2712; x_wconf 88' lang='lat' dir='ltr'><strong>omni</strong></span> <span class='ocrx_word' id='word_1_374' title='bbox 1472 2684 1577 2724; x_wconf 80' lang='lat' dir='ltr'><strong>parte</strong></span> 
     </span>
     <span class='ocr_line' id='line_1_44' title="bbox 139 2729 1575 2778; baseline -0.006 -12"><span class='ocrx_word' id='word_1_375' title='bbox 139 2734 334 2778; x_wconf 83' lang='lat' dir='ltr'><strong>petebatur</strong></span> <span class='ocrx_word' id='word_1_376' title='bbox 367 2738 402 2766; x_wconf 88' lang='lat' dir='ltr'><strong>et</strong></span> <span class='ocrx_word' id='word_1_377' title='bbox 441 2738 603 2765; x_wconf 81' lang='lat' dir='ltr'><strong>metuere</strong></span> <span class='ocrx_word' id='word_1_378' title='bbox 633 2733 838 2776; x_wconf 81' lang='lat' dir='ltr'><strong>cogebatur.</strong></span> <span class='ocrx_word' id='word_1_379' title='bbox 895 2729 1021 2761; x_wconf 85' lang='lat' dir='ltr'><strong>Nihilo</strong></span> <span class='ocrx_word' id='word_1_380' title='bbox 1056 2729 1174 2760; x_wconf 80' lang='lat' dir='ltr'><strong>minus</strong></span> <span class='ocrx_word' id='word_1_381' title='bbox 1198 2736 1262 2771; x_wconf 77' lang='lat' dir='ltr'><strong>pro</strong></span> <span class='ocrx_word' id='word_1_382' title='bbox 1287 2731 1460 2770; x_wconf 85' lang='lat' dir='ltr'><strong>perpetua</strong></span> <span class='ocrx_word' id='word_1_383' title='bbox 1487 2737 1575 2757; x_wconf 78' lang='lat' dir='ltr'><strong>con-</strong></span> 
     </span>
     <span class='ocr_line' id='line_1_45' title="bbox 138 2772 1576 2823; baseline -0.008 -10"><span class='ocrx_word' id='word_1_384' title='bbox 138 2780 329 2815; x_wconf 77' lang='lat' dir='ltr'><strong>suetudine</strong></span> <span class='ocrx_word' id='word_1_385' title='bbox 355 2789 418 2814; x_wconf 87' lang='lat' dir='ltr'><strong>sua</strong></span> <span class='ocrx_word' id='word_1_386' title='bbox 441 2780 480 2812; x_wconf 84' lang='lat' dir='ltr'><strong>in</strong></span> <span class='ocrx_word' id='word_1_387' title='bbox 507 2779 680 2823; x_wconf 80' lang='lat' dir='ltr'><strong>periculis</strong></span> <span class='ocrx_word' id='word_1_388' title='bbox 705 2782 863 2812; x_wconf 79' lang='lat' dir='ltr'><strong>mentem</strong></span> <span class='ocrx_word' id='word_1_389' title='bbox 885 2775 1064 2816; x_wconf 72' lang='lat' dir='ltr'><strong>excelsam</strong></span> <span class='ocrx_word' id='word_1_390' title='bbox 1088 2773 1248 2809; x_wconf 77' lang='lat' dir='ltr'><strong>retinens</strong></span> <span class='ocrx_word' id='word_1_391' title='bbox 1291 2777 1328 2808; x_wconf 79' lang='lat' dir='ltr'><strong>et</strong></span> <span class='ocrx_word' id='word_1_392' title='bbox 1370 2772 1576 2818; x_wconf 69' lang='lat' dir='ltr'><strong>ingruentis</strong></span> 
     </span>
    </p>
   </div>
  </div>
 </body>
</html>
