1794 3146
556 167 934 209 msa-ommuni
973 169 1045 208 ιιι.
1077 169 1150 212 81⁸.
1462 146 1495 202 5
1510 165 1576 221 ¹9

134 265 404 318 Βυζαντίους,
431 262 506 306 καὶ
531 265 646 321 ὀλίγη
669 260 802 313 offerat
835 265 990 320 σχεδὸν
1012 265 1088 322 γὰρ
1119 266 1277 321 νύκτωρ
1307 280 1351 308 τε
1379 263 1452 307 καὶ
1477 267 1576 318 μεθ’)
1588 270 1772 318 &edus

134 328 296 386 ἡμέραν
331 330 466 372 πάντα
497 331 742 387 διέφθειρον
770 333 842 373 καί
869 333 1094 387 ἐληΐζοντο,
1125 330 1288 386 ἔχοντες
1315 332 1390 374 καί
1413 334 1578 386 Περσι-

133 394 210 451 κην
247 392 387 451 ὄλίγην
424 392 603 449 δύναμιν
628 396 964 452 ἀναμεμιγμένην
988 399 1079 451 μετ’
1108 394 1274 450 αὐτῶν,
1319 398 1363 439 οἳ
1402 394 1577 446 πολλούς

131 462 368 503 ἀπέκτεινον
394 463 466 504 καί
491 463 884 518 ἐξηνδραποδίζοντο
920 465 993 504 καί
1015 463 1120 518 πρὸς
1151 464 1208 505 ἕω
1240 463 1479 504 ἀπεδιδοντο
1507 462 1581 504 ε’πί

109 523 319 584 5δουλειζκ.
356 525 431 568 καί
455 525 610 580 σχεδὸν
637 528 682 569 ἐν
711 526 836 585 ὀλίγῳ
866 524 1004 585 χρόνῳ
1034 527 1171 570 πάντα
1200 525 1254 570 τὰ
1283 529 1383 583 περί
1412 525 1577 578 Βυζάν·

129 606 218 632 τιον
259 591 434 646 ἀοίκητα
471 592 545 634 ’ὑπ’
585 593 753 636 ἐκείνων
783 590 1029 649 ἀπεδείχθη.
1086 592 1347 649 πατριάρχης
1375 595 1422 636 δὲ
1448 595 1524 635 καί
1553 589 1577 635 ὅ

127 657 260 710 μέγας
295 655 397 708 δούξ
444 657 629 711 εἰδότες,
673 656 731 708 ὥς
754 659 932 715 Ἀρῆγος
962 658 1181 713 ἀπαιτήσει
1210 656 1332 713 λόγον
1369 660 1470 714 περὶ
1506 659 1578 714 τῆς

127 720 364 777 πρεσβείας,
391 723 463 765 καί
486 722 563 779 την
578 726 656 778 μὲν
683 724 848 780 εἰρήνην
876 721 1123 781 ἀναφανδὸν
1150 724 1392 778 αἰδούμενοι
1417 724 1577 778 ἀπαγο-

127 785 267 842 ρεύειν
284 819 295 839 ,
336 790 474 846 τρόπῳ
515 792 561 832 δέ
589 806 671 832 τινι
698 788 954 844 σκεψάμενοι
983 789 1055 832 τὸν
1085 794 1270 833 Λατῖνον
1298 790 1476 847 ἀπατᾷν,
1504 791 1575 832 ἵνα

76 852 183 909 tow}
226 856 383 898 δοκοῖεν
421 853 556 899 ἑκοντὶ
586 862 673 906 τοῖς
695 854 929 910 “Ρωμαίοις
967 854 1096 898 αἴτιοι
1130 855 1251 899 αὐτοὶ
1284 858 1574 898 καθίστασθαι

123 917 329 976 τοσαύτης
356 925 594 978 συμφορᾶς,
623 920 730 978 πρὸς
755 923 934 976 βασιλέα
961 921 1033 964 τὸν
1062 920 1412 977 Καντακουζηνόν
1440 919 1604 976 &pa-B

122 997 212 1040 ψαν
238 985 399 1029 τοιάδε·
428 1005 519 1042 „mg
555 988 676 1044 ἡμεῖς
713 987 844 1031 πολύν
878 1005 972 1030 τινα
1000 986 1123 1042 λόγον
1149 989 1246 1043 περὶ
1270 988 1344 1029 τοῦ
1370 987 1430 1043 μὴ
1459 987 1574 1029 ‘Pm-

120 1052 274 1104 μαίους
311 1052 393 1094 ὖπὸ
426 1057 504 1095 τοῦ
542 1056 724 1108 πολέμου
765 1056 1098 1111 διαφθείρεσθαι
1139 1052 1399 1107 ποιούμενοι,
1446 1054 1572 1110 ὀλίγοι

121 1115 322 1174 πρότερον
359 1119 607 1173 ἐπέμψαμεν
645 1117 750 1176 πρός
791 1136 839 1162 σε
879 1122 1130 1176 πρεσβείαν,
1170 1117 1274 1174 α’περ
1315 1115 1440 1168 αύτός
1467 1116 1574 1174 πρὸς

73 1183 192 1225 ι5τόν
220 1183 504 1239 περιπόθητον
531 1201 601 1226 και
631 1182 913 1240 γνησιώτατον
939 1187 997 1243 τῶ
1024 1188 1197 1239 βασιλεῖ
1218 1183 1289 1226 τὸν
1311 1187 1446 1239 μέγαν
1471 1185 1574 1225 δοῦ-

118 1264 171 1289 κα
208 1244 365 1305 ᾔτησας
411 1250 753 1304 ἐπαγγελλόμενοι
796 1247 999 1307 ποιήσειν.
1066 1252 1199 1292 ταῦτα
1233 1251 1279 1292 δὲ
1310 1245 1376 1305 ἦν,
1413 1249 1573 1291 ἀποθέ-

117 1329 242 1368 μενον
268 1313 344 1370 τὴν
370 1317 601 1370 βασιλείαν,
633 1317 679 1359 ἐν
707 1317 918 1375 ἀσφαλείᾳ
946 1313 1054 1359 εἶναι
1082 1318 1155 1358 καί
1179 1319 1314 1372 μηδὲν
1333 1315 1571 1372 προσδοκᾷν

117 1380 342 1422 πείσεσθαι
380 1380 515 1424 δεινὸν
559 1380 630 1424 dui
671 1399 747 1437 την
779 1379 1075 1438 ἀγνωμοσύνην
1111 1399 1186 1437 την
1223 1379 1329 1438 πρὸς
1363 1382 1566 1436 βασιλίδα

119 1462 190 1488 και
219 1445 295 1495 τὰς
322 1446 562 1503 συμφορὰς,
590 1464 641 1498 ας
668 1445 877 1528 επήγαγες
895 1448 1129 1502 ζΡωμαίοις
1159 1450 1362 1501 πολεμῶν.
1417 1463 1469 1489 συ
1503 1448 1565 1500 δὲ,

15 1556 19 1565 ,
67 1530 179 1563 aowg
208 1510 350 1567 ἔοικεν,
390 1530 454 1556 ετι
492 1512 630 1569 φόνων
673 1531 742 1556 και
772 1512 963 1567 αἱμάτων
992 1513 1234 1569 ὀρεγόμενος
1262 1513 1465 1555 πλειόνων
1496 1528 1566 1553 και

113 1577 189 1628 τὰς
215 1577 440 1635 συμφορὰς
466 1585 552 1628 τοῖς
580 1579 864 1634 ταλαιπώροις
885 1578 1118 1633 ‘P'wpcazoag
1145 1575 1301 1631 αύξειν,
1333 1579 1387 1620 ἵν’
1415 1576 1443 1619 ἀ
1464 1586 1608 1632 προ-0

112 1647 226 1687 είλου
256 1646 450 1699 ἑξαρχῆς,
480 1645 671 1700 ἡττηθείς
697 1643 962 1698 ὖπόύδενὸς,
992 1646 1052 1694 εἰς
1078 1645 1196 1693 τέλος
1223 1642 1344 1701 δόξῃς
1371 1643 1564 1697 ἀγαγεῖν,

111 1709 363 1764 μεταβαλών
406 1706 643 1765 ἀπράκτους
673 1710 927 1764 ἀπέπεμψας
955 1709 1053 1760 τούς
1080 1711 1293 1765 πρέσβεις,
1334 1704 1564 1765 ἧρνημένος

113 1773 144 1818 ἃ
173 1777 381 1832 ἐφθέγξω.
433 1773 525 1818 τότε
563 1776 641 1830 μὲν
668 1772 1036 1831 ούνάνεξέλεγκτα
1064 1776 1246 1829 ἐψεύσω,
1287 1771 1460 1831 φάσκων
1487 1772 1563 1816 τὸν

111 1877 204 1911 bant
227 1877 561 1922 importunissime,
587 1877 710 1911 omnia
734 1877 809 1912 sere
834 1882 944 1911 noctu
972 1883 1009 1912 et
1034 1877 1193 1911 interdiu
1225 1875 1491 1922 depopulantes
1517 1887 1559 1910 ac

112 1924 360 1960 devastantes:
398 1923 655 1970 habebantque
691 1924 762 1958 sibi
796 1924 973 1958 admixtos
1006 1925 1191 1958 Persarum
1218 1924 1361 1969 aliquot
1384 1923 1558 1968 manipu-

111 1972 190 2016 ,¹⁰⁵2
228 1972 292 2018 qui
324 1971 458 2004 multos
485 1971 724 2011 occidebant,
748 1971 882 2005 multos
910 1971 1102 2016 capiebant
1137 1977 1174 2004 ct
1213 1971 1251 2004 in
1283 1971 1464 2004 orientem
1489 1981 1556 2015 pro

107 2018 218 2052 servis
254 2018 473 2059 vendebant,
499 2017 674 2064 brevique
706 2022 782 2051 tota
806 2029 922 2064 paene
956 2017 1163 2062 Byzantium
1189 2018 1322 2050 circum
1349 2018 1469 2050 iacens
1496 2028 1558 2050 re-

107 2067 165 2110 gio
188 2066 227 2097 in
250 2065 485 2099 solitudinem
514 2064 559 2098 ab
584 2065 659 2099 illis
685 2065 827 2099 redacta
858 2071 922 2098 est.
961 2067 1093 2100 Verum
1118 2063 1319 2108 patriarcha
1346 2069 1384 2097 et
1408 2074 1556 2108 magnus

108 2111 206 2152 dux,
242 2123 316 2145 non
343 2113 562 2157 ignorantes,
592 2112 746 2156 Aregum
775 2122 985 2158 responsum
1009 2112 1290 2156 requisiturum,
1325 2120 1404 2142 cum
1429 2120 1556 2163 pacem

107 2162 234 2203 aperte
267 2158 467 2192 detrectare
501 2164 738 2199 vererentur,
774 2160 831 2192 via
864 2158 1019 2204 quadam
1058 2168 1123 2203 per
1156 2157 1461 2191 consultationem
1492 2157 1558 2190 in-

105 2210 238 2245 venta,
275 2216 345 2250 qua
376 2205 545 2239 Latinum
580 2204 769 2245 fallerent,
794 2217 841 2239 ne
868 2207 1036 2239 Romanis
1063 2205 1216 2238 scientes
1242 2214 1284 2236 ae
1306 2203 1470 2239 volentes
1493 2215 1555 2237 ae-

104 2263 251 2285 rumnas
290 2257 362 2284 tam
395 2253 524 2286 multas
563 2263 684 2285 creare
717 2252 948 2293 viderentur,
985 2253 1238 2285 Cautacuzeno
1264 2251 1302 2283 in
1328 2250 1419 2284 haec
1443 2251 1552 2284 verba

105 2299 346 2344 scripserunt·
372 2298 682 2345 Quandoquidem
708 2298 814 2332 nobis
839 2298 1074 2332 vehementer
1103 2307 1211 2330 curae
1237 2307 1278 2329 ac
1310 2297 1553 2332 sollicitudini

104 2349 182 2386 est,
207 2357 253 2378 ne
277 2345 444 2379 Romanis
468 2345 565 2379 bello
591 2345 785 2400 plurimum
812 2345 1112 2379 detrimentorum
1149 2345 1379 2388 imponatur,
1409 2354 1551 2389 pronu-

103 2402 170 2435 per
193 2391 239 2426 ad
272 2397 308 2426 te
349 2392 484 2435 legatos
519 2392 706 2433 misimus,
733 2393 950 2438 pollicentes
977 2393 1158 2431 facttum,
1188 2400 1281 2435 quae
1307 2396 1346 2423 tu
1372 2402 1393 2423 a
1417 2401 1547 2435 magno

104 2438 196 2471 duce
229 2439 440 2483 imperatori
476 2438 708 2473 dilectissimo
742 2439 1030 2483 fidelissimoque
1065 2436 1235 2482 petivisti
1291 2437 1402 2471 Erant
1423 2443 1546 2471 autem

104 2484 222 2525 haec,
248 2490 289 2517 ut
313 2484 483 2519 abdicato
506 2486 658 2530 imperio
686 2491 784 2519 tutus
822 2497 916 2519 esses
950 2490 986 2518 ct
1011 2484 1106 2518 nihil
1140 2494 1338 2528 poenarum
1374 2484 1548 2518 formida-

105 2542 174 2572 res,
200 2531 299 2576 quod
324 2543 404 2576 erga
432 2532 695 2576 imperatricem
720 2538 792 2566 tam
817 2531 949 2564 infidus
975 2533 1175 2564 exstitisses
1202 2535 1238 2563 et
1262 2529 1358 2562 bello
1373 2530 1550 2564 Romanos

106 2582 297 2622 tantopere
332 2579 525 2612 asslixisses
589 2578 646 2611 Tu
672 2589 756 2612 vero
781 2578 899 2612 adhuc
924 2577 1100 2611 fundendi
1128 2577 1311 2622 sanguinis
1337 2582 1374 2610 et
1402 2577 1550 2611 calami-

105 2629 220 2657 tatum
245 2626 386 2658 miseris
412 2626 578 2659 Romanis
602 2626 845 2669 augendarum
875 2624 1053 2669 cupidus,
1080 2629 1121 2656 ut
1145 2628 1315 2670 apparet,
1339 2634 1432 2669 quo,
1455 2634 1548 2669 quae

107 2681 128 2705 a
157 2671 338 2716 principio
366 2677 493 2715 tuopte
516 2673 671 2717 impulsu
699 2672 938 2711 constituisti,
979 2671 1023 2704 ad
1054 2671 1159 2703 finem
1185 2669 1394 2715 perduxisse
1420 2671 1548 2704 videa-

109 2718 182 2758 ris,
220 2718 372 2762 legatos,
408 2723 542 2751 mutata
570 2724 720 2759 mente,
743 2724 780 2752 ct
811 2719 989 2751 inficiatus
1027 2728 1120 2762 quae
1146 2716 1313 2758 dixeras,
1346 2717 1482 2750 infecta
1509 2726 1546 2748 re

106 2763 290 2803 dimisisti
347 2766 440 2800 'I'uun
474 2766 583 2811 igitur
612 2764 847 2815 improbabili
871 2763 1058 2800 mendacio
1105 2774 1271 2811 magnum
1318 2762 1444 2797 ducem
1471 2771 1544 2797 non
