1800 3132
279 175 389 230 336
804 178 1167 234 CANTACUZENl

86 308 166 345 Ag,
187 295 404 354 ‚342pu‘wv‚
433 293 599 346 σωτῆρα
628 289 698 332 καὶ
723 289 937 346 πρόμαχον
965 294 1036 332 καί
1073 290 1356 346 ἐλευθερωτην
1386 292 1696 349 ἄποκαλοῦντεςρ

239 354 586 412 οπεριηγγέλλετό
612 372 656 397 τε
685 356 972 410 πανταχόθεν,
1011 354 1066 404 ὥς
1095 357 1436 411 Καντακουζηνός
1466 359 1556 399 οόδ’
1587 355 1698 400 ἅντι-

273 424 429 476 βλέψαι
471 422 668 475 δυνηθείς
703 419 803 476 πρὸς
828 424 958 475 μέγαν
989 423 1117 462 δοῦκα
1132 454 1144 473 ,
1189 419 1420 476 ὑπέστρεψε
1448 424 1522 476 τῆς
1546 425 1698 472 οἰκείας

273 488 478 541 σωτηρίας
505 486 708 539 α’πογνούς
745 487 817 527 καί
852 488 923 527 ἐπί
963 485 1008 527 τὸ
1049 483 1161 540 ἱερὸν
1203 480 1296 540 ὅρος
1332 483 1526 541 ἀφίξεται
1569 482 1698 536 ὅντως

274 553 469 605 μοναχῶν
498 553 639 605 σχῆμα
669 549 934 603 ἐνδυσάμενος
950 565 960 578 ·
1001 546 1133 599 ἄλλως
1159 548 1238 605 γάρ
1269 551 1342 590 ov’n
1363 546 1414 592 ἂν
1441 553 1600 601 ἐξέσται
1622 557 1723 599 ’πε-5

274 622 439 671 ριεῖναι.
496 615 568 656 καί
593 612 733 670 ἑορταί
759 617 971 668 πανταχοῦ
999 617 1314 669 συνεκροτοῦντο
1341 617 1423 657 τῶν
1448 617 1695 670 εὐαγγελίων

273 683 403 726 ἕνεκα.
460 680 483 721 ὅ
510 681 639 734 μέγας
667 682 713 721 δὲ
740 678 838 730 δούξ
866 679 990 736 ὀλίγῳ
1018 677 1192 734 ὕστερον
1210 678 1375 736 μεγάλῳ
1393 680 1695 736 στρατοπεδάρ-

271 763 328 803 χῃ
359 748 414 802 τῷ
445 743 625 802 Χούμνῳ
655 743 729 799 την
753 744 857 799 πρὸς
880 743 1224 798 Καντακουζηνὸν
1249 746 1425 797 βασιλέα
1451 748 1694 798 βουλευθεῖ-

276 828 354 853 σαν
382 808 548 866 εἰρήνην
599 805 657 858 ὥς
692 827 732 851 τι
770 808 950 864 ἔγκλημα
987 809 1258 861 ἐπικαλέσας,
1303 809 1376 866 (ου’
1402 807 1480 864 γάρ
1505 811 1696 852 διέλαθεν

276 875 421 926 αὐτόν,
450 874 479 916 ἂ
506 875 609 930 πρὸς
633 876 830 927 βασιλίδα
857 873 1055 929 πρότερον
1085 872 1241 928 εἰρήκει
1268 872 1366 928 περὶ
1392 875 1462 928 τῆς
1491 874 1745 931 εἰρήνης,)ιο

229 942 528 992 Βκατέκλεισεν
565 937 687 981 αὐτόν
728 955 772 980 τε
800 942 871 981 καί
895 938 967 981 τὸν
995 937 1089 980 υἱὸν
1116 936 1310 993 ἇπρόῖτον
1346 939 1404 987 εἰς
1431 937 1507 993 τὴν
1535 939 1693 980 οἰκίαν·

275 1009 365 1059 μετ’
392 1008 545 1048 ἐκεῖνον
573 1006 618 1046 δὲ
647 1003 720 1046 καί
738 1001 918 1058 Ἀσάνην
946 1002 1014 1045 τὸν
1043 1007 1356 1045 Κωνσταντῑνον
1382 1002 1454 1044 καί
1477 1002 1548 1044 τὸν
1576 989 1694 1057 vigy,

275 1073 348 1112 καί
383 1071 501 1122 ἀξίας
538 1066 776 1111 ἆπετίννυεν
815 1070 955 1117 αὐτοῖς
984 1070 1246 1121 ἁντιμισθίας
1275 1069 1348 1110 τοῦ
1383 1067 1487 1124 πρὸς
1526 1066 1601 1123 την
1626 1084 1696 1111 το-

274 1134 434 1190 σαύτην
464 1136 546 1176 τῶν
575 1133 792 1186 Ῥωμαίων
827 1132 993 1189 φθοράν
1026 1135 1141 1190 αὐτῷ
1169 1132 1448 1188 συνάρασθαι.
1501 1130 1587 1174 εἶτα
1623 1135 1696 1175 καί

273 1200 374 1249 τούς
419 1196 568 1248 ἄλλους
613 1198 746 1257 ἐπῄει,
796 1196 933 1254 ὥσπερ
974 1197 1080 1255 φλὸξ
1124 1197 1192 1239 οἷεί
1228 1199 1310 1239 τῶν
1348 1196 1747 1254 προσαπτομένωνιό

270 1266 642 1320 ἐπιλαμβανομένη.

146 1341 185 1379 Ρ.
205 1341 272 1378 536
390 1331 459 1378 νς’.
504 1329 554 1371 Οἱ
583 1332 626 1371 ἐν
654 1328 942 1387 Διδυμοτείχῳ
972 1331 1017 1371 δὲ
1055 1329 1304 1382 πυθόμενοι,
1348 1327 1403 1377 ὥς
1429 1322 1555 1376 αὖθις
1589 1327 1694 1369 ὕπο-

237 1397 490 1450 Βστρὲψειεν
519 1394 540 1435 ὅ
569 1393 767 1448 βασιλεὺς
796 1397 853 1443 εἰς
873 1392 1117 1448 Τριβαλούς,
1149 1392 1260 1434 δεινὰ
1292 1394 1501 1435 ἐποιοῦντο
1528 1395 1602 1433 καί
1616 1396 1694 1434 θο-

275 1462 403 1516 ρύβου
442 1476 548 1514 ησαν
588 1474 731 1512 μεστοι
762 1458 834 1499 καί
868 1461 1062 1513 ταραχῆς.
1122 1459 1346 1511 αἰσθομένη
1383 1459 1428 1498 δὲ
1465 1456 1491 1511 ἦ
1529 1455 1694 1509 βασιλις

272 1524 442 1581 Εἰρήνη,
471 1526 543 1565 καί
566 1526 710 1576 μεῖζον
730 1525 1015 1578 ἐπιδειξαμενη
1045 1541 1070 1576 η
1097 1521 1201 1564 κατὰ
1227 1528 1459 1576 γυναικεῖον
1488 1521 1694 1577 φρόνημα,
1698 1535 1748 1562 20

271 1588 488 1632 συνεκάλει
514 1587 667 1636 πάντας
693 1587 765 1629 καὶ
800 1587 999 1644 παρῄνει,
1026 1604 1084 1642 μη
1114 1586 1164 1629 τά
1202 1584 1461 1642 πραττόμενα
1501 1584 1695 1640 ηγεῖσθαι

272 1655 359 1696 τῶν
391 1650 497 1707 ἄγαν
531 1651 785 1694 δεινοτάτων·
819 1651 917 1700 ἴσως
942 1650 1021 1707 γάρ
1050 1668 1112 1693 τοι
1138 1654 1292 1704 μᾶλλον
1320 1649 1370 1692 ἂν
1399 1647 1507 1692 ου’τω
1535 1655 1695 1692 λυσιτε-

276 1723 363 1761 λεῖν
402 1717 532 1767 δόξειε
576 1719 679 1774 θεῷ·
719 1718 881 1759 ἐκέλευέ
919 1732 964 1758 τε
1002 1715 1293 1758 διανίστασθαι
1331 1714 1403 1756 καί
1425 1714 1483 1769 μὴ
1524 1717 1694 1756 καταπί-

271 1799 415 1835 πτειν,
452 1784 508 1832 ὡς
532 1784 692 1824 πολλῶν
719 1781 791 1824 καί
816 1780 1006 1837 μεγάλων
1036 1783 1213 1824 ἐλπίδων
1251 1780 1312 1823 ἔτι
1341 1781 1687 1832 ὑπολειπομένων.

267 1849 443 1903 βασιλέα
479 1846 557 1902 γάρ
609 1846 713 1903 πρὸς
762 1847 836 1903 την
879 1847 1078 1890 ἐπάνοδον
1125 1848 1200 1888 ov’x
1240 1844 1557 1901 ἀπαγορεύσειν,
1601 1845 1743 1888 ἅλλάὄ

362 1939 392 1972 8.
418 1936 572 1980 βασιλέα
597 1947 666 1969 om.
681 1938 719 1970 P.
819 1937 871 1970 13.
902 1934 1128 1971 α’πετίννυον
1154 1936 1186 1969 Ρ.

269 2035 376 2069 gnum
411 2024 535 2057 ducem
552 2049 562 2064 ‚
599 2024 784 2070 desperata
822 2025 935 2058 salute
960 2025 1170 2064 revertisse,
1196 2027 1232 2056 et
1255 2021 1300 2054 ad
1323 2026 1481 2055 sanctum
1510 2027 1688 2064 montem,

270 2071 325 2103 ibi
351 2082 471 2104 revera
485 2070 696 2104 monachum
722 2068 976 2115 professurum,
1001 2071 1099 2104 abire
1125 2069 1372 2102 constituisse:
1400 2069 1536 2122 alioqui
1565 2079 1689 2103 secure

267 2128 342 2150 non
364 2118 552 2150 victurum.
602 2116 743 2162 Ubique
768 2118 854 2149 itcm
878 2117 961 2148 festi
987 2116 1062 2150 dies
1088 2116 1133 2149 ob
1158 2120 1228 2147 tam
1260 2114 1373 2146 laetos
1406 2116 1552 2147 nuntios
1590 2114 1688 2148 indi-

269 2162 453 2196 cebantur.
500 2163 602 2196 Porro
627 2173 771 2207 magnus
805 2163 877 2195 dux
901 2173 974 2194 non
998 2163 1110 2195 multo
1134 2165 1217 2205 post
1241 2159 1417 2199 Chumno,
1443 2171 1567 2205 magno
1594 2166 1690 2194 stra-

269 2208 524 2252 topedarchae,
551 2208 672 2241 datum
698 2209 794 2253 pacis
818 2209 1007 2241 consilium
1037 2213 1076 2241 ut
1098 2208 1230 2239 crimen
1247 2186 1574 2258 exprobrans,(nec
1592 2207 1688 2240 enim

269 2254 469 2307 ignorabat,
495 2254 583 2299 quid
617 2265 693 2287 cum
720 2256 874 2297 Augusta
899 2254 1057 2298 egisset,)
1080 2253 1118 2284 in
1142 2253 1218 2286 eius
1245 2251 1357 2295 ipsius
1382 2251 1486 2285 domo
1510 2263 1588 2285 cum
1613 2253 1688 2285 filio

271 2311 351 2333 eum
381 2299 527 2333 inclusit
554 2304 590 2332 ct
613 2300 704 2332 adiri
729 2302 854 2333 vetuit.
903 2300 1040 2333 Deinde
1067 2297 1338 2332 Constantinum
1368 2309 1512 2343 quoque
1535 2299 1688 2331 Asanem

270 2357 351 2379 cum
387 2346 482 2385 filio,
529 2345 670 2390 dignam
706 2346 779 2379 illis
817 2345 1013 2378 mercedem
1064 2344 1280 2388 rependens,
1321 2344 1417 2387 quod
1466 2343 1508 2376 ad
1552 2347 1688 2377 tantam

269 2394 507 2425 Romanorum
553 2393 748 2435 perniciem
792 2392 1018 2424 administros
1065 2401 1102 2422 se
1145 2389 1214 2433 ipsi
1262 2389 1521 2432 praebuissent.
1602 2390 1686 2423 Post

270 2438 380 2476 alios,
407 2437 517 2471 veluti
541 2438 676 2471 flamma
734 2448 826 2483 quae
859 2447 998 2480 semper
1029 2435 1206 2482 quidquid
1231 2435 1396 2479 attingit,
1422 2434 1622 2480 depascitur
1649 2439 1687 2468 et

269 2485 454 2517 consumit.

361 2531 413 2563 56.
465 2528 538 2572 Qui
565 2528 658 2572 Didy
661 2527 807 2561 motichi
831 2531 951 2567 erant,
975 2526 1038 2559 ubi
1064 2530 1316 2571 cognoverunt,
1346 2527 1594 2571 imperatorem
1619 2525 1684 2558 dc-

268 2584 343 2607 nuo
373 2574 417 2606 ad
443 2573 623 2608 Triballos
649 2574 820 2613 rediisse,
856 2574 1004 2606 moleste
1033 2573 1208 2611 tulerunt,
1233 2572 1406 2605 tumultus
1447 2583 1488 2605 ac
1522 2572 1682 2615 trepida·-

268 2620 378 2652 tionis
406 2621 515 2663 pleni.
564 2620 605 2653 ld
631 2621 788 2653 sentiens
813 2620 915 2652 Irene
940 2618 1166 2662 imperatrix,
1200 2618 1428 2664 animumque
1457 2629 1496 2652 ac
1520 2617 1684 2662 spiritum

270 2675 378 2708 supra
408 2676 528 2697 sexum
553 2677 700 2710 gerens,
746 2665 918 2699 concione
955 2665 1124 2703 advocata
1157 2664 1342 2711 hortatur,
1385 2675 1430 2697 ne
1462 2669 1686 2708 praesentem

270 2715 402 2744 statum
435 2721 499 2754 pro
544 2693 828 2755 deploratissimo
860 2710 1036 2744 habeant·
1070 2709 1229 2742 fortassis
1267 2706 1361 2743 enim
1392 2710 1481 2743 Deo
1499 2709 1611 2742 videri
1636 2710 1688 2742 sic

270 2757 380 2802 magis
414 2757 628 2793 conducere.
667 2769 740 2791 non
772 2755 1032 2797 demittendus,
1066 2755 1128 2789 sed
1167 2755 1352 2801 erigendos
1375 2756 1534 2796 animos,
1560 2760 1685 2800 utpote

685 2466 697 2482 2
