1800 3132
248 148 361 204 326
388 161 392 204 ;
774 165 1143 208 CANTACUZEM

56 273 234 318 A.C.1342
248 265 446 322 κουζηνὸν
483 265 555 307 καὶ
597 265 805 319 σπονδάς,
852 267 901 310 αἳ
933 266 1114 319 μάλιστα
1153 265 1308 316 δόξειεν
1334 269 1572 310 λυσιτελεῖν.
1629 268 1675 311 τὸ

204 326 207 330 ’
251 331 330 387 γάρ
372 330 571 382 τοσούτου
609 330 791 384 πολέμου
823 332 927 386 πρὸς
968 331 1092 373 αὐτὸν
1133 333 1398 385 κεκινημένου
1435 331 1507 373 καί
1543 331 1675 387 πάσης

251 398 437 451 σπουδῆς
465 398 821 451 εἰσενηνεγμένης,
848 399 978 452 μηδὲν
1006 397 1118 451 ἡμᾶς
1145 397 1377 451 δυνηθῆναι
1404 397 1553 448 πλέον,
1583 399 1675 439 ἀλλ’

258 459 413 502 ἐκεῖνόν
439 477 482 503 τε
510 461 658 515 ἀπαθῆ
685 463 821 504 κακῶν
847 464 922 503 καί
945 462 1094 516 πολλῆς
1120 460 1282 510 εὐνοίας
1307 459 1567 504 ἀπολαύοντα
1595 480 1677 504 πα-

250 525 303 580 ρὰ
337 528 395 583 τῷ
431 527 647 582 Τριβαλῶν
675 522 855 583 δυνάστῃ
892 524 954 569 ἔτι
988 528 1215 579 διαμένειν,
1261 525 1703 580 παρασκευαζόμενόν5

250 607 310 642 τε,
342 591 399 640 ὥς
428 588 649 642 οἶκούομεν,
682 592 740 640 εἰς
764 590 1070 645 Διδυμότειχον
1095 589 1311 644 ἐπανήκειν
1338 589 1442 643 μετὰ
1464 594 1675 646 στρατιᾶς,

249 654 342 704 τούς
369 672 415 698 τε
443 657 487 697 ἑν
514 657 800 713 Διδυμοτείχῳ
826 657 956 711 μηδὲν
982 655 1154 711 ὑφεῖναι
1176 656 1250 709 τῆς
1270 655 1328 702 εἰς
1351 654 1480 696 αὐτὸν
1498 656 1675 709 εὐνοίας,

248 722 350 774 μηδ’
385 718 467 761 ὖπὸ
509 724 584 762 τοῦ
611 720 921 776 περιεστηκότος
950 723 1131 774 πολέμου
1161 721 1406 773 πιεσθῆναι,
1434 718 1539 768 α’λλοὶ
1565 726 1675 773 μᾶλ-

251 790 320 826 λον
363 785 517 834 αύτούς
551 791 642 834 ταῖς
677 784 779 828 κατοὶ
811 786 977 843 Θρᾴκην
1016 785 1172 834 πάσαις
1200 783 1343 829 πόλεσι
1371 786 1578 840 κερβέρων
1616 783 1673 829 εἶ-

209 856 319 902 Βναι
343 852 682 905 χαλεπωτέρους,
719 851 849 893 πάντα
880 850 1200 907 διαφθείροντας
1230 845 1360 903 ἄρδην
1391 849 1464 890 καί
1487 852 1730 905 ληϊζομέ-ιο

250 927 358 967 νους,
388 914 439 956 ου’
455 915 556 970 πρὸς
583 916 700 970 ἡμῶν
726 914 864 971 ἔμοιγε
892 913 999 958 εἶναι
1030 918 1226 971 φαίνεται
1252 914 1349 955 οὐδὲ
1376 912 1476 968 πρὸς
1493 931 1536 956 τι
1560 917 1675 965 τέλος

249 980 383 1035 λήξειν
411 978 588 1033 ἀγαθόν.
647 979 712 1022 διό
738 997 813 1034 μοι
839 981 912 1023 καί
939 986 1155 1037 παραινεῖν
1178 981 1346 1033 ἐπῆλθε,
1380 981 1576 1022 τίθεσθαι
1600 979 1676 1035 τήν

247 1044 349 1099 πρὸς
390 1043 520 1087 αὕτὸν
555 1043 728 1101 εἰρήνην.
797 1049 872 1088 νῦν
898 1049 988 1099 μὲν
1028 1045 1109 1100 γὰρ
1147 1041 1364 1098 ὑπερόριος
1401 1045 1445 1085 ἐν
1479 1044 1676 1104 ἀλλοτρίᾳ

249 1110 472 1164 ,διατριβων
500 1112 573 1150 καί
598 1112 670 1165 τῆς
697 1114 796 1166 παρ’
822 1109 972 1166 ἐτέρων
999 1110 1191 1164 δεόμενος
1223 1109 1474 1163 ἐπικουρίας,
1502 1108 1678 1163 ἑτοίμως

249 1171 301 1215 ἄν
334 1173 584 1216 ὑπακούσειε
623 1174 726 1230 πρὸς
763 1175 837 1231 τήν
875 1175 1064 1231 εἰρήνην,
1105 1176 1145 1217 εἰ
1170 1177 1324 1229 μέτρια
1354 1174 1578 1228 αἰτοιήμεν.
1636 1178 1728 1223 εἰι5

248 1239 286 1279 δ’
320 1237 422 1280 οἴκοι
449 1256 491 1281 τε
518 1242 673 1294 γένοιτο
701 1239 777 1282 καί
797 1256 904 1289 τινος
933 1237 1175 1295 εὖπορήσειε
1207 1235 1443 1288 δυνάμεως,
1490 1241 1669 1293 δέδοικα,

245 1302 302 1359 μή
345 1305 548 1357 δεομένων
590 1305 707 1358 ἡμῶν
746 1305 1011 1347 ἄπαναίνοιτο
1041 1302 1191 1356 αὐτὸς,
1220 1300 1288 1346 οἷα
1317 1301 1368 1357 δὴ
1394 1306 1569 1357 βεβαίας
1594 1300 1676 1359 ἤδη

245 1370 320 1409 τοῦ
354 1369 696 1424 περιγενήσεσθαι
737 1371 855 1424 ἡμῶν
903 1372 1073 1419 ἐλπίδας
1109 1369 1230 1424 ἔχων.
1294 1368 1457 1428 βασιλῖς
1485 1375 1531 1415 δὲ
1558 1367 1677 1428 λόγον

245 1435 323 1485 μὲν
351 1432 500 1487 ἔχοντα
528 1430 615 1474 εἶπε
640 1440 856 1489 παραινεῖν
875 1466 888 1489 ,
944 1438 1018 1477 καί
1041 1433 1214 1492 ὕστερον
1241 1436 1318 1492 δ’,τι
1346 1435 1398 1480 ἂν
1431 1440 1532 1495 δοκῇ
1558 1442 1675 1480 λυσι-

121 1510 237 1548 Ρ.53ο
252 1502 379 1539 τελεῖν
422 1501 539 1555 κοινῇ
581 1501 867 1552 σκεψαμένους
908 1500 1126 1555 πράττειν·
1195 1501 1239 1545 τὸ
1273 1505 1319 1545 δὲ
1349 1506 1423 1545 νῦν
1450 1501 1574 1557 ἔχον,
1603 1504 1729 1560 τῆςαο

247 1565 433 1617 δαπάνης
471 1559 550 1617 ἤδη
577 1565 843 1618 γεγενημένης
874 1563 948 1606 καί
969 1563 1042 1607 τὸν
1066 1566 1223 1619 μισθὸν
1249 1567 1428 1621 ἑχόντων
1453 1571 1534 1611 τῶν
1559 1585 1674 1623 τριη-

246 1629 401 1682 ριτῶν,
431 1629 590 1668 δίκαιον
617 1632 830 1670 ποιεῖσθαι
858 1628 931 1671 τὸν
958 1629 1184 1673 α’πόπλουν.
1243 1636 1373 1676 ταῦτα
1404 1636 1449 1675 δὲ
1479 1630 1588 1691 αὗτῇ
1614 1633 1674 1675 εἴ-

247 1708 390 1746 ρηται,
421 1688 486 1734 ὅτι
513 1708 558 1733 τε
586 1694 827 1747 ε’πηγγέλετο
855 1693 878 1735 ὅ
909 1696 1038 1748 μέγας
1066 1696 1179 1750 δούξ,
1209 1700 1249 1740 εἰ
1275 1697 1375 1752 πρὸς
1402 1701 1672 1749 Μακεδονίαν

246 1750 527 1811 α’ποπλεύσειε,
557 1758 907 1815 Καντακουζηνὸν
934 1755 1045 1811 ἄξειν
1074 1762 1300 1818 δεσμώτην,
1327 1762 1382 1813 ὥς
1408 1763 1673 1820 παραδώσειν

344 1855 394 1887 16.
421 1863 459 1886 τε
486 1853 557 1894 Μ.,
582 1864 618 1887 τι
642 1854 675 1889 Ρ.

248 1948 491 1992 polliceretur.
552 1950 640 1982 Tam
676 1950 880 1994 importuno
915 1963 1070 1998 namque
1105 1954 1204 1988 bello
1236 1956 1400 1990 adversus
1429 1957 1529 1990 iilum
1556 1958 1672 1991 susci-

250 2000 345 2029 tato,
381 1995 524 2038 inquit,
561 2000 598 2028 et
633 1996 894 2030 studiosissime
926 2000 1029 2032 illato
1062 2001 1156 2033 nihil
1179 2013 1244 2035 nos
1268 2003 1480 2046 profecisse,
1503 2002 1566 2036 sed
1590 2015 1672 2037 eum

251 2040 373 2072 damni
406 2045 588 2084 expertem
622 2042 718 2085 apud
752 2042 996 2076 Triballorum
1028 2047 1225 2091 principem
1259 2048 1374 2082 adhuc
1398 2048 1547 2082 haerere
1572 2060 1671 2083 esse-

251 2096 322 2130 que
348 2086 384 2116 in
411 2086 521 2118 multa
548 2088 679 2131 gratia,
706 2094 743 2121 et
769 2091 963 2122 exercitum
989 2093 1187 2133 conscribi,
1211 2094 1354 2138 quicum
1375 2120 1384 2135 ‚
1426 2100 1464 2128 ut
1489 2095 1670 2136 audimus,

249 2131 543 2175 Didymotichum
576 2140 773 2167 revertatur
797 2141 834 2167 et
862 2136 1195 2179 Didymotichenses
1219 2139 1264 2172 de
1297 2141 1418 2174 animo
1450 2152 1528 2186 erga
1565 2141 1669 2174 illum

253 2189 317 2212 suo
343 2178 435 2210 nihil
461 2178 663 2219 remittere,
689 2190 807 2224 neque
828 2180 925 2214 bello
949 2187 1020 2215 tam
1039 2186 1244 2229 propinqruo
1273 2187 1435 2223 cruciari,
1463 2187 1525 2220 sed
1548 2188 1669 2233 potius

253 2223 428 2256 Thraciae
454 2222 604 2257 urbibus
629 2226 801 2259 universis
827 2238 956 2262 nocere
984 2230 1156 2262 immitius
1183 2241 1287 2275 quam
1307 2231 1520 2273 Cerberum,
1548 2234 1669 2266 omnia

257 2268 514 2313 depraedantes
543 2270 778 2316 funditusque
804 2271 1048 2307 devastantes:
1084 2275 1171 2308 haec
1198 2276 1286 2308 mihi
1320 2289 1545 2324 nequaquam
1579 2290 1599 2312 e
1629 2291 1668 2313 re

253 2320 376 2350 nostra
409 2325 527 2361 neque
566 2316 603 2347 in
641 2317 747 2350 finem
772 2317 904 2352 bonum
930 2321 1088 2353 desitura
1123 2321 1338 2357 viderentur,
1389 2325 1510 2369 Quare
1545 2335 1669 2368 pacem

252 2371 329 2393 cum
356 2361 420 2394 illo
445 2361 706 2404 suscipiendam
730 2366 857 2398 sentio.
906 2366 1008 2399 Nunc
1031 2367 1125 2399 enim
1150 2369 1188 2400 in
1220 2369 1337 2401 aliena
1369 2371 1515 2414 regione
1542 2371 1668 2416 profu·

252 2418 314 2449 gus
339 2412 375 2438 et
399 2418 501 2451 opem
529 2412 710 2441 externam
741 2420 958 2454 exposcens,
993 2412 1107 2445 obviis
1139 2424 1213 2446 eam
1238 2415 1332 2448 ulnis
1359 2417 1610 2461 amplectetur,
1635 2417 1667 2449 si

251 2453 433 2485 moderata
460 2454 703 2496 petiverimus.
753 2455 791 2488 Si
816 2456 913 2490 domi
946 2458 1056 2490 fuerit
1081 2468 1230 2504 seseque
1254 2461 1558 2502 corroboraverit,
1593 2473 1668 2495 me-

250 2501 327 2533 tuo,
353 2510 412 2538 ne,
441 2498 545 2531 nobis
574 2510 650 2532 eam
675 2500 932 2544 flagitantibus,
960 2503 1035 2547 ipse
1061 2510 1178 2549 neget.
1204 2507 1385 2549 explorata
1412 2519 1474 2552 spe
1497 2509 1667 2542 victoriae

251 2543 404 2575 confisus
427 2545 605 2582 videlicet,
653 2547 863 2590 imperatrix
888 2559 968 2581 eum
1001 2560 1077 2581 cum
1114 2551 1252 2583 ratione
1290 2555 1554 2592 consentientia
1587 2564 1667 2586 sua-

252 2588 336 2620 dere
364 2594 399 2620 et
424 2596 544 2632 postea
572 2592 668 2636 quod
693 2593 980 2627 consultantibus
1007 2604 1027 2626 e
1052 2605 1088 2627 re
1114 2596 1256 2639 publica
1281 2600 1393 2631 visum
1420 2599 1528 2633 fuerit
1552 2599 1668 2632 factu-

251 2644 308 2666 ros
339 2632 450 2667 dixit:
484 2636 551 2668 hoc
582 2643 766 2681 tompore,
806 2641 967 2682 impensa
1009 2641 1080 2673 iam
1115 2642 1206 2675 facta
1248 2645 1440 2690 solutoque
1476 2645 1664 2678 classiariis

251 2678 456 2721 stipendio,
479 2682 789 2726 abnavigationem
815 2685 942 2718 iustam
974 2685 1098 2719 videri.
1135 2688 1230 2721 Haec
1256 2690 1318 2723 illa
1341 2691 1542 2729 affirmavit,
1567 2689 1665 2735 quod

252 2724 287 2758 ci
310 2734 455 2770 maguus
479 2725 552 2762 dux
575 2735 775 2773 receperat,
801 2731 831 2764 si
858 2731 896 2764 iu
919 2731 1167 2769 Macedoniam
1190 2737 1408 2781 navigasset,
1449 2736 1664 2772 eantacuze-
