1800 3132
287 153 360 210 26
814 173 1189 219 CANTAcUzEm

85 275 165 312 Ac.
183 279 261 324 ¹34¹
282 273 396 326 ἔδοξε
426 277 513 317 δεῖν.
540 276 623 317 τῶν
649 276 727 329 μὲν
755 276 1011 333 πραγμάτων
1044 275 1310 332 ἀποσχέσθαι
1328 292 1340 303 ·
1368 284 1553 322 συνεῖναι
1582 281 1628 322 δὲ
1656 278 1725 322 τὸν

276 341 489 384 ἐπίλοιπον
510 337 812 400 ἀπραγμοσύνῃ
841 345 946 396 βίον,
977 339 1086 392 ὅπως
1117 340 1168 386 ἂν
1189 343 1392 397 δύνωμαι,
1423 347 1616 399 διάγοντα
1635 349 1722 388 κατ’

284 404 479 459 ἐμαυτόν.
536 402 644 448 οὕτω
675 405 727 463 δὴ
759 405 894 462 δόξαν,
922 403 999 464 ἤδη
1031 411 1105 451 καί
1131 410 1200 451 σοι’
1226 409 1457 464 κατάδηλον
1484 411 1626 455 ποιῶ.”
1650 410 1726 453 τοῦ

241 471 541 526 Οπατριὰρχου
582 473 628 513 δὲ
667 472 979 526 πυνθανομένου
1017 473 1092 529 τὴν
1122 475 1283 527 αἰτίαν,
1321 475 1374 515 δι’
1413 471 1466 529 ἢν
1497 477 1610 533 αὐτῷ
1638 490 1722 517 τοι-

278 539 387 578 αῦτα
430 535 530 592 πρὸς
560 535 635 592 τὴν
671 541 871 591 βασιλίδα
898 541 1080 595 παρέστη
1110 541 1264 594 λέγειν,
1313 538 1386 582 καὶ
1411 537 1616 596 πρότερον
1642 535 1745 594 μὲνό

185 626 200 644 ι
278 600 436 658 ἔφασκε
473 601 572 652 τούς
608 603 820 653 τοιούτους
870 607 1068 661 στρέφειν
1111 604 1335 659 λογισμούς
1380 605 1454 647 καί
1495 606 1720 660 ἀναγκαῖον

279 667 444 709 οἴεσθαι
482 668 746 724 ἀφίστασθαι
787 671 870 712 τῶν
909 667 1180 725 πραγμάτων.
1225 667 1255 711 ὃ
1294 671 1340 712 δέ
1366 686 1420 724 με
1458 670 1602 724 τάχιον
1628 673 1722 713 οἰνέ-

278 749 395 775 πεισε
422 733 497 788 τὴν
521 732 679 789 βουλήν
707 733 1035 788 α’νακαλύπτειν,
1079 735 1202 777 οῦδὲν
1239 738 1377 792 ἕτερον
1406 733 1511 780 εἶναι
1528 769 1540 789 ,
1567 732 1608 792 ἢ
1652 733 1721 778 ὅτι

276 799 325 856 τῇ
351 799 577 858 προτεραίᾳ
603 800 706 842 κατὰ
735 799 805 842 τὸν
833 799 1033 855 σύλλογον
1073 800 1258 856 ἀκαίρως
1296 802 1371 844 τοῦ
1411 802 1613 855 Χούμνου
1651 801 1724 844 καὶ

275 863 460 919 α’νοήτως
489 865 891 921 παρ’ῥησιασαμένου
921 869 993 907 καί
1023 865 1097 908 ἐὰν
1123 869 1182 924 τῷ
1209 866 1372 925 ἐσχάτῳ
1403 867 1691 924 ἀποκαλυφθῇ
1699 880 1771 920 ‚10

272 927 427 983 σιγάτω
466 929 489 971 ὖ
527 932 689 986 πρῶτος
718 933 933 987 φαμένου,
974 926 1066 973 οὔθ’
1093 931 1118 987 ἦ
1145 931 1310 985 βασιλὶς
1339 927 1424 974 οὔτ’
1457 929 1583 982 αὐτὸς
1613 934 1717 988 ἤγα-

272 995 497 1050 νακτήσατε
523 994 625 1052 πρὸς
650 995 724 1051 τὴν
751 993 1050 1050 ἀναισχυντίαν
1058 1031 1070 1050 ,
1104 997 1202 1039 οὐδὲ
1231 999 1347 1053 δίκην
1365 997 1492 1040 ἔδωκε
1511 1000 1586 1054 τῆς
1614 994 1714 1040 οἶνο-

274 1061 376 1114 ήτου
405 1063 690 1115 γλωσσαλγίας
706 1094 718 1115 ,
749 1058 836 1103 ἀλλ’
858 1062 1154 1118 έφησυχάσατε
1175 1068 1261 1113 τοῖς
1282 1065 1514 1117 λεγομένοις
1531 1097 1543 1116 ,
1571 1059 1716 1119 ὥσπερ

277 1126 496 1181 εἰρημένου
524 1125 706 1181 μηδενὸς
725 1129 913 1169 καινοῦ.”
942 1126 965 1168 ὅ
987 1127 1252 1183 πατριάρχης
1280 1130 1326 1171 δὲ
1360 1129 1433 1182 „sl
1455 1130 1534 1182 μὲν
1559 1131 1637 1171 καί
1656 1145 1719 1180 τις

272 1187 377 1245 ἄλλη
405 1189 510 1247 πρὸς
537 1189 632 1241 τούς
661 1189 900 1241 τοιούτους“’
944 1191 1058 1247 ἔλεγε
1096 1193 1270 1247 »λόγους
1297 1188 1445 1248 ἤγαγεν
1474 1193 1611 1247 αἰτία,
1640 1193 1774 1237 ‹ni-15

270 1255 341 1305 τὸς
369 1251 420 1299 ἂν
448 1258 612 1311 elsam.
655 1258 694 1299 εἶ
722 1259 758 1299 δ’
778 1258 913 1299 αὕτοῦ
939 1255 1090 1299 τούτου
1118 1259 1237 1300 ἕνεκα
1263 1256 1396 1311 μόνον
1416 1260 1716 1314 παροξυνθείς,

222 1322 375 1379 Βοργῇ
403 1319 630 1380 φερόμενος
668 1321 773 1379 πρὸς
804 1325 880 1376 ἐμὲ
907 1339 951 1365 τε
977 1322 1051 1365 καί
1084 1321 1161 1378 τὴν
1189 1324 1415 1378 βασιλίδα,
1453 1324 1716 1380 α’φώτασθαι

265 1391 338 1444 τῆς
369 1385 612 1443 διοικήσεως
639 1386 768 1442 ἔγνως
795 1390 877 1431 τῶν
908 1390 1081 1441 κοινῶν,
1123 1383 1218 1430 οὔτε
1248 1389 1388 1430 δίκαια
1417 1395 1577 1442 ποιεῖς,
1618 1384 1715 1431 οὔτε

264 1453 524 1509 προσήκοντα
564 1455 721 1511 σαυτῷ.
789 1454 869 1508 ἐγώ
903 1470 948 1496 τε
987 1453 1066 1509 γάρ
1107 1455 1381 1510 ἰσχυρίζομαι
1416 1453 1590 1496 τουτωνὶ
1630 1457 1715 1496 τῶν

263 1520 396 1574 λόγων
427 1517 486 1574 μὴ
531 1519 750 1575 ἀκηκοέναι
791 1521 999 1568 παντελῶς
1019 1536 1030 1547 ·
1072 1521 1145 1561 καί
1174 1521 1334 1568 δίκαιος
1374 1515 1482 1561 εἶναι
1512 1519 1618 1570 ἀξιῶ
1643 1535 1767 1575 πι-αο

265 1583 492 1628 animam
521 1583 637 1641 παρὰ
673 1588 764 1626 σοι’·
795 1583 934 1638 οἴομαι
956 1587 1001 1627 δὲ
1029 1584 1102 1626 καί
1127 1583 1202 1639 τὴν
1228 1585 1427 1637 βασιλίδα
1445 1585 1497 1626 τά
1525 1583 1597 1626 ἴσα
1616 1585 1716 1638 ἐμοὶ

265 1652 388 1707 ἐρεῖν.
443 1650 544 1692 οὐδὲ
580 1649 658 1706 γὰρ
702 1647 755 1693 ἂν
793 1646 936 1706 ἤνεγκε
975 1654 1096 1708 σιγῇ,
1131 1653 1170 1693 εἰ
1215 1649 1400 1692 ἀκοῦσαί
1421 1665 1464 1691 τε
1493 1651 1711 1703 συνέβαινε

131 1730 171 1763 V.
186 1742 253 1777 ²9⁰
265 1719 349 1760 τῶν
376 1715 509 1772 λόγων
536 1716 610 1758 καὶ
639 1714 745 1772 πρὸς
770 1718 818 1760 σὲ
846 1717 1044 1772 εἰρῆσθαι
1075 1717 1282 1772 οἰηθῆναι.
1340 1713 1406 1757 διό
1427 1729 1505 1757 σου
1523 1716 1598 1758 καί
1616 1715 1711 1757 δέο-

265 1882 303 1905 se
331 1870 401 1904 sibi
430 1872 501 1905 iam
525 1871 751 1915 praestitisse
785 1871 975 1917 visumque
1003 1881 1121 1904 rerum
1146 1869 1460 1904 administratione
1485 1871 1710 1915 cedendum,

265 1923 302 1951 et
326 1917 425 1963 quod
451 1923 618 1963 superest
642 1918 736 1959 aevi,
768 1917 859 1958 sibi,
887 1917 1007 1962 quoad
1045 1917 1123 1949 fieri
1159 1917 1297 1961 possit,
1334 1917 1403 1950 soli
1436 1918 1638 1958 viventem,
1670 1919 1711 1953 in

263 1975 427 1998 curarum
460 1965 640 1997 vacuitate
679 1963 972 1998 consumendum.
1029 1963 1145 1995 Huius
1177 1973 1262 1995 suae
1289 1964 1487 1998 voluntatis
1523 1974 1600 1997 eam
1632 1976 1711 1999 esse

262 2012 423 2056 ignaram
450 2012 620 2046 noluisse.
671 2011 883 2043 Sciscitante
908 2014 1028 2042 autem
1065 2009 1268 2053 patriarcha
1293 2021 1457 2048 causam,
1490 2010 1580 2055 quid
1604 2011 1638 2043 ei
1670 2011 1710 2046 in

261 2063 422 2091 mentem
446 2059 627 2098 venisset,
665 2057 778 2089 talem
803 2055 847 2088 ad
873 2055 1069 2099 Augustam
1096 2056 1239 2088 mittere
1268 2056 1458 2098 nuntium,
1499 2056 1707 2102 respondit:

261 2104 403 2150 pridem
430 2113 467 2135 se
504 2104 591 2136 istas
625 2102 860 2147 cogitationes
899 2101 1043 2134 volvere
1077 2106 1114 2134 et
1138 2101 1406 2135 abdicationem
1441 2103 1612 2136 rectiOnis
1637 2104 1709 2136 sibi

261 2150 502 2184 necessariam
526 2149 705 2186 arbitrari,
753 2147 863 2193 Quod
887 2158 971 2180 vero
997 2159 1078 2180 eum
1111 2149 1156 2181 ad
1190 2148 1364 2181 meditata
1393 2149 1500 2182 citius
1533 2150 1710 2195 patefaci-

263 2196 357 2231 enda
382 2196 564 2236 incitarit,
593 2207 668 2229 non
691 2205 768 2228 esse
793 2193 913 2234 aliud,
943 2205 1050 2240 quani
1079 2195 1176 2239 quod
1202 2194 1318 2240 pridie
1345 2195 1529 2228 Chumnus
1555 2196 1593 2228 in
1619 2207 1707 2230 con-

261 2249 373 2277 ventu
400 2244 606 2287 importune
643 2247 679 2275 et
712 2240 930 2284 insipienter
954 2250 994 2271 ac
1030 2242 1107 2274 sine
1143 2242 1263 2274 fronte
1295 2241 1389 2274 illud
1420 2241 1639 2283 effutiverit‚
1674 2244 1708 2277 si

261 2299 438 2336 postremo
465 2289 662 2323 revelatum
687 2288 748 2327 sit,
775 2294 895 2320 taceat
917 2288 1074 2332 primus:
1116 2298 1223 2332 quam
1250 2287 1511 2331 impudentiam
1534 2299 1601 2322 nec
1634 2289 1704 2322 im-

260 2337 440 2381 peratrix,
464 2347 531 2369 nec
557 2335 633 2379 ipse
658 2333 858 2378 patriarcha
886 2343 990 2377 aegre
1014 2334 1159 2374 tulerit,
1193 2345 1259 2367 nee
1282 2333 1573 2367 maledicentiam
1599 2335 1703 2368 istam

260 2382 444 2427 puniverit
460 2407 469 2422 ‚
495 2381 559 2415 sed
588 2380 738 2426 perinde
765 2390 806 2411 ac
831 2380 860 2411 si
885 2378 978 2412 nihil
997 2379 1177 2413 diceretur
1194 2380 1292 2421 novi,
1317 2381 1354 2412 in
1379 2380 1476 2413 dicto
1502 2382 1593 2414 istoc
1616 2392 1704 2415 con-

262 2429 477 2474 quieverint.
526 2427 678 2473 Excepit
699 2425 913 2472 patriarcha.
975 2426 1069 2458 Num
1093 2426 1164 2459 alia
1187 2431 1374 2470 praeterea
1400 2437 1454 2459 res
1480 2431 1515 2459 te
1544 2438 1701 2460 commo-

263 2476 379 2515 verit,
405 2479 446 2506 ut
469 2473 537 2507 hoc
564 2475 720 2513 diceres,
751 2478 791 2506 tu
816 2473 935 2504 nosti:
970 2474 999 2504 si
1025 2478 1172 2518 propter
1197 2471 1266 2505 hoc
1295 2473 1410 2505 solum
1449 2473 1701 2515 exacerbatus,

263 2521 353 2554 mihi
380 2526 416 2553 et
439 2521 657 2563 imperatrici
681 2524 869 2563 tantopere
899 2518 1071 2558 irasceris,
1095 2524 1134 2551 ut
1159 2519 1211 2551 rei
1224 2519 1393 2563 publicae
1418 2519 1594 2563 regendae
1620 2531 1701 2553 mu-

263 2579 333 2602 nus
357 2568 514 2600 abiicere
542 2567 794 2604 constitueris,
818 2575 885 2597 nec
904 2564 996 2596 iuste
1012 2590 1021 2605 ,
1048 2571 1117 2597 nee¹
1138 2576 1179 2597 ex
1206 2571 1267 2598 tua
1286 2565 1461 2608 dignitate
1486 2566 1582 2599 facis.
1610 2565 1699 2600 Nam

265 2625 330 2658 ego
357 2625 414 2647 me
438 2613 545 2645 verba
579 2613 642 2645 illa
679 2611 833 2645 Chumni
867 2612 1014 2643 omnino
1051 2622 1124 2643 uon
1159 2610 1358 2652 audivisse,
1394 2612 1461 2644 tibi
1490 2613 1698 2646 confirmare

263 2671 429 2705 possum:
458 2660 606 2693 etmihi
642 2659 749 2691 fidem
781 2657 906 2690 haberi
940 2668 1095 2701 aequum
1128 2663 1203 2690 est:
1239 2663 1400 2703 putoque
1434 2658 1698 2702 im1›erati²icem

266 2706 390 2740 eadem
416 2717 553 2739 mecum
579 2706 829 2739 confessuram.
878 2703 983 2736 Haud
1017 2704 1111 2735 euim
1147 2714 1270 2737 vocem
1305 2704 1499 2744 tenuisset,
1533 2705 1560 2736 si
1591 2705 1698 2738 audi-

265 2755 375 2787 visset
402 2759 437 2787 ct
463 2759 497 2787 te
522 2757 656 2786 tactum
681 2750 902 2786 credidisset.
951 2748 1071 2794 Quare
1099 2755 1134 2783 te
1158 2761 1219 2784 oro
1249 2761 1475 2796 quaesoque,
1503 2751 1557 2785 uti
1581 2751 1699 2786 verbis
