1800 3132
286 172 314 205 2
323 171 356 205 O
809 168 983 210 CANTA
988 168 1179 211 CUZENI

83 268 422 323 Α.0,ι34ιλοιπὸς
462 270 544 311 τῶν
581 270 764 322 παίδων,
805 271 864 318 εἰς
900 267 1068 319 Σκύθας
1103 264 1233 329 ᾤχετο
1262 271 1412 326 φυγάς,
1467 268 1514 319 ὃς
1542 268 1593 326 δὴ
1621 272 1721 326 παρ’

280 337 448 383 ἐκείνοις
466 335 692 389 διατρίψας
714 335 789 376 ov’x
816 334 971 389 ὀλίγον,
1002 333 1177 391 ὕστερον
1199 336 1422 388 Ῥωμαίοις
1438 333 1572 377 ἑκοντὶ
1592 350 1722 390 προσ-

280 404 385 455 ῆλθε
424 397 528 452 μετὰ
569 399 646 454 την
683 401 888 453 βασιλέως
925 399 1130 456 τελευτήν.
1199 404 1344 443 τοῦτον
1373 400 1421 456 δη
1450 402 1724 455 Ἀλέξανδρος

279 467 415 521 ᾐτεῖτο
442 466 612 518 πέμψας
633 498 646 518 ,
674 465 731 514 ὥς
757 465 1066 518 πολεμιώτατον
1097 467 1222 523 αὐτῷ.
1263 465 1421 522 ἔφασκέ
1446 482 1489 508 τε
1509 467 1625 507 δυοῖν
1642 462 1724 506 θά-

284 547 420 585 τερον,
459 525 483 586 ἢ
530 533 794 585 παραδοῦναι
833 532 1043 584 Σίσμανον
1083 532 1155 573 ἐπὶ
1182 529 1351 589 θανάτῳ
1390 528 1416 587 ἢ
1456 526 1751 587 παρασκευά-5

157 602 274 647 V.287
289 597 438 646 ζεσθαι
475 594 581 651 πρὸς
627 596 830 649 πόλεμον,
883 596 939 645 ὥς
975 597 1050 637 οὐκ
1089 595 1180 638 ἐνὸν
1207 595 1341 639 αὐτόν
1370 593 1477 638 εἶναι
1505 595 1628 651 φίλον
1654 595 1733 636 καί-

280 657 506 715 σύμμαχον
526 661 766 714 Ῥωμαίοις,
798 664 873 703 τοῦ
902 659 1210 714 πολεμιωτάτου
1238 663 1495 717 τρεφομένου
1534 663 1629 713 παρ’
1648 660 1726 701 αὕ-

282 732 381 775 τοῑς.
438 725 595 779 ἔπεμπέ
631 742 676 767 τε
705 730 778 768 καί
802 725 901 776 τούς
921 723 1096 781 ὅρκους,
1129 727 1172 768 οἳ
1196 726 1300 781 πρὸς
1323 727 1529 781 βασιλέως
1556 727 1726 782 Ἀνδρο-

282 793 400 834 νίκου
432 790 535 847 πρός
566 790 697 834 αὐτόν
720 788 825 847 ἦσαν
852 794 924 834 ἐπὶ
951 794 1000 848 τῇ
1029 790 1172 849 εἰρήνῃ
1194 794 1467 847 γεγενημένοι.
1509 792 1631 848 ἦμὲν
1650 786 1727 832 οὖν

277 855 560 913 Ἀλεξάνδρου
580 858 781 912 πρεσβεία
797 860 940 900 τοῦτον
953 855 1039 911 εἶχε
1053 857 1124 900 τὸν
1140 858 1306 913 τρόπον.
1375 857 1460 900 ἔδει
1477 860 1523 900 δὲ
1540 857 1613 914 τὴν
1628 857 1782 912 σύγ-ιο

284 929 429 979 κλητον
465 925 753 965 συνελθοῦσαν
792 921 1110 977 βουλεύσασθαι
1147 921 1237 976 ἅμα
1275 925 1485 977 βασιλίδι,
1515 925 1553 966 εἰ
1581 919 1729 978 δέονῆ

255 988 364 1038 Βτὸν
393 989 623 1041 αὐτόμολον
649 987 931 1043 παραδιδόναι
959 984 988 1044 ἢ
1013 986 1191 1043 πόλεμον
1218 985 1410 1045 ἅρασθαι
1426 988 1530 1046 πρὸς
1548 987 1732 1037 ΠΙυσούς

283 1053 391 1110 ὑπὲρ
422 1051 567 1095 αὐτοῦ.
624 1053 662 1096 οἱ
686 1055 764 1107 μὲν
792 1050 867 1096 οὖν
892 1057 1102 1110 συνῆλθον
1129 1057 1173 1097 ἐν
1199 1057 1441 1109 βασιλείοις.
1505 1056 1730 1110 συμπαρῆν

287 1122 325 1161 δ’
360 1120 503 1168 αὐτοῖς
541 1119 614 1161 καί
649 1121 892 1172 δομέστικος
932 1118 952 1161 ὃ
983 1122 1114 1174 μέγας
1145 1117 1236 1174 ἅμα
1265 1119 1526 1178 πατριάρχῃ.
1581 1135 1731 1174 προτε-

285 1186 430 1241 θείσης
470 1187 516 1228 δὲ
553 1187 628 1240 τῆς
660 1187 816 1241 βουλῆς
859 1188 922 1228 ἐπ’
964 1187 1181 1242 ἐκκλησίας
1191 1221 1204 1240 ,
1250 1187 1288 1228 οἱ
1319 1187 1407 1239 ’μὲν
1436 1182 1553 1228 ἄλλοι
1581 1183 1786 1233 πάντεςιὸ

287 1251 472 1306 ἡσυχίαν
512 1247 611 1305 ἦγον
648 1250 754 1306 πρὸς
792 1251 860 1294 τὸν
887 1254 1017 1306 μέγαν
1054 1254 1294 1305 δομέστικον
1335 1249 1657 1304 ἀποβλέποντες,
1693 1247 1732 1303 δ’,

288 1331 327 1356 τι
350 1312 401 1357 ἄν
420 1317 692 1369 βουλεύσαιτο
721 1316 818 1372 περὶ
842 1319 925 1358 τῶν
956 1320 1260 1372 προκειμένων·
1318 1319 1511 1370 Χοῦμνος
1529 1318 1575 1358 δὲ
1599 1319 1639 1358 Γ
1637 1313 1733 1371 εώρ-
1754 1371 1758 1374 q

289 1397 391 1436 γιος,
423 1381 444 1422 ὁ
467 1382 537 1423 ὲπί
551 1385 624 1436 τῆς
643 1383 862 1437 τραπέζης,
895 1382 1072 1435 ἀμαθῶς
1091 1383 1163 1424 καί
1189 1385 1382 1437 θρασέως
1408 1384 1506 1437 πρίν
1533 1400 1572 1424 τι
1602 1384 1734 1438 φθέγ-

293 1446 457 1496 ξασθαί
484 1462 574 1488 τινα
605 1449 898 1502 ,,γε’γραπται”,
937 1445 1050 1489 εἶπεν
1066 1446 1168 1501 „goir
1191 1449 1246 1505 τῷ
1262 1445 1423 1505 ἐσχάτῳ
1437 1447 1732 1503 ἀποκαλυφθῇ,

295 1510 452 1566 σιγάτω
481 1510 502 1552 ὅ
533 1515 708 1565 πρῶτος.
777 1510 829 1555 ἂν
873 1509 946 1555 οὖν
987 1513 1059 1555 καί
1095 1513 1216 1568 ἡμῶν
1258 1529 1341 1554 τινι
1383 1515 1465 1555 τῶν
1507 1511 1790 1555 δοκούντωναο

302 1577 490 1631 ἐσχάτων
520 1576 627 1620 εἶναι
653 1577 814 1632 βέλτιόν
853 1595 894 1620 τι
934 1582 1033 1634 περὶ
1071 1573 1130 1621 ὧν
1170 1580 1263 1621 νυνί
1289 1576 1580 1632 βουλευόμεθα
1609 1579 1738 1620 εἰπεῖν
1783 1609 1788 1618 .

298 1645 396 1700 ἐξῇ,
438 1639 593 1699 ἀνάγκη
633 1642 704 1686 τόν
741 1646 903 1699 πρῶτον
935 1646 1157 1700 στέργειν.”
1211 1643 1426 1700 ἐταράχθη
1456 1646 1533 1697 μὲν
1562 1639 1639 1686 οὖν
1664 1641 1736 1685 εὖ-

258 1710 381 1759 (ὶθύς
422 1709 442 1749 ὃ
482 1711 614 1763 μέγας
654 1710 900 1763 δομέστικος
941 1709 1012 1753 ἐπὶ
1036 1713 1095 1768 τῷ
1118 1709 1223 1768 λόγῳ
1254 1709 1358 1767 πρὸς
1385 1709 1461 1764 τὴν
1491 1706 1738 1765 θρασύτητα

294 1872 405 1903 latum
439 1871 608 1906 abierat:
652 1883 720 1906 nee
759 1872 868 1918 longo
904 1876 1066 1918 tempore
1103 1871 1239 1906 ibidem
1277 1877 1428 1912 exacto,
1470 1875 1554 1915 post
1586 1874 1738 1911 mortem

297 1918 523 1962 imperatoris
552 1919 596 1951 ad
621 1919 796 1952 Romanos
823 1926 951 1964 sponte
986 1919 1204 1963 confugerat.
1257 1918 1360 1950 llunc
1398 1919 1507 1962 igitur
1537 1916 1739 1951 Alexander

297 1971 337 1997 ut
363 1965 586 1997 teterrimum
621 1965 762 1999 hostem
786 1977 888 1999 suum
917 1964 1126 2010 postulabat
1154 1969 1190 1997 et
1218 1965 1428 1997 alterutrius
1463 1963 1646 2008 optionem
1673 1962 1738 1999 da-

298 2013 379 2043 bat:
420 2017 459 2043 ut
483 2016 547 2043 aut
572 2012 772 2045 Sismanum
799 2012 868 2045 sibi
896 2011 1127 2055 iugulandum
1164 2010 1360 2046 dederent.
1399 2015 1462 2043 aut
1496 2010 1610 2047 sead
1641 2021 1739 2043 arma

299 2062 564 2101 eompararent3
591 2057 689 2090 haud
722 2058 817 2090 enim
854 2057 1022 2090 Romanis
1060 2058 1212 2089 amicum
1245 2068 1286 2090 ac
1320 2058 1458 2090 socium
1495 2066 1571 2088 esse
1606 2067 1739 2099 posse,

300 2102 472 2147 quamdiu
497 2103 551 2135 ini
588 2103 727 2137 hostem
765 2114 868 2136 suum
903 2104 999 2147 apud
1029 2114 1065 2137 se
1093 2104 1251 2137 alerent:
1288 2104 1467 2149 simulque
1499 2103 1740 2136 iuramentum

300 2149 490 2189 mittebat,
515 2161 587 2194 quo
615 2160 651 2181 se
680 2151 750 2193 ipsi
777 2150 1001 2183 Andronicus
1026 2152 1125 2194 pacis
1158 2161 1262 2183 causa
1287 2149 1540 2184 obstrinxerat.
1590 2149 1741 2193 Legatio

303 2194 498 2228 Alexandri
538 2196 588 2229 ita
621 2206 658 2229 se
699 2195 840 2230 habuit.
889 2196 1092 2241 Oportebat
1126 2207 1210 2230 vero
1247 2197 1438 2231 convenire
1474 2194 1668 2239 optimates
1703 2198 1740 2227 et

304 2253 383 2274 cum
420 2242 578 2287 Augusta
609 2241 830 2283 deliberare,
875 2241 976 2276 fasne
1004 2249 1098 2277 esset
1126 2243 1309 2288 perfugam
1342 2242 1493 2283 tradere,
1529 2252 1574 2274 an
1597 2251 1662 2287 pro
1695 2251 1740 2274 eo

308 2289 443 2320 bellum
482 2294 606 2322 contra
641 2288 782 2322 Moesos
819 2290 1013 2333 suscipere.
1073 2289 1295 2323 Convenitur
1327 2290 1366 2322 in
1404 2288 1560 2334 palatio:
1609 2287 1742 2322 adsunt

307 2335 392 2366 item
420 2345 565 2378 magnus
594 2333 808 2369 domesticus
842 2340 879 2368 et
914 2336 1135 2379 patriarcha:
1162 2337 1325 2382 quaestio
1354 2341 1528 2369 movetur.
1577 2333 1633 2367 lbi
1657 2333 1741 2367 aliis

307 2380 477 2413 omnibus
511 2383 550 2414 in
581 2392 746 2425 magnum
781 2380 1018 2415 domesticum
1064 2393 1126 2416 ora
1162 2388 1271 2427 atque
1322 2382 1442 2416 oculos
1481 2392 1560 2414 cum
1591 2379 1740 2414 silentio

310 2428 603 2461 convertentibus
629 2429 778 2472 eiusque
802 2438 910 2472 super
933 2439 971 2461 re
996 2429 1183 2473 proposita
1209 2428 1424 2461 sententiam
1452 2425 1744 2471 expectantibus,

313 2472 486 2515 Georgius
513 2473 695 2508 Chumnus
720 2485 863 2507 mensae
889 2475 1092 2519 praefectus
1116 2476 1243 2509 inscite
1269 2479 1305 2507 et
1320 2475 1507 2513 audacter,
1533 2474 1743 2517 priusquam

312 2519 357 2551 ab
385 2518 459 2551 uno
484 2519 631 2553 verbum
656 2520 863 2561 audiretur,
892 2521 1069 2565 Scriptum
1096 2527 1171 2560 est,
1207 2521 1347 2565 inquit,
1383 2520 1415 2553 si
1435 2528 1612 2566 postremo
1639 2529 1744 2552 reve-

313 2566 426 2598 latum
438 2565 585 2610 ficerit,
621 2568 758 2613 primus
781 2575 910 2601 taceat.
958 2567 1047 2613 Ergo
1077 2567 1107 2599 si
1131 2567 1239 2600 alicui
1265 2572 1445 2607 nostrum,
1483 2566 1545 2612 qni
1578 2564 1744 2599 videmur

315 2621 391 2643 esse
420 2613 606 2654 postremi,
641 2614 771 2646 melius
796 2613 935 2659 aliquid
962 2614 1000 2646 in
1026 2613 1122 2651 iuis,
1159 2612 1203 2646 de
1229 2612 1360 2657 quibus
1385 2623 1481 2645 nunc
1509 2617 1563 2645 est
1597 2610 1744 2644 inducta

315 2657 552 2698 deliberatio,
571 2659 673 2703 loqui
694 2660 860 2699 licuerit,
887 2670 1031 2693 neccsse
1059 2659 1130 2693 erit
1151 2660 1302 2704 piimum
1329 2659 1414 2692 boni
1441 2658 1638 2694 consulere,
1662 2657 1747 2690 Per-

317 2706 427 2736 cussit
461 2705 559 2738 illico
601 2710 638 2738 et
672 2706 922 2751 indignatione
965 2706 1156 2740 commovit
1195 2717 1361 2750 magnum
1399 2705 1636 2738 domesticum
1669 2708 1744 2735 tam

313 2755 483 2795 proterva
508 2756 545 2787 et
570 2751 760 2798 impudens
791 2754 919 2789 oratio.
967 2751 1038 2787 Sed
1067 2754 1151 2799 quia
1190 2758 1252 2786 aut
1289 2752 1550 2798 imperatricem
1583 2754 1646 2783 aut
1678 2759 1746 2795 pa·-
