1800 3138
304 184 409 239 186
831 197 1200 240 CANTAcUzENJ

102 309 283 356 A.C.1341
297 295 450 354 οὔσης,
487 298 564 347 τὰς
591 297 897 352 παρακειμένας
930 297 1172 350 κατέτρεχον
1197 292 1337 343 πόλεις
1364 292 1436 335 καί
1462 294 1594 343 κακῶς
1620 296 1732 339 ἕποι’-

296 380 396 414 ουν,
439 366 511 419 τῆς
539 366 585 405 ἐκ
610 363 849 413 Βυζαντίου
888 362 1085 415 στρατιᾶς
1113 358 1219 415 πρὸς
1249 359 1326 408 τὰς
1362 359 1503 408 πόλεις
1531 362 1731 403 καταδυο-

294 431 421 484 μένης
448 430 520 470 καί
552 428 644 469 οὐδ’
680 428 935 479 ἀντιβλέπειν
966 419 1092 478 οὔσης
1121 426 1312 477 δυνατῆς.
1371 423 1461 466 ἐπεὶ
1497 425 1534 464 δ’
1565 421 1732 478 ἀναχω-

296 501 408 549 ροῖεν
437 490 518 534 ὑπὸ
545 494 620 534 τοῦ
653 492 856 544 χειμῶνος
884 489 1171 543 ἐκβιαζόμενοι
1200 491 1375 541 ἐκεῖνοι,
1416 484 1544 535 αὖθις
1572 487 1610 530 οἱ
1635 492 1728 531 Βυ-

292 557 456 610 ζάντιοι
485 557 822 611 ἀναθαρσοῦντες
858 560 948 603 ταῖς
988 552 1154 595 πόλεσιν
1184 554 1388 596 ἐπέκειντο
1408 585 1420 607 ,
1468 554 1517 595 αἳ
1539 547 1757 606 πολέμιοι5

294 623 481 666 ἐδόκουν.
535 624 609 664 καί
643 622 670 677 ἡ
703 621 826 676 χώρα
855 622 969 661 πᾶσα
992 617 1130 674 ὥσπερ
1168 616 1250 659 ὖπὸ
1279 621 1484 672 πολεμίων
1512 621 1731 675 δῃουμένη,

292 685 570 742 μετανίστατό
599 702 642 729 τε
667 689 727 735 εἰς
754 685 830 734 τὰς
855 683 992 734 πόλεις
1019 683 1092 726 καί
1117 683 1238 726 οὐδὲν
1264 679 1316 738 ἦν
1347 681 1385 736 ὅ,
1414 700 1455 726 τι
1473 684 1548 725 οὐκ
1575 683 1733 738 ἔπασχε

299 751 459 805 δεινὸν,
502 753 575 793 καί
599 749 776 805 σκυθικὴ
808 751 962 806 ἐρημία
989 748 1014 802 ἦ
1053 747 1306 803 κατακρὰτος
1341 751 1558 803 οἰκουμένη
1587 748 1746 806 Θρᾴκη,

304 817 567 859 ἀπεδείκνυτο
595 818 670 858 οὐκ
696 818 741 858 έν
767 817 938 871 μακρῷ,
978 816 1052 855 καί
1076 814 1102 868 ἦ
1126 813 1354 866 “Ρωμαίων
1381 813 1503 867 ἷσχυς
1529 814 1605 869 ὑφ’
1630 811 1732 856 ἐαυ-

261 884 376 936 Βτῆς
401 883 635 924 ἐδαπανᾶτο
672 882 745 922 καί
779 880 1056 935 διεφθείρετο.
1112 879 1166 920 ου’
1199 877 1284 932 μὴν
1315 879 1413 920 οὐδὲ
1450 877 1489 920 οἱ
1519 878 1782 934 βάρβαροιῐῡ

301 949 507 1002 ἠμέλουν,
563 946 649 988 ἀλλ’
690 944 861 997 εἰδότες,
903 943 960 992 ὥς
996 944 1021 998 ἦ
1061 943 1288 997 “Ρωμαι’ων
1328 941 1498 998 στρατιὰ
1535 941 1735 1001 διῄρηται

299 1013 374 1054 καί
417 1009 636 1061 στασιάζει
685 1008 786 1064 πρὸς
826 1005 1003 1063 ἑαυτὴν,
1055 1010 1099 1051 ἐκ
1136 1009 1208 1062 τῆς
1237 1003 1395 1055 Ἀσίας
1435 1007 1731 1062 περαιούμενοι

299 1080 372 1119 καί
395 1075 536 1124 ἵπποις
563 1074 636 1116 καὶ
655 1075 780 1131 πεζῇ,
809 1072 860 1116 τοὶ
892 1076 1068 1128 μέγιστα
1096 1071 1292 1126 ἐκάκουν,
1334 1068 1499 1121 οὗδενὸς
1526 1073 1730 1114 ἀνθιστα-

295 1142 442 1195 μένου.
510 1142 584 1181 καί
617 1138 667 1182 τὰ
702 1137 891 1194 παράλια
919 1140 1051 1179 πάντα
1089 1139 1134 1180 ἐν
1172 1141 1330 1192 βραχεῖ
1359 1136 1457 1179 κενὰ
1495 1133 1730 1192 ἀνθρώπων

296 1207 620 1258 ἀπεδείκνυσαν,
660 1202 814 1252 πάντας
845 1201 1312 1258 ἐξανδραποδιζόμενοι,
1339 1201 1444 1258 πλὴν
1471 1199 1564 1243 ὅσοι
1588 1195 1782 1250 udam-15

298 1266 327 1325 ἢ
356 1271 540 1327 φρούρια
567 1268 789 1327 κατῴκουν.
836 1266 1008 1324 ’ὕστερον
1037 1269 1082 1309 δὲ
1113 1267 1278 1310 ἐκείνων
1305 1264 1629 1318 ἀναλωθέντων,
1659 1269 1734 1310 καὶ

298 1334 404 1390 πρὸς
430 1333 506 1390 τὴν
535 1334 754 1388 μεσόγειαν
781 1332 1013 1390 ἐχώρησαν.
1069 1331 1106 1375 οἱ
1131 1335 1271 1386 μέντοι
1295 1333 1496 1385 Ῥωμαῖοι
1523 1329 1628 1373 οὕτω
1655 1331 1737 1373 τοῦ

293 1403 500 1455 χειμῶνος
529 1401 761 1442 διετέλεσαν
800 1398 994 1454 α’λλήλοις
1043 1395 1340 1449 ἆντεπεξιόντες
1379 1399 1452 1438 καί
1481 1397 1732 1450 βλάπτοντες

295 1462 379 1507 ὅσα
434 1466 612 1509 δυνατώ
668 1467 956 1522 Διδυμοτείχῳ
1007 1464 1053 1504 δὲ
1108 1463 1134 1517 ἡ
1183 1464 1228 1504 έκ
1275 1463 1510 1512 Βυζαντίου
1551 1459 1729 1516 στρατιὰ

298 1531 494 1571 οὐδέποτε
533 1528 759 1584 ἐτόλμησεν
799 1530 1144 1583 ἐπιστρατεῦσαι,
1182 1524 1385 1582 παρόντος
1420 1526 1634 1578 βασιλέως.
1690 1523 1786 1569 οἶαο

299 1596 440 1647 μέντοι
466 1595 512 1636 ἐκ
528 1592 826 1648 Τζερνομιάνου
842 1594 1048 1648 φρουρίου
1071 1590 1178 1641 τινὸς
1200 1592 1250 1632 οὔ
1272 1588 1411 1647 πόρ’ῥω
1425 1591 1730 1644 Διδυμοτείχου

262 1660 635 1716 Οκατῳκισμένου,
665 1658 716 1698 οὔ
745 1656 891 1713 φαῦλά
917 1674 1008 1700 τινα
1035 1655 1299 1712 λῃστεύοντες
1327 1653 1513 1697 ἐκάκουν.
1584 1653 1731 1708 σχεδὸν

293 1723 380 1782 γὰρ·
408 1721 456 1766 οὗ
485 1725 669 1766 διέλιπον
697 1719 767 1766 det
792 1721 936 1773 νυκτὸς
955 1721 1005 1767 τὰ
1035 1722 1153 1778 τείχη
1183 1720 1407 1778 περιιόντες
1422 1722 1495 1762 καί
1518 1717 1731 1777 λῃστεύον-

391 1829 447 1852 22.
471 1815 684 1863 ᾠκισμένον
710 1819 745 1851 Ρ.

297 1897 468 1935 finitimas
510 1897 776 1931 incursionibus
821 1897 1065 1938 lacessebant,
1102 1906 1182 1929 cum
1221 1895 1358 1929 interea
1401 1896 1618 1939 Byzantinae
1666 1907 1731 1931 co-

295 1945 381 1989 piae
410 1945 451 1977 in
494 1945 655 1977 civitates
698 1956 737 1978 se
778 1944 974 1985 abderent,
1006 1954 1126 1988 neque
1167 1942 1374 1987 adspectum
1409 1953 1531 1976 eorum
1570 1942 1729 1978 ferrent:

295 1989 435 2035 quibus
473 1990 568 2022 coeli
609 1990 743 2024 iniuria
781 1996 929 2034 cogente
964 1989 1237 2030 recedentibus,
1269 1999 1407 2022 rursum
1443 1989 1602 2032 Byzantii
1632 2000 1733 2023 rece.

296 2037 370 2082 ptis
401 2035 549 2076 animis,
584 2036 711 2078 urbes,
746 2037 914 2070 inimicae
947 2047 1040 2081 quae
1079 2035 1292 2081 videbantur
1314 2059 1324 2074 ‚
1358 2034 1569 2079 premebant
1591 2060 1601 2076 ‚
1636 2041 1733 2070 tota-

299 2093 372 2128 que
398 2083 496 2126 regio
524 2082 625 2115 velut
648 2083 693 2116 ab
719 2083 884 2118 hostibus
907 2086 1044 2117 vastata
1069 2087 1105 2115 et
1127 2081 1222 2115 nihil
1246 2079 1357 2114 cladis
1385 2092 1457 2113 non
1479 2081 1670 2123 sustinens,
1691 2083 1732 2117 in

295 2127 432 2173 oppida
460 2129 726 2172 commigrabat.
773 2129 891 2174 Atque
934 2128 986 2161 ita
1022 2127 1194 2161 Thracius
1233 2126 1329 2160 orbis
1362 2136 1470 2170 parvo
1496 2128 1611 2171 spatio
1634 2129 1670 2162 vi
1695 2132 1734 2162 et

298 2173 581 2219 grassationibus
606 2173 651 2206 ad
671 2173 871 2217 Scythicam
893 2173 1128 2207 solitudinem
1151 2172 1394 2217 redigebatur:
1419 2174 1731 2219 Romanorumque

297 2222 391 2253 vires
430 2220 639 2264 semetipsas
673 2220 913 2253 absumebant
950 2231 991 2252 ac
1026 2219 1284 2264 deperdebant.
1344 2218 1418 2252 Nec
1443 2225 1563 2252 tamen
1587 2220 1731 2254 barbari

300 2265 607 2311 opportunitatem
646 2266 900 2311 negligebant,
937 2265 1000 2299 sed
1041 2277 1120 2298 cum
1151 2265 1388 2299 Romanorum
1414 2267 1607 2299 exercitum
1635 2266 1730 2299 divi-

299 2323 378 2346 sum
404 2317 440 2345 et
467 2311 654 2345 discordiis
682 2312 866 2346 intestinis
895 2311 1119 2344 laborantem
1143 2312 1422 2356 comperissent,
1460 2322 1539 2344 cum
1565 2315 1728 2357 equitatu

299 2364 340 2391 et
374 2357 540 2403 peditatu
578 2370 621 2391 ex
660 2358 741 2391 Asia
773 2359 1013 2398 traiicientes,
1038 2358 1208 2390 immania
1241 2358 1477 2398 detrimenta,
1502 2359 1602 2390 nullo
1628 2358 1730 2392 obsi-

301 2409 439 2444 stente,
470 2403 603 2437 dabant
628 2405 778 2449 locaque
803 2404 923 2437 omnia
947 2404 1033 2437 mari
1059 2404 1174 2438 vicina
1202 2404 1300 2437 brevi
1328 2409 1487 2447 tempore
1520 2404 1731 2437 hominibus

300 2449 612 2484 vacuefaciebant:
639 2451 809 2484 omnibus
826 2476 836 2492 ,
860 2451 932 2482 nisi
956 2451 1020 2495 qui
1042 2450 1148 2483 urbes
1174 2454 1237 2482 aut
1261 2450 1402 2482 castella
1436 2449 1661 2490 habitarent,
1690 2450 1729 2484 in

301 2497 510 2529 servitutem
549 2498 669 2540 raptis.
730 2495 824 2530 Tum
859 2496 990 2530 deinde
1024 2497 1134 2529 etiam
1167 2497 1204 2528 in
1231 2496 1495 2529 mediterranea
1518 2495 1728 2541 pergebant.

301 2542 450 2574 Romani
485 2552 569 2574 vero
610 2548 685 2575 tota
723 2542 841 2577 hieme
873 2542 1117 2576 velitabantur
1149 2546 1185 2573 et
1220 2541 1344 2575 damna
1372 2542 1529 2575 vicissim
1555 2548 1730 2588 quantum

300 2592 470 2631 poterant
495 2589 678 2625 creabant.
727 2589 781 2622 Ad
808 2588 1123 2632 Didymotichum‚
1150 2588 1212 2621 ubi
1239 2593 1313 2621 erat
1345 2588 1558 2634 imperator,
1591 2589 1728 2631 Byzan-

301 2633 372 2670 tini
394 2644 576 2677 nunquam
601 2646 637 2667 se
658 2634 844 2668 admovere
867 2636 944 2669 ausi
964 2639 1064 2675 sunt3
1087 2645 1302 2679 quamquam
1324 2646 1367 2668 ex
1384 2635 1548 2679 proximo
1567 2634 1729 2674 castello,

303 2680 359 2711 cui
393 2689 524 2711 nomen
560 2682 854 2721 Zernomianum,
897 2680 1160 2725 direptionibus
1196 2692 1266 2714 non
1309 2692 1432 2726 parum
1479 2679 1730 2717 infestabatur.

301 2725 428 2765 Ferme
456 2726 553 2758 enim
581 2725 619 2758 in
646 2733 769 2761 noctes
796 2727 950 2772 singulas
977 2728 1118 2761 moenia
1146 2726 1342 2768 obeuntes,
1368 2737 1457 2771 quae
1482 2726 1726 2765 inveniebant,

304 2770 535 2812 auferebant,
561 2783 626 2809 nec
654 2778 801 2818 propter
826 2775 1044 2820 paucitatem
1076 2774 1209 2814 modo,
1247 2773 1310 2808 sed
1347 2783 1447 2807 usum
1480 2771 1587 2807 etiam
1620 2771 1725 2809 faue—
