1800 3132
287 172 363 239 40
730 189 753 224 s
821 188 1194 236 CANTAcqum

97 295 177 331 ΑΒ.
197 289 426 340 ι34ιπολλοὶ
467 288 664 338 πολλάκις
699 289 778 333 ὕπὸ
822 291 1037 350 περιόντος
1069 291 1131 335 ἔτι
1157 295 1232 335 τοῦ
1265 288 1494 350 μακαρίτου
1522 296 1726 350 βασιλέως

289 357 447 398 ἐκείνου
476 358 782 411 παρακληθείς,
812 353 906 400 οὔτε
933 361 1008 401 νῦν
1035 360 1131 414 ἐρῶ.
1171 362 1211 402 εἰ
1234 358 1315 415 γὰρ
1345 357 1548 410 τοιούτοις
1575 360 1726 417 ἔρωσιν

291 419 461 469 α’τόποις
489 422 732 474 συνέβαινεν
760 423 941 477 ἁλῶναι,
970 424 1015 467 τί
1035 423 1080 466 τὸ
1110 426 1269 466 κωλῦον
1295 420 1348 480 ἧν
1367 458 1379 479 ,
1409 421 1492 478 ὅτε,
1521 427 1726 480 βασιλέως

288 484 632 540 τετελευτηκότος,
661 486 790 536 αὐτὸς
820 489 1076 544 παραλαβών
1104 487 1204 539 τούς
1235 493 1390 540 παῖδας
1426 490 1525 540 τούς
1554 492 1724 546 ἐκείνου,

289 548 342 591 τὰ
371 550 564 602 βασίλεια
593 554 791 606 κατέσχον
811 555 856 595 ἐν
876 556 1070 610 φρουρᾷ,
1099 555 1184 596 τῶν
1203 571 1246 596 τε
1274 553 1392 597 ἔνδον
1420 557 1622 612 ἀσφαλῶς
1648 560 1751 602 ιτα-5

258 617 552 669 οτεχομένων,
574 616 741 659 καὶτῶν
770 616 847 670 ἔξω
876 618 1051 671 πάντων,
1079 621 1161 661 τῶν
1187 622 1265 672 μὲν
1292 621 1496 670 εὐνοϊκῶς»
1513 623 1611 674 ἐμοὶ
1635 624 1731 664 διαω

289 682 513 734 κειμένων,
558 685 638 724 τῶν
667 685 713 725 δὲ
743 681 1089 739 ὖποπτησσόντων
1115 683 1191 741 τήν
1219 685 1398 739 δύναμιν
1425 685 1499 742 τὴν
1527 686 1632 742 ἐμὴν
1658 690 1732 730 καί

291 747 388 786 ου’δὲ
413 747 658 799 τολμώντων
687 748 967 805 ἅντιγρύζειν,
1006 748 1082 805 τήν
1111 751 1387 806 οἶκουροῧσαν
1413 746 1528 807 ἄγειν
1554 754 1613 803 εἰς
1638 754 1730 809 φῶς

232 854 241 869 3
289 812 437 853 κακίαν
464 808 492 867 ἢ
522 811 594 868 τήν
622 815 850 869 ἐπιθυμίαν
874 817 1030 868 μᾶλλον
1058 814 1164 857 κατὰ
1195 814 1350 870 πολλὴν
1378 819 1452 858 τοῦ
1475 816 1733 867 κωλύσοντος-

287 874 364 930 τὴν
400 878 577 932 ἐρημίαν
603 881 859 934 ἐκπληροῦν,·
907 879 1001 922 νυνὶ
1042 882 1087 923 δὲ
1130 877 1179 922 οὗ
1214 879 1341 934 μόνον
1381 878 1505 924 οὐδὲν
1539 885 1780 928 τοιοῦτονιο

289 941 502 997 δεδρακώς
539 938 567 997 ἢ
601 947 928 998 βεβουλευμένος
966 949 1205 1002 φαίνομαι,
1246 945 1350 986 ἀλλὰ
1390 947 1463 989 καί
1488 947 1743 991 τούναντίον

287 1009 382 1049 πᾶν.
437 1010 481 1049 ἐν
523 1009 732 1067 ἀσφαλείᾳ
759 1009 836 1065 γὰρ
880 1008 993 1068 πάσῃ
1022 1012 1094 1053 καί
1118 1010 1214 1061 τούς
1240 1014 1448 1066 βασιλέως
1475 1015 1629 1063 παῖδας
1657 1014 1731 1056 καί

152 1080 276 1128 V.296
289 1078 336 1118 σὲ
364 1070 487 1130 ἄχρις
524 1075 670 1129 ἐνάτης
710 1076 869 1130 ἡμέρας
905 1078 951 1119 ἐκ
980 1078 1052 1133 τῆς
1079 1081 1284 1131 βασιλέως
1314 1080 1504 1134 τελευτῆς
1531 1077 1728 1136 διατηρή-

289 1157 366 1188 σας
384 1172 395 1194 ,
438 1142 529 1192 μετ’
556 1142 714 1195 ἐκείνην
743 1141 817 1195 τήν
843 1157 886 1182 τε
913 1141 1108 1198 φρουρὰν
1135 1139 1345 1199 ἀπήγαγον
1373 1146 1455 1187 τῶν
1482 1147 1728 1199 βασιλείων,

287 1204 340 1260 ἣν
360 1202 489 1256 αὐτὸς
510 1204 816 1262 ἐγκαθιδρύσας
837 1203 891 1262 ἧν
904 1242 918 1261 ,
946 1207 1019 1249 καὶ
1045 1203 1172 1264 ἄλλην
1193 1207 1466 1264 καταστήσας,
1496 1206 1596 1265 ὅσην
1622 1209 1780 1266 πρὸςι5

287 1270 335 1313 τὸ
366 1273 449 1313 τῶν
479 1271 862 1325 ἐπιβουλευσόντων
890 1274 990 1323 ἴσως
1018 1275 1182 1328 ἐπέχειν
1209 1274 1282 1326 τὰς
1311 1274 1448 1329 ὁρμὰς
1478 1274 1618 1331 ἔκρινα
1647 1277 1733 1318 ati-³

244 1335 359 1385 Βτὸς
396 1336 539 1393 ἀρκεῖν
551 1371 562 1390 ,
618 1335 759 1378 οἴκαδε
799 1338 1066 1394 ἀνεχώρουν,
1115 1342 1199 1382 τῶν
1238 1339 1490 1397 πραγμάτων
1531 1341 1728 1396 ἐχόμενος
1766 1352 1768 1355 “

289 1399 429 1457 ὥσπερ
460 1405 534 1444 καί
563 1405 714 1455 ζῶντος
738 1406 942 1456 βασιλέως
960 1439 971 1459 ‚
1001 1398 1373 1461 ndacfiapacmfiv,
1402 1409 1726 1462 συμβουλεύων,

287 1466 570 1521 δεδιττόμενος
596 1475 688 1518 ταῖς
717 1471 933 1521 α’πειλαῖς,
963 1473 1094 1526 μηδὲν
1122 1474 1380 1527 νεωτερίζειν
1398 1504 1409 1525 ,
1460 1471 1564 1515 ἀλλὰ
1593 1477 1728 1514 καθα-

254 1561 259 1565 -
286 1531 368 1587 ροὶν
396 1535 469 1574 καί
497 1529 647 1577 ἄδολον
671 1540 807 1590 τηρεῖν
847 1535 920 1577 καί
944 1535 1020 1591 τήν
1047 1531 1210 1579 εὔνοιαν
1235 1540 1308 1579 καί
1336 1536 1413 1593 τήν
1442 1539 1634 1580 δουλείαν
1661 1540 1784 1590 (roho,

284 1614 333 1641 τε
362 1596 515 1652 ὁμοίως
543 1601 616 1641 καί
641 1602 764 1643 παισί
789 1606 875 1650 τοῖς
904 1607 1015 1655 σοῖς,
1065 1601 1137 1644 καί
1165 1605 1285 1658 δῆλος
1313 1599 1372 1645 ὢν
1402 1600 1457 1653 ὥς
1487 1603 1604 1653 δίκας
1635 1605 1728 1645 ἐπι-

284 1664 430 1719 θήσων
457 1670 542 1713 τοῖς
572 1669 836 1719 νεωτεριοῦσι
861 1666 935 1709 καί
959 1667 1034 1710 τὸν
1059 1667 1189 1721 πόλεμ
1204 1685 1249 1710 ον
1278 1667 1403 1718 αὐτὸς
1431 1667 1729 1722 ἀναδεξόμενος

284 1729 392 1786 ὑπὲρ
426 1729 559 1783 ὑμῶν.
614 1733 658 1773 τί
683 1727 757 1773 οὖν
784 1729 834 1774 ἄν
861 1748 924 1781 τις
965 1731 1074 1774 εἴποι
1094 1767 1106 1786 ,
1137 1732 1225 1776 τότε
1262 1737 1340 1788 μὲν
1376 1734 1432 1790 μή
1465 1737 1727 1791 βουληθῆναι

381 1847 433 1872 ιο.
456 1835 524 1879 τὴν
548 1837 632 1874 add.
656 1838 704 1871 M.
810 1841 861 1873 16.
885 1838 1233 1884 ἐπιβουλευσάντων
1255 1840 1347 1874 coni.
1372 1840 1452 1876 ΕΙ).
1478 1842 1517 1875 Ρ.

284 1949 357 1980 iam
382 1958 523 1991 cupere.
553 1948 590 1982 Si
615 1950 709 1982 enim
735 1949 943 1984 huiusmodi
971 1951 1126 1984 nefanda
1151 1951 1349 1995 cupiditate
1376 1953 1536 1987 irretitus
1561 1953 1723 1994 fuissem,

285 1993 376 2038 quid
411 1995 556 2028 tandem
601 2001 678 2033 erat
714 1997 987 2041 impedimenti,
1019 1998 1162 2043 quando
1205 2004 1347 2031 mortuo
1382 2001 1599 2043 imperatore
1631 2002 1724 2045 ipse,

284 2041 440 2084 acceptis
466 2042 504 2074 iu
529 2043 678 2074 tutelam
704 2044 781 2076 eius
806 2045 912 2085 filiis,
937 2045 1111 2088 palatium
1135 2045 1298 2078 custodia
1325 2046 1555 2087 muniebam,
1588 2051 1624 2079 et
1660 2047 1723 2091 qui

284 2092 388 2119 erant
411 2087 509 2120 intus
536 2093 615 2120 tuto
641 2089 875 2131 tenebantur,
900 2091 963 2135 qui
992 2097 1110 2124 autem
1133 2091 1245 2131 foris,
1271 2102 1394 2125 eorum
1425 2094 1489 2125 alii
1514 2093 1607 2126 hene
1625 2093 1722 2126 -mihi

282 2132 479 2174 volebant,
521 2134 584 2166 alii
630 2137 830 2178 potentiam
870 2147 985 2169 meam
1023 2137 1285 2178 formidabant,
1319 2149 1387 2171 nec
1421 2139 1562 2172 hiscere
1599 2145 1723 2173 contra

281 2178 492 2221 audebant,
518 2191 589 2225 quo
613 2181 731 2214 minus
762 2183 933 2215 latentem
969 2185 1066 2216 intus
1106 2184 1342 2218 ambitionem
1388 2185 1480 2218 foras
1521 2196 1723 2226 exer-erem,

282 2227 342 2259 vel
375 2226 497 2269 potius
535 2227 572 2259 in
605 2232 704 2260 tanta
748 2229 1051 2263 intercedentium
1088 2231 1285 2263 solitudine
1334 2232 1570 2276 cupiditatem
1606 2242 1723 2265 meam

283 2273 478 2306 satiarem?
514 2272 622 2317 Quod
647 2279 788 2307 tantum
816 2275 941 2316 abest,
976 2281 1016 2308 ut
1052 2277 1198 2310 fecerim
1225 2284 1289 2311 aut
1324 2278 1517 2312 meditatus
1552 2279 1644 2319 sim,
1681 2283 1722 2311 ut

282 2319 391 2363 plane
417 2321 634 2352 contrarium
659 2320 815 2353 fecerim.
881 2323 971 2355 Nam
1007 2329 1043 2355 te
1079 2329 1116 2356 et
1148 2325 1233 2358 filiis
1264 2325 1491 2369 imperatoris
1527 2336 1643 2372 usque
1675 2325 1723 2358 ad

284 2364 381 2397 diem
405 2365 449 2396 ab
476 2366 552 2399 eius
579 2367 728 2400 interitu
763 2379 897 2400 nonum
926 2371 1102 2403 tutissime
1138 2370 1176 2403 in
1211 2371 1349 2415 palatio
1385 2371 1554 2413 servatis,
1595 2376 1721 2416 postea

281 2411 503 2455 praesidium
529 2424 548 2444 a
573 2423 628 2445 me
655 2413 709 2445 ibi
734 2414 948 2447 collocatum
976 2415 1129 2450 deduxi:
1157 2423 1193 2450 et
1216 2417 1289 2451 alio
1315 2418 1507 2462 imposito,
1543 2422 1721 2463 quantum

282 2457 328 2490 ad
353 2457 606 2491 insidiatorum
624 2484 633 2500 ‚
673 2460 702 2491 si
728 2462 790 2506 qui
814 2463 1031 2502 existerent,
1056 2464 1212 2506 impetus
1238 2463 1460 2497 cohibendos
1486 2467 1720 2498 suffecturum

282 2503 428 2543 censui,
453 2503 597 2537 domum
624 2508 778 2549 recessi3
814 2507 1045 2541 moderamen
1071 2509 1234 2554 imperii,
1272 2510 1369 2555 quod
1394 2511 1474 2544 vivo
1504 2512 1719 2554 imperatore

280 2550 478 2582 habueram
516 2553 712 2595 resumpsi:
754 2564 874 2587 omnes
913 2554 1081 2596 hortans,
1115 2556 1281 2589 omnibus
1313 2556 1492 2598 suadens,
1538 2557 1719 2589 minarum

282 2597 391 2630 etiam
418 2602 555 2629 terrore
593 2598 826 2642 interposito,
867 2612 912 2634 ne
945 2601 1035 2647 quid
1066 2602 1279 2636 molirentur
1302 2605 1404 2637 novi:
1442 2604 1505 2638 sed
1530 2607 1721 2647 puramet

281 2642 470 2676 candidam
514 2643 581 2674 tibi
617 2656 730 2691 aeque
763 2657 804 2678 ae
836 2647 921 2680 filiis
958 2649 1029 2680 tuis
1069 2647 1358 2682 benevolentiam
1399 2649 1718 2695 obedientiamque

279 2693 526 2732 praestarent:
554 2701 620 2721 nec
645 2690 873 2726 dissimulans
889 2719 899 2734 ,
932 2705 988 2726 me
1013 2705 1185 2727 novarum
1205 2706 1323 2728 rerum
1351 2696 1558 2730 auctoribus
1582 2706 1719 2740 poenas

280 2735 520 2779 irrogaturum
553 2734 763 2782 bellumque
795 2750 860 2783 pro
896 2740 998 2773 vobis
1036 2746 1295 2786 suscepturum.
1355 2742 1454 2787 Quid
1487 2742 1594 2786 ergo?
1630 2747 1719 2775 tune

281 2780 428 2828 quidem
451 2782 610 2816 noluisse
629 2794 685 2818 me
710 2786 806 2821 dicet
830 2786 1028 2834 quispiam,
1055 2799 1135 2823 cum
1157 2787 1323 2835 possemJ
1347 2800 1445 2824 nunc
1467 2794 1589 2826 autem
1612 2787 1718 2828 velle,
