1800 3138
276 193 379 244 262
803 205 1167 250 CANTAcquNl

75 315 163 349 A.c,
181 316 264 359 [342
278 326 326 351 νυ
355 310 542 362 βασιλέα.
599 310 672 353 καί
697 305 742 349 τὸ
771 306 821 361 δὴ
850 306 1218 362 θαυμαστότερον,
1268 303 1333 352 ὅτι
1359 305 1403 350 εἴ
1422 323 1517 351 ποτε
1543 311 1691 359 συνουὲυ

232 383 256 422 Β
273 367 604 430 σινᾶμφοτέροις
624 372 767 427 ἐδέησέ
783 389 877 415 τινα
906 375 988 414 τῶν
1015 373 1312 429 εὕγενεστέρων
1328 375 1542 429 Τριβαλῶν
1566 390 1693 430 προσι·

270 441 426 490 ελθεῖν,
466 435 639 494 Κράλης
679 439 756 490 μὲν
802 436 902 479 κατὰ
936 436 980 479 τό
1022 435 1168 486 εἰωθὸς
1201 438 1331 479 ἐποίει
1384 440 1458 480 καί
1497 440 1693 492 α’πέβαινε

267 505 343 545 τοῦ
369 503 496 545 ἵππου
526 501 631 557 πρὸς
655 501 729 556 την
756 499 1094 560 προσαγόρευσιν,
1122 502 1320 554 βασιλεὺς
1348 504 1394 544 δὲ
1411 505 1549 555 μένων
1565 503 1692 559 ἔφιπε

266 583 366 620 πος,
406 564 608 622 ἧσπάζετο
642 565 712 608 τὸν
754 565 990 622 προσιόντα.
1061 564 1166 620 πρὸς
1195 567 1240 608 δὲ
1266 564 1341 622 την
1369 568 1502 610 οἰκίαν
1532 570 1717 615 ἐκείνουό

268 631 470 685 εἰσιόντα,
509 631 665 688 (εἰσῄει
707 633 751 673 δὲ
788 630 991 686 ὁσημέραι
1031 627 1197 684 σχεδόν·
1253 630 1304 671 ου’
1341 631 1419 687 γὰρ
1463 631 1527 674 εἴα
1553 635 1692 685 μένειν

267 696 340 741 ἐπὶ
363 699 433 752 τῆς
462 700 640 751 σκηνῆς,
671 696 803 750 πάσης
832 696 936 750 ἡδίω
965 695 1179 749 διατριβῆς
1205 694 1280 748 τὴν
1306 695 1409 751 πρὸς
1439 698 1593 738 ἐκεῖνον
1630 712 1694 739 τι-

270 764 446 814 θέμενος
474 761 643 814 ὁμιλίαν
660 765 704 815 ,)
734 759 813 810 ἔξω
841 763 919 813 μὲν
942 763 1014 814 τῆς
1044 760 1174 814 πύλης
1202 758 1302 809 τούς
1326 762 1444 809 νέους
1470 763 1551 803 τῶν
1575 762 1693 815 εὖγε-

270 829 473 882 νεστέρων
500 828 601 884 πεζῇ
629 828 799 876 θέοντας
824 826 1008 870 ἐκέλευεν
1035 825 1247 881 ὑπαντᾷν,
1286 823 1404 868 ἔνδον
1434 828 1481 867 δὲ
1506 827 1580 881 τῆς
1616 823 1693 868 αὖ·-

267 895 343 945 λῆς
373 890 471 941 τούς
509 894 808 947 πρεσβυτέρους
848 890 919 933 καί
945 892 1080 941 α’ξίαις
1115 896 1207 939 ταῖς
1234 892 1331 944 παρ’
1360 891 1502 940 αὐτοῖς
1528 902 1744 946 τετιμη-Ιο

270 959 443 1009 μένους,
487 956 615 1006 αὐτὸς
654 958 700 998 δὲ
738 956 809 998 ἐπὶ
833 955 904 999 τὸν
933 958 1097 1011 πρῶτον
1123 953 1305 1008 μάλιστα
1333 957 1413 997 τῶν
1441 955 1562 997 οἴκων
1586 954 1692 1008 μετὰ

238 1020 351 1075 Ετην
387 1020 519 1076 αὕλην
568 1019 866 1078 προσηγόρευεν
891 1022 1110 1074 ὑπαντῶν,
1156 1017 1184 1075 ἢ
1227 1020 1299 1062 καί
1334 1017 1436 1076 ἄχρι
1462 1021 1540 1062 τοῦ
1564 1019 1692 1062 τόπου

266 1084 369 1127 ἔνθα
406 1089 481 1128 τοῦ
520 1088 646 1129 ἵππου
688 1084 888 1140 ἀπέβαινε
924 1088 1074 1141 προΐει.
1131 1082 1212 1139 οὐχ
1244 1082 1353 1139 ἥττω
1381 1087 1427 1126 δὲ
1457 1087 1694 1140 φιλοτιμίαν

266 1153 339 1192 καί
376 1151 401 1205 ἦ
441 1154 514 1192 τοῦ
566 1151 717 1205 Κράλη
766 1149 922 1204 γαμετή
964 1149 1067 1204 πρὸς
1112 1151 1287 1202 βασιλέα
1316 1151 1602 1203 ἐπεδείκνυτο,
1649 1150 1694 1191 ἐν

264 1217 369 1256 πᾶσι
404 1214 585 1268 μάλιστα
627 1217 784 1258 ἐκείνου
818 1212 1013 1266 οὐδαμῶς
1061 1216 1357 1257 ἀπολείπεσθαι
1387 1212 1771 1269 φιλονεικοῦσα.15.

264 1283 394 1329 ταῦτα
436 1283 515 1332 μὲν
543 1275 617 1322 οὖν
642 1279 756 1335 παρὰ
778 1278 913 1321 πάντα
939 1278 1009 1326 τὸν
1038 1276 1216 1332 χρόνον,
1268 1279 1312 1320 ἐν
1349 1273 1380 1334 ᾧ
1411 1279 1693 1333 συνδιέτριβεν

265 1345 418 1394 αὐτοῖς
438 1344 462 1385 o‘
475 1343 715 1398 βασιλεὺς,
742 1341 981 1399 ἐπράττετο.
1038 1344 1083 1384 ἐν
1110 1343 1263 1396 α’ρχαΐς
1301 1343 1347 1383 δὲ
1373 1344 1444 1397 τῆς
1471 1344 1693 1397 ἐπιδημίας

264 1408 450 1462 μάλιστα
497 1411 542 1451 ἐν
582 1409 757 1464 ἡμέραις
794 1405 869 1448 οὐκ
911 1408 1068 1461 ὀλίγαις
1097 1405 1235 1456 πότοις
1281 1406 1352 1448 καί
1385 1409 1641 1463 φιλοτησίαις
1669 1404 1691 1448 o‘

264 1465 345 1517 τῶν
376 1476 592 1527 Τριβαλῶν
613 1470 755 1528 ἅρχων
783 1471 856 1528 τὴν
883 1471 988 1527 πρὸς
1015 1474 1191 1526 βασιλέα
1237 1467 1403 1515 εὔνοιαν
1434 1469 1692 1524 ἐπιδειξάμε-

265 1555 356 1591 νος,
406 1538 553 1580 ἔπειτα
595 1539 844 1580 ἐπυνθάνετο
865 1571 876 1590 ,
920 1534 1018 1577 ὅτου
1056 1536 1183 1592 χάριν
1211 1537 1401 1591 ἀφίκοιτο
1428 1535 1532 1591 πρὸς
1562 1535 1745 1578 αὕτὸναο

266 1604 339 1645 καί
380 1606 419 1646 εἰ
462 1606 595 1645 δέοιτο
623 1604 720 1658 παρ’
751 1603 885 1643 affro&
914 1617 1031 1651 τινος.
1086 1599 1284 1654 βασιλεύς
1331 1603 1376 1642 δὲ
1405 1598 1517 1655 ἥκειν
1542 1603 1621 1654 μὲν
1647 1599 1690 1642 ἔ·

267 1685 400 1723 φασκε
430 1670 504 1723 τῆς
532 1669 591 1716 εἰς
619 1663 744 1708 αὐτὸν
773 1669 917 1722 φιλίας
945 1669 1076 1708 ἕνεκα.
1118 1663 1166 1707 οὗ
1193 1666 1270 1721 γὰρ
1303 1661 1354 1707 ἂν
1381 1664 1443 1720 εἴη
1470 1682 1509 1707 τι
1534 1667 1692 1718 βέλτιον

266 1732 339 1773 καί
376 1734 710 1787 σωφρονέστερον
749 1732 988 1785 ἀνθρώποις
1025 1730 1166 1786 ὀρθοῖς
1205 1731 1436 1785 χρωμένοις
1475 1733 1688 1784 λογισμοῖς

222 1799 341 1843 1)τοῦ
378 1800 554 1850 βεβαίαν
593 1798 666 1839 καί
692 1796 831 1851 ἀληθῆ
864 1795 1011 1851 φιλίαν
1050 1795 1294 1850 κτήσασθαι.
1350 1793 1493 1836 ἔπειτα
1537 1796 1583 1836 δὲ
1609 1792 1692 1848 εἴγε

264 1969 357 2002 genu
382 1959 602 1995 exosculari:
632 1958 803 2004 quodque
828 1956 1030 1990 mirabilius
1054 1961 1127 1997 est,
1152 1957 1182 1989 si
1208 1955 1349 2001 quando
1381 1966 1450 1988 una
1485 1956 1689 2001 equitarent

262 2010 518 2049 oporteretque
543 2016 562 2038 e
587 2006 758 2038 Triballis
785 2005 987 2049 quempiam
1012 2002 1226 2036 nobiliorem
1242 2001 1433 2042 accedere,
1461 2002 1580 2034 Crales
1601 2003 1687 2048 qui-

262 2051 343 2083 dem
370 2062 432 2094 pro
458 2057 600 2095 recepto
627 2063 723 2085 more
748 2050 905 2090 faciens,
943 2051 988 2082 ab
1025 2060 1117 2093 equo
1143 2048 1188 2079 ad
1223 2048 1473 2090 salutationem
1498 2047 1597 2080 illius
1623 2049 1688 2082 de-'

262 2096 482 2137 scendchat,
510 2098 703 2142 imperator
729 2102 849 2128 autem
877 2095 920 2128 de
946 2106 1038 2141 equo
1063 2093 1287 2127 accedentem
1312 2092 1506 2126 salutabat.
1535 2094 1686 2138 Quoties

260 2153 368 2187 porro
402 2143 534 2186 regiam
559 2143 672 2177 Cralis
703 2141 949 2186 ingrederetur
984 2145 1037 2186 (et
1066 2139 1332 2184 ingrediebatur
1364 2149 1479 2183 paene
1506 2139 1688 2184 quotidie:

261 2199 335 2221 non
359 2190 455 2221 enim
484 2199 625 2222 manere
651 2189 688 2221 in
711 2187 868 2222 tentorio
903 2187 1006 2219 illum
1031 2187 1193 2226 sinebat,
1228 2186 1351 2231 quavis
1388 2185 1494 2217 etiam
1533 2185 1689 2220 iucunda

261 2235 497 2280 occupatione
522 2234 619 2267 illius
645 2234 918 2266 collocutionem
950 2231 1194 2266 iucundiorem
1221 2231 1352 2263 ducens
1366 2231 1390 2274 ‚)
1427 2236 1527 2263 extra
1551 2237 1689 2275 portam

262 2280 548 2313 adolescentulos
584 2280 723 2313 nobiles
760 2278 970 2312 honorarios
995 2278 1037 2312 ei
1069 2277 1218 2310 iubebat
1249 2276 1389 2309 obviam
1425 2276 1500 2319 ire;
1530 2277 1567 2310 in
1594 2279 1687 2311 atrio

262 2332 382 2364 autem
408 2327 566 2361 seniores
601 2330 637 2359 et
676 2327 738 2370 qui
766 2324 968 2357 honoribus
997 2323 1259 2368 fungebantur,
1287 2323 1363 2366 ipsc
1388 2326 1471 2366 post
1493 2324 1621 2355 atrium
1647 2324 1686 2357 in

263 2372 362 2405 aditu
392 2372 515 2406 domus
541 2383 578 2405 se
607 2371 745 2409 obviam
772 2371 887 2402 ferens
913 2369 1115 2403 salutabat:
1156 2374 1218 2401 aut
1242 2369 1347 2401 etiam
1374 2367 1418 2400 ad
1447 2369 1582 2407 locum,
1622 2368 1684 2403 ubi

263 2418 308 2451 ab
333 2429 426 2463 equo
455 2418 713 2456 descenderet,
739 2417 963 2461 procedebat.
1011 2416 1092 2447 Non
1115 2415 1231 2447 miuus
1259 2425 1337 2447 eum
1369 2414 1542 2448 Cralaena
1567 2415 1684 2448 hono-

264 2462 386 2504 rabat,
412 2466 516 2497 enixe
541 2462 779 2502 contendens,
812 2473 857 2497 ne
881 2461 968 2507 quid
992 2472 1011 2492 a
1039 2460 1166 2493 marito
1191 2461 1400 2493 vinceretur.
1453 2461 1570 2505 Atque
1597 2460 1685 2494 haec

264 2510 403 2542 tamdiu
431 2510 588 2550 fiebant,
613 2509 783 2554 quamdiu
818 2509 912 2552 apud
938 2519 995 2540 eos
1025 2507 1220 2550 imperator
1248 2507 1546 2546 commorabatur,
1595 2505 1683 2540 Cum

264 2560 381 2586 autem
424 2556 546 2599 primis
582 2555 627 2588 ab
661 2555 814 2588 adventu
848 2554 975 2587 diebus
1023 2552 1143 2596 iisque
1177 2563 1248 2585 non
1284 2554 1405 2597 paucis
1442 2551 1683 2586 Triballorum

262 2601 428 2645 princeps
465 2601 701 2646 compotando
753 2605 788 2634 et
819 2599 931 2632 amice
967 2597 1190 2644 propinando
1232 2609 1329 2631 suam
1363 2609 1443 2641 erga
1472 2597 1570 2629 illum
1597 2608 1683 2640 pro-

263 2647 471 2691 pensionem
496 2649 578 2680 satis
605 2647 839 2686 declarasset,
865 2644 1040 2690 quaesivit
1063 2643 1234 2684 taudem,
1272 2655 1342 2688 qua
1371 2643 1480 2688 gratia
1504 2643 1681 2684 venisset,

265 2697 302 2726 et
325 2692 411 2736 quid
433 2691 479 2723 ab
504 2704 540 2725 se
563 2698 710 2736 peteret.
759 2691 967 2737 Respondit,
992 2690 1167 2722 amicitiae
1193 2701 1296 2722 causa
1314 2692 1462 2729 venisse,
1501 2699 1571 2733 qua
1597 2699 1679 2722 vera

265 2744 303 2776 et
325 2738 501 2770 constanti
535 2738 628 2781 apud
664 2737 826 2771 homines
868 2742 962 2770 recte
988 2737 1182 2768 sentientes
1214 2736 1308 2769 nihil
1346 2737 1386 2768 sit
1417 2733 1679 2778 praestabilius.

264 2783 426 2826 Deinde,
462 2783 492 2816 si
518 2780 623 2819 inodo
649 2783 732 2820 velit
785 2789 821 2819 et
852 2783 985 2837 possit,
1016 2792 1145 2827 cupere
1172 2793 1208 2816 sc
1235 2782 1310 2816 cius
1344 2779 1486 2818 auxiliis
1513 2780 1558 2814 ad
1582 2781 1679 2821 redi-
