1800 3132
497 172 871 214 HISTORIARUM
899 175 971 214 111.
1001 177 1068 222 62.
1396 161 1511 233 379

80 272 365 324 γεγενημένον,
404 267 538 312 ἔννοιά
565 286 627 320 τις
654 271 782 314 αὐτὸν
823 273 952 329 εἰσῄει
969 308 980 326 ,
1018 276 1077 330 μὴ
1105 277 1240 332 μα’την
1266 278 1316 318 τά
1342 293 1386 319 τε
1426 280 1594 319 νῦνΔ.0.
1612 282 1695 326 1343

83 335 158 377 καί
182 335 234 376 ui
263 331 443 390 πρότερα
473 338 740 390 γεγενῆσθαι,
781 337 886 380 ἄλλα
920 341 1042 383 θείαν
1068 341 1160 384 τινὰ
1191 345 1372 396 δύναμιν
1398 338 1508 386 εἶναι

82 399 159 455 την
186 401 455 456 φρουροῦσαν
479 402 675 455 βασιλέα,
703 402 782 458 ὑφ’
809 396 858 458 ἧς
888 403 1117 461 σφάλλεται
1145 407 1272 456 αὐτὸς
1310 409 1510 458 τοιούτοις

85 462 266 514 ἀνοσίοις
291 463 427 519 ἔργοις
457 467 665 522 ἐγχειρῶν.
707 469 855 511 αὐτίκα
896 486 940 511 τε
975 471 1021 513 τὸ
1055 475 1175 526 βέλος
1215 471 1325 527 ἔχων
1350 474 1422 516 καί
1462 473 1508 517 τὸ

58 528 223 581 ὅτόξον,
262 535 347 578 τοῖς
384 531 588 582 βασιλέως
614 535 866 588 προσέπιπτε
902 535 1002 578 ποσὶ
1034 540 1107 579 καί
1131 537 1263 581 πάντα
1290 535 1367 581 ὅσα
1398 556 1507 592 συμ-

78 592 179 648 βαίη
217 595 394 649 διηγεῖτο
431 596 647 652 α’παρχῆς,
690 597 737 639 τὸ
767 605 1106 654 παραπεπεῖσθαι
1130 608 1303 654 πολλαῖς
1331 602 1510 658 ὑποσχέ-

79 673 173 700 σεσι
201 657 314 714 παρὰ
340 657 522 714 μεγάλου
562 660 736 717 δουκός,
774 665 814 706 εἰ
852 667 1051 722 δυνηθείη
1080 667 1266 711 α’νελεῖν·
1309 668 1356 710 τὸ
1384 672 1507 723 βέλος

84 723 142 772 ὥς
172 724 236 773 δίς
263 726 426 767 ἐκπέσοι
452 729 534 769 τῶν
570 730 749 782 χειρῶν,
794 731 868 772 καί
891 729 944 772 τὰ
973 737 1188 775 τελευταῖα
1214 735 1289 776 νῦν
1316 736 1390 790 τῆς
1415 751 1511 776 νευ-

79 791 158 842 ρᾶς
179 788 254 844 τὴν
288 790 431 846 ῥῆξιν,
476 791 527 847 ἢν
554 793 759 849 ὑποσταίη
783 799 875 837 κατ’
912 798 1059 839 ου’δένα
1088 797 1218 852 λόγον,
1263 802 1337 841 καί
1362 803 1495 843 ἐδεῖτο
1515 812 1544 844 D

33 853 322 910 ιὀσυγγνῶμης
351 856 463 907 τινὸς
499 865 664 912 τυχεῖν,
706 858 762 909 ῶς
797 858 847 902 οὗ
875 861 982 903 κατά
1010 866 1216 915 βασιλέως
1255 868 1439 918 μᾶλλον,
1483 863 1512 921 ἦ

79 917 185 961 κατὰ
211 923 315 962 θεοῦ
338 927 462 978 χεῖρα
491 917 634 966 ἄδικον
657 923 885 981 κεκινηκῶς.
929 929 971 969 εἶ
996 929 1043 970 δὲ
1070 928 1143 970 καί
1165 933 1370 984 τιμωρίας
1399 927 1512 982 ἄξιος

79 987 267 1040 κριθείη,
306 985 438 1029 πάντα
482 989 633 1042 οἴσειν,
671 986 747 1031 ὅσα
776 987 828 1032 ἂν
862 991 1060 1044 βασιλεῦς
1095 995 1412 1050 ἐπιψηφίσαιτο,
1452 997 1511 1046 ῶς

81 1050 234 1092 δίκαια.
287 1054 463 1094 τοιαῦτα
494 1055 762 1108 διηγουμένου
790 1057 865 1098 τοῦ
892 1057 1119 1113 α’νθρώπου
1137 1092 1150 1113 ,
1177 1060 1222 1101 οἳ
1245 1077 1288 1102 τε
1305 1058 1436 1103 ’ἄλλοι
1463 1064 1500 1106 οὶ
1515 1067 1634 1113 v.450

78 1115 283 1169 παρόντες
310 1116 465 1166 πολλὰς
493 1114 670 1175 ἧφίεσαν
696 1120 843 1176 φωνάς
871 1124 1216 1179 εὐχαριστηρίους
1249 1129 1336 1183 θεῷ
1362 1128 1435 1168 ἐπὶ
1456 1130 1508 1184 τῇ

30 1178 300 1238 ιςπαραδόξῳ
327 1184 404 1224 τοῦ
430 1186 635 1235 βασιλέως
661 1189 845 1246 σωτηρίᾳ
862 1201 873 1211 “
913 1191 1060 1230 πολλοὶ
1087 1192 1133 1231 δὲ
1158 1193 1230 1232 καί
1256 1194 1315 1240 εἰς
1344 1193 1507 1247 δάκρυα

77 1247 268 1301 φανερῶς
303 1246 520 1302 ε’νῆγοντο,
567 1252 626 1300 εἰς
654 1249 815 1294 ἔννοιαν
852 1251 1072 1309 ἐρχόμενοι
1108 1259 1181 1311 τῆς
1208 1258 1508 1311 δικαιοκρισίας

76 1313 151 1352 τοῦ
177 1314 295 1364 θεοῦ,
349 1312 422 1355 καὶ
458 1314 516 1364 ῶς
553 1315 678 1358 οὐδὲν
715 1320 797 1359 τῶν
832 1311 959 1361 ὄντων
999 1322 1148 1376 λέληθε
1190 1321 1266 1376 τὴν
1307 1323 1507 1378 πρόνοιαν

76 1372 224 1419 αὐτοῦ.
279 1378 352 1419 καί
366 1379 566 1432 βασιλεὺς
596 1381 726 1431 αὕτὸς
749 1382 857 1436 μετὰ
886 1389 1124 1439 στεναγμῶν
1151 1384 1350 1442 ῶμολόγει
1377 1386 1506 1445 χάρι-

78 1458 153 1490 τας
189 1442 342 1492 πολλὰς
378 1446 489 1501 θεῷ,
544 1442 612 1488 ὅτι
648 1444 754 1490 οὕτω
796 1449 1109 1505 φιλανθρώπως
1154 1450 1302 1507 ῥύεται
1342 1457 1388 1497 ἐκ
1423 1459 1505 1500 τῶν

26 1508 231 1557 αοιίδίκως
277 1508 651 1563 ἐπιβουλευόντων·
697 1512 772 1556 τὸν
810 1516 858 1557 δὲ
904 1510 1126 1571 ἄνθρωπον
1167 1520 1220 1560 ου’
1259 1522 1501 1577 συγγνώμης
1515 1534 1628 1569 Ρ.56ι

78 1572 196 1627 ἠξίου
224 1571 372 1628 μόνον,
405 1574 510 1617 ἀλλὰ
537 1578 612 1618 καί
638 1579 807 1633 δωρεῶν
837 1581 1024 1634 πολλῶν,
1061 1578 1128 1623 ὅτι
1152 1581 1213 1637 μῆ
1254 1587 1507 1639 συνέκρυπτε

76 1635 128 1684 τὰ
155 1641 233 1681 τοῦ
258 1641 362 1681 θεοῦ
384 1640 627 1697 παράδοξα,
654 1643 870 1699 φθονήσας
887 1651 971 1695 τοῖς
990 1650 1156 1696 πολλοῖς
1185 1649 1259 1702 τῆς
1285 1649 1507 1704 ὠφελείας.

186 1703 262 1759 ξβ’.
314 1704 428 1757 Δούξ
457 1708 504 1750 δὲ
531 1706 552 1750 ὁ
594 1711 724 1763 μέγας
751 1710 845 1752 ἐπεὶ
877 1708 1013 1764 μάθοι
1038 1715 1113 1755 καί
1130 1713 1303 1768 ,ταύτην
1330 1716 1507 1758 ἐσκαιω-

176 1812 227 1846 16.
238 1808 491 1859 ἄνερχόμενοι
512 1812 562 1848 Μ.
659 1827 712 1862 ¹9.
735 1815 1013 1863 φιλανθρώπου
1040 1816 1077 1851 P.

78 1910 187 1958 plane
210 1918 392 1958 raptuque
416 1914 657 1950 difficillimus.
706 1917 776 1953 Hic
798 1918 956 1963 cogitare
979 1920 1122 1964 coepit,
1158 1920 1316 1956 inaniter
1340 1933 1382 1957 se
1405 1923 1511 1958 labo-

79 1970 158 1993 rare
177 1983 189 2000 ‚
223 1959 380 1994 divinam
410 1962 593 2006 quandam
627 1974 705 1997 esse
732 1965 921 2006 virtutem,
953 1976 1047 2011 quae
1069 1967 1320 2012 imperatorem
1344 1974 1508 2004 tueretur

79 2016 247 2052 quaeque
270 2007 390 2050 ipsum
412 2012 484 2041 tam
509 2009 621 2053 impia
644 2009 838 2045 audentem
862 2014 1117 2054 frustraretur,
1141 2025 1298 2060 moxque
1322 2025 1403 2048 cum
1431 2018 1508 2051 telo

78 2058 118 2086 et
154 2062 237 2085 arcu
271 2055 348 2088 eius
378 2054 533 2098 pedibus
567 2056 778 2098 advolutus,
809 2069 884 2091 rem
915 2069 1055 2092 omnem
1091 2058 1136 2093 ab
1168 2061 1275 2094 initio
1302 2062 1510 2103 confitetur}

77 2098 201 2131 multis
241 2099 423 2143 promissis
457 2111 478 2133 a
516 2112 645 2147 magno
678 2102 769 2135 duce
804 2105 897 2137 male
921 2114 1129 2149 persuasum
1153 2116 1250 2146 esse,
1276 2112 1318 2139 ut
1341 2118 1443 2150 eum,
1474 2109 1507 2141 si

78 2148 224 2189 posset,
261 2145 501 2187 interficeret,
541 2160 614 2194 quo
651 2154 755 2193 paeto
791 2151 904 2184 telum
945 2150 1002 2184 bis
1039 2163 1147 2186 manu
1178 2152 1356 2186 exciderit
1387 2160 1426 2188 et
1460 2155 1508 2191 ad

78 2195 278 2224 extremum
303 2202 400 2226 nunc
422 2203 552 2227 nervus
576 2194 744 2240 diruptus
770 2197 837 2237 sit,
862 2198 964 2230 cuius
990 2199 1081 2232 ratio
1106 2199 1208 2232 nulla
1235 2203 1379 2243 pateat,
1401 2202 1507 2235 veni-

77 2247 208 2281 amque
244 2243 362 2280 rogat,
386 2240 681 2285 quandoquidem
707 2253 780 2275 non
804 2245 915 2288 magis
948 2245 1368 2290 contrarimperatorem,
1396 2258 1506 2292 quam

78 2289 203 2316 contra
224 2283 343 2327 ipsum
366 2286 481 2319 Deum
510 2297 636 2319 manus
659 2289 770 2333 impie
795 2289 957 2323 moverit.
1025 2292 1061 2324 Si
1087 2293 1194 2324 ctiam
1224 2292 1404 2337 supplicio
1440 2293 1505 2327 da·

77 2334 236 2368 muctar,
261 2329 417 2364 laturum
434 2332 615 2378 quidquid
648 2335 844 2378 imperator
882 2338 1053 2371 meruisse
1089 2338 1265 2371 statuerit.
1316 2339 1412 2371 Haec
1434 2339 1502 2373 illo

77 2380 259 2414 narrante,
275 2385 355 2407 cum
379 2377 442 2411 alii
467 2378 649 2414 adstantes
675 2391 738 2425 pro
764 2383 978 2426 imperatore
1002 2384 1265 2417 admirabiliter
1294 2391 1502 2419 conservato

79 2422 271 2454 immensas
311 2424 453 2456 numini
491 2426 621 2469 gratias
645 2427 823 2472 agebant,
872 2434 949 2462 tum
983 2430 1089 2463 multi
1122 2431 1229 2463 etiam
1264 2431 1302 2463 in
1340 2431 1503 2466 lacrimas

77 2466 340 2510 erumpebant,
367 2470 601 2514 recogitantes
627 2474 759 2506 iustum
785 2475 852 2508 Dei
876 2475 1051 2509 iudicium
1076 2482 1112 2509 et
1136 2487 1242 2521 quam
1267 2476 1361 2511 nihil
1390 2478 1501 2512 lateat

78 2513 241 2548 eiusdem
275 2514 559 2560 providentiam;
600 2520 677 2564 ipse
732 2531 852 2565 uoque
887 2522 1080 2566 imperator
1104 2524 1285 2566 suspirans
1311 2534 1391 2556 eum
1424 2526 1505 2558 lau-

78 2558 208 2598 dabat,
234 2559 332 2605 quod
356 2571 394 2593 se
421 2567 491 2595 tam
517 2563 670 2609 benigne
698 2577 718 2598 a
779 2567 954 2611 improbis
979 2568 1252 2602 insidiatoribus
1279 2574 1415 2603 tutatus
1440 2583 1502 2604 es-

78 2610 143 2637 set.
191 2606 379 2639 Hominem
406 2614 524 2644 autern
549 2621 621 2643 non
645 2612 748 2645 venia
774 2613 888 2645 solum
906 2638 916 2653 ,
949 2613 1012 2647 sed
1035 2614 1182 2659 insuper
1207 2615 1311 2648 donis
1337 2617 1505 2661 complu-

22 2683 29 2693 ,
77 2650 178 2684 ribus
214 2651 386 2694 donavit,
428 2656 526 2700 quod
561 2657 769 2691 admiranda
804 2659 870 2692 Dei
893 2670 1022 2704 opera,
1046 2661 1168 2694 multis
1194 2662 1390 2697 utilitatem
1418 2663 1504 2698 iude

79 2697 348 2746 percipiendam
374 2700 568 2736 invidendo
594 2714 666 2736 non
694 2705 854 2741 celasset,

170 2745 225 2785 62·
273 2744 423 2790 Magnus
447 2747 520 2782 dux
544 2754 584 2786 nt
609 2755 646 2785 et
669 2750 733 2785 has
759 2750 803 2784 ab
826 2762 864 2784 se
903 2761 1070 2796 perverse
1106 2754 1322 2799 excogitatas
1355 2755 1505 2790 insidias
