1800 3132
263 166 296 222 3
310 185 327 220 1
338 166 374 221 6
786 245 789 249 ¹
806 182 1174 225 CANTAcquM

61 284 339 339 A.c.13421r)v
367 284 527 325 ἐκείνου
556 281 737 337 σύζυγον
765 285 837 326 καί
860 282 912 326 τά
939 288 1115 341 φίλτατα
1143 284 1269 324 παντὶ
1295 285 1436 325 σθένει
1462 283 1596 331 καλῶς
1615 283 1697 336 ἐγώ

260 349 356 391 λίαν
382 349 716 403 ἑπιμεμὲλημαι,
754 347 883 407 ψήφῳ
911 353 985 392 τοῦ
1011 346 1231 390 θειοτάτου
1259 349 1466 401 βασιλέως
1494 348 1566 389 καὶ
1591 345 1698 389 πάν-

255 431 337 457 των
361 415 510 470 ἑφεξῆς
538 411 708 470 ὕστερον
735 413 810 468 τὴν
835 417 916 456 τῶν
943 417 1116 466 κοινῶν,
1161 413 1218 461 ὥς
1251 415 1323 455 καί
1348 415 1445 469 πρὶν
1472 414 1696 467 ἐγκεχειρι-ι,

255 482 403 533 σμένος
441 481 658 534 διοίκησιν.
726 481 859 529 καλῶς
894 479 1030 522 τοίνυν
1070 478 1142 520 καὶ
1173 477 1422 533 καθγεῦχὴν
1451 481 1523 520 καί
1548 479 1618 520 ἐπὶ
1643 473 1692 519 τὸ

257 546 417 598 βέλτιον
451 546 533 585 τῶν
572 542 826 599 πραγμάτων
847 543 1026 600 ἡκόντων
1055 543 1128 586 καί
1154 541 1268 598 ἥξειν
1297 540 1356 586 ἔτι
1386 543 1538 601 ῥᾳδίως
1565 532 1721 597 ἐπαγ-5

255 609 511 666 γελομένων,
545 610 603 667 τῷ
632 609 774 658 ἐξώλει
796 609 867 652 καί
893 611 1070 667 κακίστῳ
1101 609 1230 650 πάθει
1269 606 1320 664 δή
1369 625 1478 665 φημι
1505 611 1562 666 τῷ
1584 605 1696 664 φθό-

257 691 313 732 νῳ
340 677 596 730 τρωθέντες,
644 674 682 715 οἱ
713 678 894 730 μᾶλλον,
925 673 981 724 ὥς
1011 674 1184 730 εἴρηται,
1210 673 1413 723 παθόντες
1443 670 1493 715 εὖ
1519 675 1619 729 παρ’
1647 672 1695 727 ἧ-

258 743 367 794 μῶν,
411 735 469 782 ὧν
494 738 668 794 ἔξαρχος
707 740 732 781 ὅ
760 739 913 783 κάκιστ’
942 739 1222 792 ἀπολούμενος
1253 736 1306 795 ἧν
1331 738 1602 793 Ἀπόκαυκος,
1632 740 1696 780 δι’-

262 823 341 861 κην
372 801 508 862 ὄφεως
535 803 851 862 ὑπεψιθύρισαν
888 809 939 862 τῇ
965 807 1151 860 βασιλίδι
1179 807 1252 847 καί
1275 807 1349 847 τοῦ
1377 804 1512 860 ὄρθοῧ
1538 801 1695 859 ταύτην

258 873 562 914 ἐκπεπτωκέναι
588 870 922 926 παρεσκευάκασι
949 873 1106 924 κακῶς,
1151 870 1228 925 τὴν
1257 872 1385 926 αὐτῆς
1414 871 1748 924 διαστρέψαν-ῙΟ

227 947 327 985 Βτες
363 934 553 991 γνώμην·
606 936 655 977 οὕ
683 936 762 992 γὰρ
793 933 845 979 ἂν
874 936 1031 989 εἴποιμι
1058 938 1208 990 γνῶσιν
1237 939 1335 978 καθ’
1360 937 1501 990 ἡμῶν,
1538 936 1698 988 βαβαῖ,

261 1004 334 1044 καί
373 1004 503 1044 ταῦτα
541 1001 857 1053 σπουδαζόντων
897 1002 1003 1057 ὑπὲρ
1049 1004 1202 1057 ἐκείνης
1239 1000 1311 1043 καὶ
1344 1005 1421 1044 τοῦ
1448 999 1599 1049 παιδὸς
1626 999 1702 1042 καὶ

261 1069 493 1121 βασιλέως,
520 1070 592 1109 καί
617 1069 793 1123 μυρίους
821 1065 926 1123 ὖπὲρ
959 1069 1116 1123 α’μφοϊν
1148 1067 1445 1123 ὑφισταμένων
1471 1064 1697 1118 καμάτους.

260 1135 400 1186 μέντοι
421 1148 466 1186 γε
495 1131 567 1174 καί
592 1137 737 1181 κακοῖς
763 1133 1029 1188 ἐπεχείρησεν
1057 1129 1330 1185 ἀμείψασθαί
1350 1147 1428 1184 με,
1465 1133 1622 1184 μᾶλλον
1649 1131 1696 1172 δὲ

260 1197 458 1256 θανάτῳ,
495 1197 570 1240 τὸν
609 1193 690 1256 ὅσῳ
719 1201 817 1254 περί
848 1199 1007 1253 ἐκείνην
1035 1199 1107 1239 καί
1131 1197 1181 1239 τοὶ
1211 1197 1328 1238 κοινὰ
1357 1193 1519 1251 ἀγαθὸν
1546 1198 1599 1252 τῇ
1625 1183 1753 1238 τοῦῑ5

260 1266 450 1318 Χριστοῦ
491 1263 649 1318 χάριτι.
705 1263 795 1304 ἀλλ’
835 1259 903 1306 οἷα
944 1264 1039 1305 ἄνθ’
1076 1262 1174 1304 οἴων
1213 1260 1472 1315 κεκόμισμαι.
1528 1260 1699 1316 ὁπηνίκα

260 1327 338 1384 γάρ
380 1345 433 1382 με
468 1330 593 1383 ἐχρῆν
629 1330 758 1370 εἰπεῖν
783 1327 827 1370 τὸ
857 1332 932 1370 τοῦ
956 1327 1152 1381 Παύλου,
1181 1334 1364 1383 κρεῖττον
1392 1323 1445 1369 ἂν
1477 1325 1539 1381 εἴη
1568 1328 1700 1379 λέγειν

261 1393 308 1436 τὸ
345 1396 422 1435 τοῦ
465 1391 692 1435 α’ποστόλου
731 1396 804 1435 τοῦ
829 1392 1061 1450 θεηγόρου,
1110 1393 1157 1435 τὸ
1182 1392 1258 1447 τὴν
1286 1395 1424 1433 πίστιν
1462 1389 1666 1446 τετήρηκα
1686 1420 1699 1443 ,

261 1458 333 1502 τὸν
372 1458 526 1514 δρόμον
563 1461 776 1511 τετέλεκα,
823 1461 895 1500 καί
932 1459 979 1500 τὸ
1020 1457 1113 1512 ἑξῆς
1150 1460 1226 1498 τοῦ
1255 1457 1387 1513 ῥητοῦ
1412 1455 1552 1497 λοιπὸν
1591 1457 1700 1508 εἰλη-

264 1526 390 1580 φέναι
417 1521 608 1579 θαῤῥεῖν,
640 1524 722 1566 τότ’
752 1520 834 1579 ἄρα
873 1526 977 1577 ἐμοῦ
1007 1526 1084 1577 μὲν
1121 1526 1340 1578 σιγῶντος,
1390 1518 1491 1563 αὖτὸ
1529 1516 1753 1575 τοῦργον20

262 1589 362 1643 ἐβόα
406 1588 506 1637 τούς
543 1585 701 1638 ἄθλους
754 1588 826 1631 καὶ
862 1587 1022 1644 μεγάλα
1062 1589 1155 1631 ἀντὶ
1194 1585 1386 1642 μεγάλων
1424 1589 1699 1640 εἰσέπραττεν.

266 1653 305 1696 οἱ
333 1657 370 1696 δ’
400 1653 657 1710 ὄφείλοντες,
688 1650 723 1696 u'i
754 1657 828 1710 τῆς
854 1658 937 1696 τῶν
966 1653 1362 1710 συκοφαντησάντων
1389 1649 1699 1706 παραπληξίας,

223 1719 422 1775 Οέρήμην
461 1720 571 1775 ἡμᾶς
610 1722 885 1763 κατεδίκασαν
912 1720 985 1762 καί
1009 1722 1246 1774 ἐγράψαντο
1273 1717 1499 1764 πλάσαντες
1529 1719 1625 1757 καθ’
1652 1716 1702 1770 ἧ-

268 1787 373 1840 μῶν,
400 1783 423 1827 ὃ
451 1784 554 1842 πρὸς
581 1787 736 1841 βουλῆς
762 1785 835 1828 καί
858 1788 1031 1841 μελέτης
1062 1786 1162 1841 ἡμῖν
1190 1786 1264 1826 οὐκ
1294 1779 1368 1838 ἦν,
1397 1777 1512 1824 οὗτοι
1542 1780 1601 1836 μὰ
1631 1779 1702 1822 τὸν

364 1907 396 1940 9.
423 1894 718 1940 ὑπεψηθύρισαν
735 1893 768 1928 Ρ.
796 1900 833 1929 et
856 1894 904 1927 M.
1010 1906 1047 1939 17
1086 1892 1244 1927 Παύλου
1270 1910 1309 1918 -
1335 1889 1522 1937 θεηγόρου
1545 1888 1625 1922 add.
1649 1889 1698 1923 M.

273 1982 348 2012 tam
374 1976 523 2011 minime
546 1976 691 2010 vitalem
713 1976 804 2010 mihi
831 1976 1000 2021 reliquit,
1025 1981 1066 2009 ut
1090 1977 1167 2009 eius
1193 1974 1325 2008 coniux
1348 1976 1386 2006 et
1406 1972 1514 2006 liberi
1538 1974 1700 2006 viverent

272 2030 383 2070 atque
407 2024 643 2068 imperarent,
676 2025 772 2056 omni
798 2033 882 2056 cura
903 2029 940 2056 et
964 2034 1032 2068 ope
1058 2021 1260 2061 elaboravi,
1295 2019 1509 2053 auctoritate
1535 2019 1699 2052 sacratis-

274 2071 358 2104 simi
394 2070 620 2114 imperatoris
661 2074 699 2101 et
732 2069 890 2103 omnium
931 2068 1121 2113 deinceps,
1156 2077 1315 2107 rursum,
1354 2071 1394 2098 ut
1437 2071 1539 2105 ante,
1579 2077 1698 2099 rerum

274 2127 435 2151 summae
460 2116 764 2150 administrandae
791 2116 1028 2160 praeposituS.
1064 2117 1157 2149 Cum
1184 2114 1302 2146 omnia
1325 2112 1421 2145 belle
1446 2118 1484 2145 et
1505 2111 1551 2144 ad
1573 2118 1698 2146 votum

274 2164 547 2208 rectissimeque
587 2162 844 2206 procederent,
889 2167 926 2194 et
963 2162 1014 2195 ita
1049 2171 1253 2205 processura
1284 2170 1363 2203 spes
1397 2157 1492 2193 bona
1533 2158 1700 2201 daretur,

275 2210 418 2242 exitiali
451 2215 489 2242 et
520 2210 672 2253 pessimo
707 2220 791 2242 sane
817 2207 941 2241 morbo
962 2233 972 2248 ,
1014 2207 1172 2247 invidia,
1206 2205 1370 2250 inquam,
1396 2206 1574 2250 correpti,
1603 2216 1695 2250 quos

274 2267 362 2301 prae
388 2256 467 2288 aliis
493 2255 731 2288 beneficentia
756 2260 875 2288 nostra
905 2254 1165 2292 extuleramus,
1191 2252 1283 2284 duce
1306 2256 1342 2284 et
1360 2257 1511 2291 *auctore
1533 2252 1695 2296 Apocau-

275 2302 343 2335 cho
377 2301 640 2346 perditissimo,
673 2303 735 2347 qui
771 2302 950 2345 serpentis
990 2300 1100 2332 instar
1139 2297 1361 2342 imperatrici
1410 2298 1695 2339 insibilabat‚-a

277 2354 377 2381 recto
405 2349 547 2381 tramite
573 2358 650 2380 eam
674 2349 905 2381 detorserunt
930 2352 967 2380 et
989 2347 1209 2380 voluntatem
1237 2345 1316 2376 eius
1342 2348 1430 2388 (non
1456 2346 1551 2377 enim
1577 2344 1693 2377 dicam

278 2394 570 2439 intelligentiam)
607 2405 689 2438 erga
718 2405 807 2434 1108,
838 2394 1004 2427 mirabile
1036 2392 1133 2425 dictu
1151 2415 1164 2431 ,
1187 2396 1451 2435 perverterunt:
1476 2390 1585 2436 idque
1613 2401 1694 2423 cum

275 2452 342 2485 pro
366 2440 443 2485 ipso
468 2446 504 2474 et
531 2442 606 2473 eius
632 2441 706 2472 filio
732 2441 937 2486 imperatori
961 2444 1098 2472 tantum
1125 2438 1420 2471 contenderemus
1449 2442 1487 2470 et
1509 2442 1695 2470 sexcentos

277 2498 342 2531 pro
374 2486 548 2520 ambobus
586 2486 726 2519 labores
759 2487 1006 2519 hauriremus:
1044 2483 1164 2518 nihilo
1199 2485 1317 2515 minus
1352 2484 1480 2523 malis,
1503 2484 1560 2516 vel
1579 2489 1695 2517 morte

277 2534 421 2576 potius,
442 2544 498 2565 me
526 2533 667 2566 Christo
694 2533 862 2573 favente,
889 2532 938 2565 de·
957 2533 1033 2574 ipsa
1060 2536 1096 2563 et
1128 2532 1308 2562 communi
1333 2535 1404 2562 tam
1432 2529 1524 2562 bene
1548 2540 1696 2563 meren-

277 2583 369 2617 tem,
405 2589 628 2612 remunerare
662 2585 789 2612 conata
830 2582 895 2612 est.
959 2577 1048 2610 Hem
1087 2577 1210 2622 qualia
1244 2587 1308 2619 pro
1342 2575 1511 2620 qualibus
1548 2576 1698 2620 recepi?

280 2623 436 2667 Quando
462 2625 558 2657 enim
591 2636 647 2658 me
679 2625 772 2658 illud
795 2623 912 2663 Pauli,
945 2622 1058 2656 divini
1091 2622 1268 2665 apostoli,
1298 2621 1418 2655 dicere
1450 2623 1692 2656 convenisset:

277 2670 405 2704 Fidem
428 2672 585 2711 servavi,
614 2682 754 2704 cursum
779 2670 1020 2704 consummavi
1039 2675 1076 2701 et
1099 2668 1279 2702 confidere
1295 2694 1304 2710 ,
1331 2668 1429 2714 quod
1451 2669 1490 2701 in
1514 2669 1694 2702 sententia

279 2716 465 2761 sequitur,
490 2728 546 2749 me
575 2722 803 2762 accepturum
821 2720 926 2764 (tunc
956 2714 1135 2759 siquidem
1162 2726 1217 2747 me
1243 2720 1385 2748 tacente
1413 2725 1467 2747 res
1501 2716 1578 2760 ipsu
1616 2724 1694 2747 cer-

278 2762 412 2798 tamina
433 2773 511 2797 mea
535 2763 799 2809 proclamabat,
826 2768 862 2797 et
884 2773 948 2807 pro
974 2762 1109 2807 magnis
1138 2772 1262 2806 magua
1289 2761 1512 2807 reposcebat)
1537 2760 1600 2807 qui
1623 2770 1695 2795 no-
