1800 3132
528 179 905 223 HlsTomARUM
944 181 1019 220 111.
1063 181 1133 224 53.
1428 158 1462 214 3
1478 177 1492 212 ι
1508 178 1537 231 7

101 287 174 327 καί
212 281 435 339 λογισμούς
471 283 655 336 καρδιῶν
694 281 878 336 ἀκριβῶς
916 278 1204 332 ἐπιστάμενον.
1275 277 1383 322 cina*
1434 274 1739 327 rav-A.c.1342

100 367 154 392 τα
182 352 260 403 μὲν
286 351 346 397 εἰς
373 346 510 404 ἕτερόν
535 363 609 400 μοι
634 345 918 392 τεταμιεὺσθω
944 343 1118 400 καιρὸν,
1162 346 1283 400 ἡνίκα
1312 344 1386 386 καί
1411 343 1546 401 φανή-

101 432 221 458 σεται
256 415 435 469 τάληθὲς
475 415 612 462 καλαῖς
649 414 753 453 θεοῦ
793 408 992 460 διδόντος.
1048 413 1125 451 νῦν
1154 411 1194 451 δ’
1220 410 1278 459 ὥς
1303 409 1362 465 μὴ
1391 412 1445 467 τῇ
1469 410 1546 452 rofi

103 480 223 535 λόγου
253 478 366 536 ῥύμῃ
397 481 717 533 συνισχημένοι,
750 477 976 518 κάντεῦθεν
1004 481 1095 523 ταῖς
1126 473 1341 524 τοιαύταις
1369 476 1546 530 ἐμφιλο-

46 534 259 600 ’ὅχωρεῖν
290 544 543 587 ὑποθέσεσιν
568 545 822 597 ἐπειγόμενοι
836 575 848 594 ,
880 535 1030 582 ἄτοπόν
1049 556 1091 581 τι
1110 547 1240 582 ποιεῖν
1257 539 1548 596 ὑποληφθείη-

99 627 202 665 μεν,
241 616 407 665 μικροῖς
443 606 579 664 λόγοις
617 607 670 650 τὰ
705 607 763 662 μὴ
801 604 931 661 μικροὶ
968 604 1543 660 παραδοῦναικπειρώμενοι,

100 679 208 720 ἰτέον
249 673 356 718 εὖθῦ
395 676 473 718 τοῦ
508 675 793 731 προκειμένου.
850 669 995 724 ἐπειδή
1033 687 1133 712 ποτε
1157 673 1365 728 βασκανίᾳ
1393 673 1544 724 δαιμο-

98 757 195 795 νος,
225 741 283 790 ὥς
311 742 554 796 διείληπται,
582 741 680 781 καθ’
707 739 825 795 ἡμῶν
853 738 1053 791 μανέντες
1087 736 1164 777 οὔκ
1191 735 1335 778 ἔνδικα
1367 733 1442 786 οὓς
1471 735 1544 778 διὰ

99 805 258 863 χρόνου
302 807 469 861 μακροῦ
510 808 661 862 φίλους
699 802 1044 858 συνεστησάμεθα
1082 803 1158 843 καί
1196 800 1420 851 κοινωνούς
1445 801 1546 857 ἡμῖν

50 871 392 928 Ιοέποιησάμεθα
421 874 494 926 τῆς
523 870 767 927 ειῖπραγίας,
797 866 1086 923 ε’σκαιώρησαν
1113 866 1166 908 τὰ
1195 866 1435 920 δεινότατα,
1473 865 1550 908 καὶ

97 935 150 993 ἢν
189 936 476 992 ἐπορευόμεθα
513 935 595 979 συν
627 937 714 993 θεῷ’
753 932 925 990 πορείαν
948 932 1102 988 -όρθὴν
1134 948 1179 974 τε
1224 932 1296 974 καὶ
1321 934 1380 991 τῷ
1406 934 1529 989 κοινῷ
1539 936 1574 970 D

98 1003 391 1046 συντείνουσαν
428 1002 549 1043 κακοὶ
584 1004 721 1050 κακῶς
756 995 1068 1054 διαβεβληκότες
1095 1014 1140 1040 τε
1169 997 1243 1040 καὶ
1267 1013 1545 1052 κεκακουργη-

98 1068 213 1117 κότες
257 1068 494 1110 παντάπασι
529 1066 874 1123 προτεθύμηνται
914 1063 988 1106 καί
1033 1064 1392 1118 ἐπικεχειρήκασιν
1432 1061 1545 1118 ἡμᾶς

102 1131 248 1175 ὀλέσαι
285 1131 367 1175 σὺν
401 1138 488 1182 τοῖς
516 1132 811 1187 ὑπολειφθεῖσι
839 1133 1006 1186 φίλοις,
1046 1131 1124 1170 τοῦ
1153 1130 1344 1171 κινδύνου
1373 1129 1476 1177 τέως
1501 1129 1547 1169 ἐ-

49 1201 311 1255 ι5φεστῶτος
349 1198 473 1254 ἡμῖν,
517 1196 569 1239 τὰ
608 1196 712 1253 πρὸς
759 1197 970 1251 σωτηρίαν
1013 1190 1173 1250 ἀθρόον
1206 1192 1547 1248 βεβουλεύμεθα·

96 1261 219 1307 οὐδὲν
261 1258 381 1319 ἧττον
421 1263 492 1306 ἐπὶ
529 1264 614 1319 θεῷ
648 1265 836 1318 μα’ρτυρι
885 1258 1136 1317 πεφρικότες
1183 1261 1256 1302 καί
1302 1260 1548 1301 συνδιασκε-

96 1327 279 1383 ψάμενοι
295 1362 308 1383 ,
348 1329 421 1371 καί
444 1328 507 1371 ἔτι
536 1329 847 1385 φροντίζοντες,
889 1325 961 1368 καί
995 1328 1085 1375 πῶς
1113 1321 1165 1367 ἂν
1191 1327 1340 1366 ἐκεῖνοι
1366 1327 1544 1366 ‹rm-‘hta

98 1393 138 1436 οἱ
175 1393 502 1449 καταπροδόντες
547 1391 681 1449 ἡμᾶς,
711 1395 783 1435 καί
806 1393 876 1435 ἵνα
903 1390 956 1433 τὰ
987 1392 1033 1433 ἐν
1058 1392 1174 1448 μέσῳ
1197 1386 1370 1432 πλεῖστά
1396 1404 1443 1444 γε
1471 1384 1544 1430 ὅν-

97 1477 151 1500 τα
188 1459 260 1500 καί
283 1457 405 1514 κόρον
433 1458 515 1501 «ὅσι’
539 1461 774 1514 παρέχοντα
796 1459 934 1511 παρῶ,
964 1454 1128 1498 πάντων
1157 1453 1311 1509 σχεδὸν
1339 1456 1384 1497 ἒν
1411 1451 1550 1509 α’νιὶγέ

47 1541 152 1582 κοκῃ
181 1525 253 1566 καί
292 1526 424 1580 καιρῷ
463 1523 650 1565 κίνδυνον
679 1524 915 1564 ἀπειλοῦντι
946 1522 1180 1577 διαφόρως,
1210 1518 1470 1562 ἀπειπόντων
1495 1534 1544 1561 τε

103 1590 180 1631 καί
207 1587 567 1631 καταλελοιπότων
592 1604 648 1641 με
678 1589 836 1644 φίλων,
880 1587 1088 1640 συγγενῶν
1113 1587 1292 1639 γνησίων
1321 1584 1394 1626 καί
1416 1588 1582 1640 θερα-Ρ.
1601 1594 1671 1630 525

101 1655 278 1708 πόντων,
324 1653 456 1697 ταῦτα
483 1668 558 1708 μοι
584 1652 743 1703 τούτοις
770 1650 1018 1709 ὀφειλόντων
1027 1684 1041 1704 ,
1062 1653 1222 1704 μᾶλλον
1245 1653 1285 1692 δ’
1312 1651 1442 1693 εἰπεῖν
1469 1649 1678 1703 nativ-422

103 1799 161 1832 bis
195 1797 381 1832 debebant
416 1798 452 1843 (o
487 1795 788 1842 sycophantarum
830 1794 1028 1841 vesaniam)
1062 1805 1128 1829 nos
1153 1797 1382 1835 accusantes,
1404 1793 1545 1828 indicta

105 1856 213 1878 causa
239 1845 478 1884 damnarunt,
504 1843 693 1876 adversum
718 1853 784 1875 nos
812 1842 1147 1882 comminiscentes,
1180 1841 1280 1887 quod
1314 1842 1353 1874 in
1383 1847 1545 1875 mentem

103 1892 211 1925 nobis
249 1902 436 1936 nunquam
470 1894 639 1923 venerat:
674 1890 726 1922 ita
764 1900 829 1921 nos
863 1895 982 1928 amet,
1017 1889 1082 1932 qui
1106 1888 1270 1921 cordium
1306 1888 1544 1932 cogitationes

100 1937 271 1983 perfecte
300 1938 492 1982 cognoscit,
539 1936 670 1969 Verum
700 1934 790 1968 haec
822 1935 862 1968 in
887 1934 988 1967 aliud
1012 1940 1154 1978 tempus
1181 1933 1371 1974 differam,
1394 1934 1543 1979 quando

102 1985 225 2018 divino
262 1994 412 2017 munere
449 1983 582 2017 veritas
622 1985 716 2015 clare
742 1980 943 2025 apparebit.
995 1981 1098 2014 Nune
1122 1991 1169 2014 ne
1194 1981 1333 2024 impetu
1362 1981 1540 2014 orationis

107 2031 272 2075 abrepti,
310 2031 349 2063 in
372 2030 442 2063 boc
466 2033 677 2075 argumento
714 2038 881 2072 cogamur
915 2027 1117 2067 immorari,
1157 2037 1199 2059 ac
1231 2025 1386 2070 proinde
1419 2027 1538 2071 inepti

103 2076 375 2116 existimemur,
410 2077 496 2109 dum
531 2085 640 2120 parvo
677 2084 842 2107 sermone
878 2073 977 2106 haud
1012 2083 1119 2117 parva
1156 2072 1350 2118 complecti
1371 2073 1539 2114 nitimur,

103 2129 212 2156 recta‘
238 2121 284 2154 ad
317 2124 544 2169 propositum
587 2119 867 2166 aggrediendum
906 2125 971 2153 est.
1020 2120 1214 2164 Postquam
1247 2119 1358 2163 igitur
1402 2119 1541 2153 invidia

104 2169 313 2208 daemonis,
343 2174 384 2201 ut
420 2169 637 2213 explicatum
679 2173 755 2207 est,
789 2171 917 2199 contra
957 2176 1023 2198 nos
1061 2166 1188 2210 inique
1225 2165 1414 2205 furentes,
1449 2177 1542 2210 quos

102 2215 211 2259 longo
247 2221 408 2259 tempore
444 2214 550 2248 nobis
584 2214 857 2247 devinxeramus
887 2212 1148 2256 felicitatisque
1177 2216 1321 2245 nostrae
1344 2211 1541 2256 participes

102 2262 321 2300 feceramus,
348 2260 539 2294 horribilia
563 2261 603 2292 in
627 2270 693 2293 nos
719 2269 883 2304 perverse
908 2258 1027 2291 moliti
1053 2263 1156 2298 sunt,
1196 2258 1406 2304 directaque
1432 2263 1470 2291 et
1492 2257 1540 2291 ad

104 2317 293 2340 commune
318 2306 453 2339 bonum
479 2306 685 2351 pertinente
707 2305 777 2345 via,
809 2305 884 2338 Deo
909 2305 1118 2344 adiuvante,
1147 2304 1356 2338 incedentes
1381 2302 1541 2349 improbi

104 2353 269 2399 improbe
299 2353 522 2386 criminando
555 2351 892 2396 malefaciendoque
923 2363 1004 2384 cum
1032 2351 1226 2383 amicorum
1249 2350 1415 2395 reliquiis
1448 2350 1536 2383 fun-

104 2400 202 2434 ditus
227 2398 377 2444 perdere
398 2397 615 2432 studuerunt
637 2409 677 2430 ac
702 2402 952 2437 tentaverunt,
977 2398 1115 2430 interea
1139 2407 1205 2430 nos
1231 2401 1380 2440 urgente
1407 2395 1537 2430 discri-

101 2448 202 2480 mine
227 2447 438 2489 srequenter
469 2445 514 2478 de
537 2445 653 2477 salute
682 2445 982 2477 consultavimus:
1013 2443 1132 2476 nihilo
1157 2444 1275 2475 minus
1309 2453 1430 2476 coram
1457 2443 1535 2475 Deo

104 2498 302 2526 trementes
338 2496 376 2524 et
415 2490 571 2524 sollicite
595 2489 891 2531 considerantes,
929 2500 1001 2534 quo
1027 2489 1135 2523 modo
1162 2489 1250 2522 salvi
1275 2499 1352 2523 esse
1375 2494 1538 2533 possent,

105 2539 171 2583 qui
206 2549 272 2571 nos
310 2536 563 2580 prodidissent.
618 2537 738 2581 Atque
776 2541 817 2568 nt
843 2536 980 2575 multa,
1016 2546 1110 2580 quae
1145 2540 1230 2568 sunt
1262 2536 1300 2568 in
1324 2535 1469 2575 medio,
1490 2534 1537 2568 ad

104 2584 309 2627 fugiendam
337 2584 539 2616 satietatem
564 2582 711 2623 sileam,
735 2574 944 2615 cum”amici
969 2580 1081 2614 ferme
1102 2591 1225 2614 omnes
1249 2582 1287 2614 in
1313 2582 1410 2615 duris
1435 2582 1536 2626 peri-

105 2631 311 2675 culosisque
349 2628 572 2673 temporibus
606 2628 694 2661 meis
732 2628 796 2660 alii
821 2628 892 2660 alia
918 2627 962 2660 de
985 2637 1089 2660 causa
1115 2627 1260 2661 mutatis
1284 2627 1534 2661 voluntatibus

103 2688 162 2710 me
187 2677 366 2710 desertum
393 2675 564 2714 ivissent,
590 2675 735 2720 ipsique
764 2675 906 2719 cognati
930 2685 970 2707 ac
1001 2674 1178 2714 ministri,
1211 2685 1284 2719 quo
1316 2674 1441 2708 eadem
1476 2675 1535 2707 vel

103 2723 209 2766 plura
231 2724 351 2767 potius
377 2720 491 2754 officia
519 2720 842 2762 mihidebcbant,
880 2721 918 2752 in
947 2719 1125 2753 sexcentis
1155 2730 1212 2753 me
1251 2719 1536 2760 discriminibus,

104 2779 234 2802 arcano
257 2768 328 2802 Dei
352 2766 490 2801 iudicio
518 2766 792 2808 destituissent,
819 2767 933 2811 ipsam
959 2771 996 2800 et
1019 2765 1130 2799 solam
1155 2766 1224 2800 Dei
1251 2765 1432 2800 dexteram
1459 2777 1534 2799 ma-
