1820 3152
505 171 883 216 HJSTomARUM
923 176 995 215 111.
1021 180 1092 225 91.
1165 219 1177 231 ,
1441 154 1548 212 563

110 269 269 323 ἐδέχθη
312 268 454 321 μέντοι
491 270 607 326 παρὰ
636 273 854 324 βασιλίδος
878 273 1062 326 μάλιστα
1089 272 1223 330 ἡδέως
1260 271 1334 316 καὶ
1370 275 1454 315 τῶν
1471 290 1546 314 κα·
1559 286 1640 322 ΑΒ,
1659 286 1749 332 1346

109 333 162 377 τὰ
192 332 360 391 Θρᾴκην
388 332 550 377 πόλεων
567 369 579 386 ,
604 338 654 379 αἳ
676 336 875 395 Βατάτζῃ
904 341 1242 395 συναπέστησαν,
1282 335 1428 395 ἅρχων
1453 341 1555 382 ἀπε-

114 402 282 455 δείχθη.
334 398 442 453 μετὰ
471 399 624 456 μικρὸν
652 403 699 444 δὲ
727 404 943 458 φωραθείς
972 407 1044 447 καί
1073 405 1438 462 Παρασπόνδυλος
1463 407 1556 448 ἐπι-

112 466 327 519 βουλεύων
363 468 557 518 βασιλεῖ,
604 466 883 524 ἀπεδίδρασκε
922 469 1028 524 πρὸς
1065 472 1293 525 βασιλίδα,
1336 472 1410 512 καί
1437 471 1475 514 οἱ
1503 470 1564 514 τὰ

85 531 317 585 5βασιλέως
342 528 460 573 ἔνδον
487 529 767 587 πράσσοντες,
795 535 1054 591 μηνυθείσης
1084 539 1159 591 τῆς
1187 538 1412 591 ἐπιβουλῆς
1429 568 1442 590 ,
1473 537 1558 579 δεί-

108 612 257 645 σαντες
294 595 367 639 καὶ
409 598 533 640 αὖτοί
563 598 869 655 ἀπεδίδρασκον
896 600 1000 657 πρὸς
1025 604 1226 655 βασιλέα.
1278 602 1477 656 βασιλευς
1509 604 1557 645 δὲ

108 660 204 704 ἐπεὶ
228 658 255 717 ἥ
283 677 329 703 τε
357 660 476 705 ἔνδον
502 663 727 722 πεφώρατο
755 667 930 721 ἐργασία
947 701 960 720 ,
1006 667 1079 709 καί
1109 667 1227 722 ε’κτός
1255 670 1377 710 ου’δὲν
1399 664 1474 723 ἦν,
1504 664 1531 709 δ’
1542 701 1555 722 ,

109 743 152 769 τι
181 727 359 782 λυπήσει
386 731 671 785 Βυζαντίους,
701 731 968 787 ἀνεζεύγνυεν
993 733 1052 784 εἷς
1080 736 1364 789 Σηλυμβρίαν.
1413 737 1584 779 ἐκεῖσε-’Β

110 794 159 836 δὲ
185 795 613 849 παρασκευασάμενος
631 798 717 839 ’καί
753 798 1023 853 στρατιώτας,
1041 803 1308 855 τριακοσίους
1324 798 1433 854 ἔχων
1461 801 1554 842 ἐπι-

60 860 306 912 ιολέκτους,
335 860 480 910 νυκτὸς
508 858 661 918 ἀφῖκτο
692 862 798 919 πρὸς
817 864 976 920 Ἱερὸν,
1003 865 1081 921 τὴν
1109 865 1215 908 κατὰ
1242 863 1287 908 τὸ
1322 864 1453 919 στόμα
1478 868 1553 908 τοῦ

110 921 285 967 Πόντου
313 929 503 982 κειμένην
519 927 668 983 πόλιν,
686 927 942 984 ἐπαγόμενος
968 933 1041 974 καί
1066 933 1281 985 κλίμακας.
1319 934 1404 974 τῶν
1435 930 1551 974 ἔνδον

106 992 250 1044 μέντοι
293 987 433 1041 οὖδείς
479 996 758 1051 συνέπραττεν
786 996 958 1051 αὐτοῖς,
990 996 1097 1039 ἀλλὰ
1127 1001 1223 1039 καθ’
1245 996 1424 1048 ἑαυτοὺς
1453 999 1551 1040 ἒπε-

103 1058 283 1112 Αχείρουν
323 1056 401 1112 τήν
437 1055 595 1102 ἅλωσιν
634 1063 707 1115 τῆς
733 1059 905 1111 πόλεως.
962 1062 1166 1112 λαθόντες
1194 1065 1241 1106 δὲ
1267 1062 1367 1114 τοὺς
1401 1063 1551 1118 ἔνδον,

107 1120 184 1171 τάς
218 1137 262 1164 τε
299 1126 504 1176 κλιμακας
542 1124 819 1182 προσήρειδον
857 1133 942 1177 τοῖς
976 1131 1130 1182 τείχεσι
1181 1131 1255 1171 καί
1281 1129 1420 1172 αὐτῶν
1458 1131 1554 1191 ’ἀνέ-

59 1189 256 1241 ιόβαινον
283 1189 360 1229 ου’κ
387 1189 536 1243 σ’λίγοι.
593 1190 687 1233 ἐπεὶ
713 1194 759 1233 δὲ
789 1191 908 1235 ἔνδον
934 1188 1065 1249 ἦσαν,
1102 1194 1177 1249 τήν
1196 1196 1327 1250 ,νίκην
1361 1197 1554 1252 διέφθει-

108 1269 188 1309 ραν
214 1252 289 1295 ὕπ’
310 1250 525 1308 ἀβουλίας.
579 1251 677 1299 οὔτε
703 1256 784 1314 γὰρ
814 1260 1036 1315 ἐφίσταντο
1063 1266 1147 1309 τοῖς
1177 1263 1382 1314 τείχεσιν,
1407 1256 1555 1303 ἄδειαν

107 1319 388 1373 παρεχόμενοι
420 1323 494 1363 καί
516 1328 602 1372 τοῖς
633 1318 776 1373 ἄλλοις
795 1324 1059 1379 ἀναβαίνειν,
1090 1321 1175 1367 οὔτ’
1192 1327 1287 1368 ἐπεὶ
1311 1329 1594 1380 κατέβαινονο

107 1383 227 1427 ἔνδον
254 1384 336 1426 ἀπὸ
365 1388 449 1428 τῶν
475 1389 652 1441 τειχῶν,
685 1389 968 1444 διανοιγνόναι
999 1390 1078 1440 τὰς
1106 1390 1241 1441 πύλας
1259 1391 1334 1433 καί
1364 1398 1453 1441 τοῖς
1480 1388 1555 1433 ἅλ-

110 1454 198 1499 λοις
223 1450 501 1505 στρατιώταις
532 1452 675 1495 ἔθεντο
705 1453 776 1495 διὰ
806 1457 992 1510 σπουδῆς
1010 1488 1022 1509 ,
1056 1454 1170 1510 ἀλλὰ,
1192 1455 1357 1508 πάντων
1382 1460 1464 1499 τῶν
1486 1459 1554 1498 δε-

55 1515 243 1559 2οόντων
271 1514 550 1572 ἀμελήσαντες
580 1519 801 1575 ἐτρέποντο
831 1521 900 1576 ἐφ’
920 1518 1137 1575 ἁρπαγάς,
1171 1521 1354 1575 οἰόμενοι
1371 1525 1554 1576 βεβαίως

112 1575 193 1637 ἤδη
213 1579 290 1636 τὴν
317 1580 594 1637 πόλιν,ἔχειν.
644 1582 683 1626 οἱ
709 1581 828 1627 ἔνδον
856 1587 915 1638 δὲ,
947 1587 1042 1628 ἐπεί
1066 1587 1297 1643 ᾐσθάνοντο
1326 1588 1425 1637 τούς
1452 1604 1554 1644 πορ-

106 1649 292 1696 θοῦντας
316 1647 480 1702 ὀλίγους
511 1645 653 1703 ὄντας,
697 1647 903 1705 ἦμύνοντο
940 1647 1313 1707 ἀναθαρσήσαντες
1346 1653 1422 1695 καὶ
1450 1655 1555 1696 ἀνα-

107 1709 258 1766 βάντες
285 1712 358 1754 έπί
375 1715 460 1755 τῶν
491 1718 667 1769 τειχῶν,
702 1715 776 1765 τάς
804 1733 850 1758 τε
879 1718 1082 1770 κλίμακας
1111 1716 1435 1769 ἀπεσκευάζοντο
1455 1736 1555 1762 συν-

107 1780 315 1831 θλῶντες,
359 1782 527 1830 πλείους
565 1797 612 1823 τε
649 1781 802 1836 ὀλίγοις
838 1780 1022 1833 ἐπιόντες
1077 1785 1152 1826 καί
1195 1783 1393 1842 ἐγχώριοι
1447 1785 1553 1843 πρὸς

203 1864 235 1898 5.
262 1862 459 1905 δεήσαντες
480 1865 517 1901 Ρ.
612 1879 670 1903 22.
696 1865 850 1913 ὀλίγους
878 1867 989 1906 ὄντας
1012 1868 1094 1903 add.
1118 1869 1168 1902 Μ.

110 1937 178 1972 per
209 1925 282 1959 sibi
326 1926 508 1968 defuisse,
551 1929 768 1973 imperatore
810 1940 885 1963 non
925 1941 1027 1964 secus
1060 1929 1132 1964 sibi
1167 1935 1341 1973 cavente,
1376 1942 1483 1978 quam
1521 1932 1554 1965 si

110 1973 266 2017 cogitata
300 1975 379 2008 eius
413 1975 652 2019 perspiceret:
694 1981 738 2010 et
772 1978 965 2018 metuisse,
1003 1987 1050 2011 ne
1084 1977 1331 2022 deprehensus
1376 1979 1552 2023 sanguine

108 2030 245 2065 poenas
269 2019 381 2054 daret.
431 2023 588 2066 Augusta
613 2023 717 2055 illum
742 2024 974 2069 cupidissime
1000 2026 1169 2068 suscepit,
1190 2024 1411 2069 urbiumque
1435 2025 1554 2058 Thra-

111 2067 212 2107 ciae,
238 2077 331 2111 quae
360 2077 439 2100 cum
467 2069 611 2101 Batatze
637 2068 682 2102 ab
715 2071 931 2114 imperatore
958 2070 1206 2112 desciverant,
1236 2071 1459 2116 praefectum
1489 2072 1555 2105 de·-

111 2113 270 2146 claravit.
325 2113 409 2147 Non
440 2116 594 2148 multum
636 2116 842 2150 intercessit
881 2119 1060 2162 spatium,
1097 2128 1177 2151 cum
1203 2123 1240 2151 et
1265 2117 1558 2163 Paraspondylus⁴

110 2158 325 2193 insidiarum
357 2160 397 2194 in
435 2161 689 2206 imperatorem
725 2169 949 2208 compertus,
985 2165 1031 2198 ad
1056 2165 1320 2209 imperatricem
1350 2164 1555 2210 transfugit.

112 2205 189 2250 Qui
212 2216 295 2239 vero
320 2206 415 2240 intra
444 2210 588 2241 moenia
616 2215 738 2251 erant,
760 2210 806 2243 ab
833 2211 1050 2256 imperatore
1082 2216 1240 2252 stantes,
1269 2212 1421 2245 detectis
1449 2213 1556 2244 vicis-

111 2253 182 2287 sim
218 2263 342 2286 eorum
378 2253 572 2297 machinis,
599 2257 754 2301 perculsi
781 2257 827 2290 ad
852 2268 933 2290 eum
960 2257 1215 2303 confugerant:
1239 2260 1304 2304 qui
1330 2258 1432 2303 quod
1455 2259 1554 2292 intus

110 2298 306 2344 parabatur
330 2299 540 2343 intellecto,
573 2304 660 2349 quia
696 2304 805 2344 foris,
843 2304 940 2338 unde
976 2305 1152 2347 Byzantiis
1184 2315 1290 2350 aegre
1325 2310 1438 2346 esset,
1474 2306 1554 2338 fieri

112 2345 210 2380 nihil
236 2350 396 2391 poterat,
421 2348 620 2392 Selybriam
648 2355 702 2383 est
730 2361 902 2384 reversus.
949 2351 1030 2384 lllic
1053 2351 1247 2384 instructus
1273 2362 1353 2385 cum
1380 2353 1554 2385 trecentis

113 2392 278 2433 selectis,
324 2398 362 2426 et
394 2395 498 2428 scalis
543 2401 654 2430 noctu
689 2397 839 2431 Hierum
871 2397 918 2430 ad
953 2398 1058 2431 Ponti
1083 2397 1206 2430 fauces
1235 2399 1343 2431 situm
1368 2400 1555 2443 pervenit:

116 2439 456 2485 oppidanorumque
480 2441 676 2476 adiuvante
699 2444 859 2486 nemine,
883 2455 949 2489 per
972 2455 1009 2478 se
1034 2443 1159 2477 urbem
1188 2456 1315 2489 capere
1339 2445 1555 2490 aggrediun-

114 2490 192 2519 tur:
227 2495 268 2518 ac
307 2487 462 2521 latenter
497 2490 601 2524 scalis
639 2489 684 2523 ad
708 2501 828 2524 muros
862 2491 1045 2536 applicitis
1096 2502 1171 2524 non
1207 2493 1315 2536 pauci
1341 2491 1552 2524 ascendunt.

114 2531 221 2566 Intus
259 2532 329 2564 iam
364 2543 444 2566 cum
479 2542 609 2578 essent,
656 2537 844 2570 victoriam
870 2538 981 2571 stulte
1006 2537 1254 2582 perdiderunt.
1303 2538 1431 2585 Neque
1457 2538 1555 2571 enim

115 2578 156 2611 in
184 2578 375 2612 moenibus
413 2582 587 2626 tantisper
611 2584 876 2624 consistebant,
913 2583 997 2617 dum
1024 2590 1061 2617 et
1087 2585 1150 2617 alii
1180 2589 1260 2618 tuto
1283 2584 1546 2618 ascendissent:

115 2634 237 2670 neque
262 2637 342 2658 cum
370 2626 409 2659 in
433 2628 606 2672 oppidum
631 2629 920 2671 descendissent,
947 2636 1069 2675 portas
1095 2632 1203 2665 sociis
1226 2642 1384 2665 reserare
1410 2632 1558 2665 labora-

116 2669 228 2705 bant:
254 2672 317 2706 sed
340 2672 503 2716 partibus
529 2677 602 2710 suis
628 2677 821 2721 neglecti5‚
853 2682 1023 2722 putantes
1048 2687 1086 2710 se
1113 2678 1237 2711 urbem
1265 2689 1330 2723 pro
1356 2683 1453 2712 certo
1484 2679 1557 2709 iam

116 2717 306 2759 obtinere,
335 2719 380 2752 ad
406 2723 574 2764 praedam
600 2722 857 2758 discurrebant.
887 2723 1105 2769 Indigenae,
1133 2725 1379 2759 animadversa
1403 2723 1557 2768 praeda-

118 2767 236 2799 torum
267 2766 472 2811 paucitate,
505 2768 552 2802 ad
588 2768 837 2804 defensionem
873 2771 1055 2816 recipiunt
1082 2771 1240 2806 animos:
1280 2771 1556 2815 conscensisque
