1800 3132
261 170 370 227 302
801 189 1174 235 CANTACUZENI

59 293 144 328 ΑΒ.
164 294 250 338 ι34α
263 287 484 343 ραδόσεως.
530 291 586 341 ὥς
617 292 655 333 δ’
673 291 822 333 ἐκεῖνοι
841 291 1123 347 παρεδέχοντο
1144 290 1313 347 οὐδαμῆ
1330 290 1430 343 τούς
1460 293 1632 350 λόγους,
1664 297 1709 340 τὸ

123 356 166 392 V·
178 358 244 402 415
258 356 336 407 μὲν
357 363 628 411 τειχομαχεῖν
646 355 914 410 ἀπεγίνωσκε,
930 357 998 398 διοξ
1025 373 1068 398 τε
1088 355 1367 413 καρτερότητα
1381 363 1537 414 τειχῶν
1555 362 1709 405 καιέιῖ-

255 423 421 474 ψυχίαν
441 421 515 464 καί
529 420 687 476 τόλμαν
709 423 795 463 τῶν
813 420 993 476 ἐχόντων
1024 419 1237 464 ἀνάλωτον
1255 425 1437 477 νομίζων
1452 441 1463 453 ·
1491 425 1536 467 τὰ
1554 424 1711 482 Ἔμπυ-

256 489 356 527 &lov
370 488 416 530 δὲ
431 489 632 544 φρούριον
647 486 1218 543 περιστρατοπεδευσάμενος,
1239 487 1467 546 ἐπολιόρκει
1480 494 1553 534 κατ’
1569 509 1710 548 μηχα-

253 556 344 602 ναῖς
364 554 516 609 ἐχρῆτο
542 557 616 596 καί
636 555 949 608 τειχομαχίαις,
970 553 1069 609 περὶ
1085 553 1269 603 πλείονος
1285 555 1330 597 τὸ
1351 555 1735 613 παραστήσασθαιό

264 617 526 672 ποιούμενος.
558 621 764 676 ἐπεχείρει
778 621 826 661 δὲ
846 617 988 676 κρύφα
1002 621 1074 660 καί
1090 626 1176 669 τοῖς
1194 621 1237 662 ἐν
1255 622 1562 682 Διδυμοτείχῳ,
1577 626 1617 667 εἶ
1633 621 1709 666 δύ-

255 698 372 726 ναιτο
401 686 565 741 πείθειν
593 683 669 740 τὴν
689 685 809 727 πόλιν
827 687 1116 741 παραδοῦναι·
1147 680 1248 741 ἤνυε
1270 687 1317 729 δὲ
1335 687 1470 731 οὐδέν.
1526 685 1706 747 ἀφιγμέ-

253 764 328 791 νου
351 747 432 805 γάρ
457 766 564 801 τινος
585 749 699 807 παρὰ
725 752 930 805 βασιλέως
954 749 1027 792 καί
1051 750 1349 807 μεμηνυκότος,
1381 753 1439 803 ὥς
1463 753 1540 796 οὔκ
1561 754 1708 812 ’ἀληθῆ

252 813 305 856 τὰ
329 815 428 871 περὶ
438 817 596 858 ἐκείνου
612 818 809 872 εἰρημένα
831 815 911 872 εἴη,
928 818 1017 858 ἀλλ’
1038 815 1315 873 ὑποστρέψειε
1331 821 1411 872 μὲν
1427 819 1498 863 διὰ
1517 820 1593 877 τὴν
1610 823 1710 877 περὶ

256 879 334 935 τὴν
353 880 551 935 στρατιάν
568 885 792 935 συμβᾶσαν
819 880 954 936 νόσον,
989 877 1118 932 αὖθις
1136 885 1181 925 δὲ
1202 883 1562 939 παρασκευάζοιτο
1583 886 1640 935 ὥς
1658 888 1762 929 α’-ιο

219 953 246 987 Β
261 946 485 1003 φιξόμενος,
499 946 797 1004 ἀνεθάρσησάν
810 963 855 990 τε
868 950 940 990 καί
951 949 1109 1001 ἕτοιμοι
1127 945 1235 1004 ἦσαν
1249 949 1306 998 ὥς
1317 948 1424 1006 ὑπὲρ
1438 952 1595 993 ἐκείνου
1609 952 1708 995 πάν-

257 1013 409 1054 τα’και“
431 1011 671 1067 πεισόμενοι
694 1016 768 1056 καί
785 1012 1020 1068 πράξοντες.
1057 1014 1077 1057 ὁ
1093 1016 1223 1069 μέγας
1240 1017 1285 1058 δὲ
1307 1015 1407 1067 dori}
1424 1012 1542 1071 ὄλίγα
1565 1019 1617 1074 τῇ
1634 1019 1709 1060 τοῦ

252 1073 486 1131 Ἐμπυθίου
502 1081 774 1135 ένδιατρίψας
787 1084 1016 1138 πολιορκίᾳ,
1036 1083 1129 1124 {nsi
1142 1080 1317 1124 πύθοιτο
1333 1082 1493 1138 α’θρόον
1509 1082 1709 1139 στρατιὰν

258 1142 469 1200 Σκυθικὴν
482 1146 541 1194 εἷς
552 1143 847 1200 τῆνῬωμαίων
858 1148 1173 1202 ἐμβεβληκυῖαν,
1193 1147 1460 1197 ἀσυντάκτως
1484 1147 1570 1189 ὑπὸ
1587 1151 1708 1199 δέους

256 1211 329 1264 τῆς
346 1213 584 1264 πολιορκίας
598 1209 857 1264 α’παναστάς,
884 1211 992 1267 πρὸς
1006 1211 1350 1267 Ἀδριανούπολιν
1367 1213 1518 1269 ἐχώρει
1543 1216 1706 1272 σπουδῇ
1714 1214 1762 1253 15

258 1277 401 1333 πολλῇ.
434 1275 473 1318 οὶ
490 1278 536 1318 δὲ
553 1278 597 1318 ἐν
610 1278 902 1335 Διδυμοτείχῳ
921 1275 996 1332 τήν
1016 1277 1192 1328 α’ταξίαν
1214 1277 1391 1333 ὁρῶντες
1414 1281 1486 1333 τῆς
1511 1281 1709 1323 τῶνῬω-

257 1343 397 1395 μαίων
413 1345 608 1397 στρατιᾶς
629 1345 702 1384 καί
714 1345 956 1396 νομίσαντές
980 1360 1019 1385 τι
1048 1343 1146 1397 περί
1159 1343 1315 1393 αὐτούς
1334 1347 1640 1399 συμβεβηκέναι
1659 1344 1704 1387 τό

255 1406 441 1461 μάλιστα
455 1404 560 1449 οὕτω
578 1410 1005 1464 θορυβῆσανῑαῦτικα
1025 1425 1068 1450 τε
1084 1410 1264 1463 ἐγένοντο
1280 1411 1339 1458 εἰς
1353 1408 1400 1451 τὸ
1414 1408 1706 1464 στρατόπεδον,

259 1475 334 1515 καί
347 1489 471 1515 τινων
485 1471 716 1529 ἐκράτησαν
736 1476 886 1528 ὀλίγων
906 1476 1157 1527 ἐπιθέμενοι,
1178 1473 1293 1515 σῖτόν
1320 1490 1365 1515 τε
1378 1474 1450 1516 καί
1465 1472 1707 1530 βοσκήματα

222 1549 251 1583 C
267 1541 338 1580 καί
352 1534 481 1587 ἄλλας
497 1537 801 1592 διαρπάσαντες
825 1538 1076 1592 ἀποσκευὰς,
1098 1541 1261 1593 εἰσῆγον
1276 1539 1390 1588 ἐντὸς
1406 1541 1567 1594 τειχῶν.
1595 1542 1639 1590 ἐξ
1662 1538 1702 1581 ὅ·
1710 1553 1764 1580 20

261 1620 336 1646 του
366 1602 446 1659 γάρ
481 1601 519 1645 οἱ
547 1604 592 1644 ἐκ
630 1606 703 1659 τῆς
728 1602 884 1655 ἔξωθεν
914 1606 1126 1653 συνοικίας
1153 1604 1333 1658 πόλεμον
1362 1602 1565 1659 α’ρὰμενοι
1606 1603 1708 1659 πρὸς

261 1668 357 1719 τούς
391 1668 509 1711 ἔνδον
547 1669 780 1724 ἀνέστησαν
823 1669 1070 1725 ἡττηθέντες
1081 1704 1093 1722 ,
1134 1670 1227 1711 οὔδ’
1269 1668 1308 1711 οἱ
1344 1670 1461 1712 ἔνδον
1489 1672 1708 1725 γεωργίαις

263 1740 508 1792 προσεῖχον,
538 1734 694 1784 εἰδότες
722 1734 780 1784 ὠς
808 1738 984 1790 ου’δεμιά
1009 1753 1070 1786 τις
1099 1737 1283 1794 ὠφέλεια
1311 1737 1356 1778 ἐκ
1387 1733 1544 1778 τούτων
1571 1735 1707 1790 ἔσται,

267 1871 505 1916 equitumque
530 1873 690 1905 catervas
719 1870 932 1905 contrahens
950 1896 959 1911 ,
983 1882 1026 1904 eo
1051 1871 1151 1904 venit
1187 1875 1223 1903 et
1246 1881 1352 1915 super
1377 1868 1565 1905 deditione
1600 1869 1708 1903 verba

267 1918 367 1954 fecit,
415 1918 492 1950 luis
527 1927 727 1950 sermonem
754 1917 1052 1962 aspernantibus,
1092 1929 1169 1950 cum
1205 1928 1412 1962 oppugnare
1447 1917 1592 1950 moenia
1622 1927 1706 1961 pro-

267 1970 348 2009 pter
374 1963 581 1998 firmitatem
605 1974 679 1996 non
703 1964 854 1998 auderet
869 1989 879 2005 ‚
905 1969 1262 2010 propugnatoresque
1282 1963 1523 2008 magnanimos
1551 1974 1591 1996 ac
1615 1968 1707 1996 stre-

267 2021 359 2043 nuos
384 2021 421 2043 se
448 2015 734 2055 expugnaturum
762 2010 992 2055 desperaret,
1024 2010 1209 2044 castelium
1244 2009 1476 2054 Empythium
1516 2008 1710 2043 obsidione

266 2057 460 2097 vanatum,
495 2055 670 2090 machinis
703 2057 892 2090 verberare
930 2057 1086 2096 institit,
1122 2057 1262 2090 felicem
1301 2068 1338 2089 se
1372 2062 1645 2096 numeraturus,
1677 2056 1709 2089 si

268 2107 424 2148 caperet.
479 2101 803 2146 Didymoiichense
829 2108 945 2136 autem
974 2102 1196 2149 praesidium
1227 2102 1272 2136 ad
1296 2101 1421 2135 urbem
1457 2103 1526 2135 sibi
1556 2100 1708 2136 traden-

269 2150 350 2182 dam
378 2149 517 2183 occulte
542 2149 781 2191 sollicitabat,
806 2150 908 2183 nullo
931 2155 1051 2185 tamen
1076 2152 1215 2184 effectu.
1263 2149 1350 2182 Nam
1380 2159 1458 2181 cum
1486 2148 1632 2194 quidam
1658 2147 1706 2180 ab

269 2198 489 2240 imperatore
516 2196 773 2240 superveniens
803 2196 1022 2237 indicasset,
1048 2196 1137 2230 salsa
1163 2206 1261 2236 esse,
1299 2205 1392 2240 quae
1419 2195 1463 2229 de
1497 2196 1562 2228 illo
1585 2205 1706 2239 sparsa

269 2243 443 2276 fuissent:
475 2241 537 2274 sed
564 2247 712 2286 propter
736 2242 927 2283 morbum,
962 2244 1023 2288 qui
1050 2242 1245 2276 exercitum
1270 2242 1502 2286 pervasisset,
1529 2252 1608 2274 eum
1624 2240 1706 2275 red-

269 2291 323 2323 ire
362 2294 398 2322 nt
432 2287 627 2324 adventum
652 2288 699 2321 ad
730 2289 813 2323 ilios
853 2300 1045 2334 apparare,
1083 2290 1330 2321 instaurarunt
1365 2288 1530 2327 animos,
1567 2298 1631 2332 pro
1664 2299 1707 2321 eo

271 2335 414 2382 quidvis
443 2336 559 2368 facore
584 2345 626 2368 ac
653 2335 814 2379 perferre
840 2335 1070 2381 paratissimi.
1117 2334 1265 2376 Magnus
1290 2333 1377 2375 dux,
1402 2344 1511 2378 parvo
1546 2338 1708 2379 tempore

268 2385 307 2416 in
334 2380 517 2426 Empythii
545 2380 738 2415 obsidione
764 2387 998 2427 consumpto,
1035 2385 1075 2413 ut
1105 2381 1253 2413 allatum
1279 2386 1358 2421 est,
1390 2380 1538 2424 Scythas
1569 2381 1708 2424 ingenii

269 2428 507 2461 multitudine
534 2428 572 2460 in
608 2428 696 2461 fines
725 2429 900 2462 Romanos
926 2439 964 2460 se
990 2426 1190 2466 infudisse,
1228 2427 1357 2459 anxius
1385 2427 1612 2460 obsidionem
1637 2427 1711 2460 sol-

270 2476 346 2516 vit,
378 2476 553 2520 nulloque
579 2478 718 2508 servato
745 2474 896 2515 ordine,
931 2473 1206 2516 Adi-iunopoiim
1243 2472 1441 2510 festinavit.
1489 2472 1562 2516 Qui
1594 2472 1710 2516 Didy-

272 2522 421 2554 motichi
463 2524 567 2553 erant
603 2521 641 2552 in
678 2521 886 2566 praesidio,
936 2520 1149 2552 confusione
1188 2519 1459 2559 animadversa,
1493 2519 1710 2564 opinatique

267 2567 407 2612 aliquid
435 2567 486 2600 eis
519 2566 605 2599 novi
633 2568 847 2612 contigisse,
882 2566 978 2599 unde
1002 2571 1101 2599 tanta
1127 2566 1351 2608 perturbatio
1385 2566 1596 2606 exstitisset,
1628 2575 1711 2599 mox

269 2615 306 2646 in
333 2620 444 2646 castra
470 2615 648 2646 irruentes
666 2638 674 2654 ,
703 2623 836 2658 paucos
865 2612 1050 2646 occidunt:
1079 2618 1318 2646 commeatum
1335 2637 1344 2653 ‚
1375 2623 1506 2657 pecora
1530 2615 1569 2644 et
1595 2611 1711 2656 impe-

270 2660 431 2693 dimenta
457 2669 576 2692 secum
617 2659 653 2691 in
681 2659 804 2692 urbem
843 2659 1020 2692 auferunt.
1071 2659 1122 2690 Ex
1155 2668 1228 2702 quo
1255 2660 1351 2692 enim
1377 2658 1710 2698 suburbani,ar1nis

271 2708 308 2739 in
335 2705 492 2739 urbanos
513 2704 801 2748 cxpe‹litis,victi
827 2705 1027 2749 vastatique
1054 2709 1159 2741 sunt,
1184 2716 1251 2738 nec
1275 2705 1404 2739 urbani
1429 2710 1557 2739 terram
1583 2704 1708 2736 colue-

271 2758 376 2794 runt,
402 2763 482 2784 cum
508 2751 664 2790 seirent,
704 2752 797 2784 nihii
823 2762 861 2784 se
901 2750 985 2784 inde
1023 2750 1192 2784 utiiitatis
1217 2756 1468 2796 percepturos,
1504 2751 1534 2783 si
1571 2750 1708 2783 obsessi

272 2799 414 2835 hostem
437 2809 503 2844 per
528 2807 565 2831 se
592 2798 769 2842 repellere
795 2809 868 2832 non
893 2803 1066 2841 possent,
1103 2797 1165 2830 sed
1196 2798 1329 2833 vicinas
1355 2797 1462 2835 urbes
1487 2797 1709 2831 incursantes
