1800 3132
541 186 917 231 ms‘romARnM
958 190 1031 229 m.
1059 189 1129 236 511.
1405 163 1517 226 325

94 286 165 338 κὸς
204 284 440 329 κατάπλουν
480 287 537 336 ὥς
575 289 706 329 ἐκεῖσε
741 285 1031 341 συνεσόμενος.
1085 288 1130 330 ἒν
1157 282 1454 342 Βυζαντιζοδὲ
1481 281 1716 331 &AC-1342

93 354 170 405 μὲν
208 348 326 394 ἄλλοι
362 355 445 393 ταῖν
488 353 782 407 εὐγενεστέρων
806 351 879 393 καὶ
903 348 1087 405 μάλιστα
1115 352 1162 394 ἐν
1185 349 1312 407 λόγῳ,
1354 352 1521 391 Καντα-
1534 351 1567 384 Ρ·
1584 349 1652 395 529

95 415 364 471 κουζηνισμὸν
401 415 482 458 ὖπό
522 417 706 471 μεγάλου
747 416 894 466 ὃουκὸς
920 418 1203 471 ἐπικληθέντες
1214 449 1227 468 ‚
1264 409 1527 470 δεσμωτήριοὶ

95 498 140 525 τε
168 477 300 539 ᾤκουν
327 483 400 523 καί
425 483 625 534 ου’δεμιᾶς
649 481 868 536 ἀπείρατοι
895 484 1174 538 κακοπραγίας
1204 477 1324 536 ἦσαν.
1379 481 1460 521 τῶν
1482 479 1528 520 δὲ

70 547 206 602 5αὗτῴ
243 546 544 601 συναραμένων
580 545 683 602 προς
726 545 794 588 τὸν
827 545 1006 599 πόλεμον
1033 546 1105 588 καί
1131 543 1380 587 πεπεικότων
1406 547 1530 598 βασι-

96 613 216 661 λίδα,
247 611 304 659 ὠς
334 610 644 664 ἐπιβουλεύοιτο
673 611 788 666 παρὰ
818 613 1174 666 Καντακουζηνοῦ
1199 614 1274 652 τοῦ
1299 611 1529 663 βασιλέως,

93 678 173 718 τῶν
200 678 278 728 μὲν
325 670 403 732 ἤδη
441 675 674 730 παρήπτετο
705 679 885 732 μετρίως
921 675 993 716 καί
1033 673 1211 732 καθῄρει
1246 679 1329 718 τῶν
1357 675 1531 730 οἷρχῶν,

96 738 291 795 ἀφορμὴν
318 742 512 795 παρέχων
539 743 613 795 τῆς
655 740 760 795 πρὸς
799 739 927 782 αὐτὸν
965 742 1199 796 διαφορᾶς,
1263 740 1330 792 ἵν’,
1365 740 1404 781 εἰ
1438 741 1532 780 δια-

98 807 298 861 φθείρειε,
332 805 544 860 μηδεμίαν
561 807 724 859 μέμψιν
740 805 847 862 ἔχοι,
877 805 934 854 ὥς
962 801 1010 845 οὖ
1041 807 1211 854 δικαίως
1234 805 1437 858 άμιὲνοιτο
1453 805 1532 844 αυ’-

50 869 215 922 ιοτοὺς,
257 868 408 918 κακούς
447 873 545 925 περὶ
579 869 707 912 αὐτὸν
731 872 1046 925 γεγενημένους·
1099 872 1184 911 τῶν
1215 871 1261 911 δὲ
1290 868 1469 921 ἔμελλεν.
1502 859 1534 909 ὃ

97 937 347 989 συνορῶντες
384 934 456 976 καί
491 931 613 976 αὖτοί
645 935 718 976 καί
751 933 933 990 πονηράν
960 932 1059 989 περὶ
1083 935 1164 976 τῶν
1190 931 1423 987 μελλόντων
1449 927 1530 988 ἤδη

97 998 258 1053 ἔχοντες
284 1001 457 1052 ἐλπίδα,
484 999 711 1056 ᾐσθάνοντο
749 1001 842 1053 μὲν,
873 999 929 1049 ὥς
957 1000 1078 1055 σφίσι
1106 1014 1150 1040 τε
1179 1000 1320 1046 αὐτοῖς
1344 1000 1417 1039 καί
1443 1000 1568 1046 τοῖςΒ

101 1061 238 1113 ἄλλοις
267 1063 395 1106 αἴτιοι
419 1067 672 1120 κατέστησαν
698 1063 891 1118 μεγάλων
918 1066 1162 1120 συμφορῶν,
1190 1066 1362 1118 βοηθεῖν
1387 1064 1433 1103 δὲ
1456 1062 1532 1104 οὐκ

99 1126 211 1182 εἶχον
239 1126 420 1182 ἑαυτοῖς,
449 1129 585 1170 πάντα
615 1125 695 1184 ἤδη
722 1129 904 1183 μεγάλου
934 1126 1082 1177 ὃουκὸς
1109 1128 1186 1184 ὑφ’
1205 1124 1342 1184 ἑαυτῷ
1359 1142 1531 1180 πεποιη-

51 1197 239 1247 ιΞμένου.
307 1196 504 1246 Χοῦμνος
532 1196 578 1237 δὲ
606 1196 646 1236 Γ
644 1193 815 1250 εώργιος
842 1193 865 1236 ὅ
894 1196 1022 1248 μέγας
1050 1193 1442 1248 στρατοπεδάρχης,
1472 1187 1533 1239 εἷς

98 1255 156 1301 ὢν
187 1261 269 1301 τῶν
295 1258 368 1301 τὸν
391 1256 567 1312 πόλεμον
593 1259 875 1315 κεκινηκότων,
904 1260 1091 1313 βασιλίδι
1108 1256 1364 1313 προσελθών,
1395 1256 1533 1310 ἠρέμα

97 1326 384 1379 κατεμέμφετο
410 1323 574 1382 μεγάλῳ
603 1324 748 1378 ὃουκί,
790 1324 847 1373 ὥς
876 1326 934 1373 εἷς
961 1324 1084 1365 οῦδὲν
1112 1325 1204 1364 δέον
1234 1322 1285 1363 τὰ
1313 1319 1430 1362 κοινά
1459 1336 1533 1360 κα-

99 1391 380 1430 ταναλίσκοντι
419 1389 492 1430 καὶ
527 1389 632 1445 πρὸς
670 1389 849 1442 πόλεμον
885 1385 1118 1444 ἧπειρώτην
1156 1385 1324 1435 στόλους
1359 1387 1534 1440 ἐξαρτυ-

100 1456 232 1510 ομένῳ
267 1455 396 1508 μηδὲν
433 1452 675 1507 ὄνήσοντας.
744 1453 850 1509 πρὸς
891 1456 938 1495 τί
971 1452 1050 1507 γάρ
1091 1452 1114 1494 ὅ
1151 1451 1296 1499 στόλος
1334 1449 1533 1492 ἐναντιώ-

50 1535 220 1566 2οσεται
256 1521 600 1574 Καντακουζηνῷ,
643 1519 756 1576 αὐτῷ
775 1535 819 1559 τε
847 1517 962 1572 παρά
998 1520 1218 1571 Τριβαλοῖς
1245 1511 1332 1556 ὄντι
1359 1513 1431 1555 καί
1456 1516 1533 1556 Δι-

101 1582 345 1636 δ-υμότειχον
363 1586 574 1636 κατέχοντι
589 1582 706 1624 πόλιν
730 1581 896 1636 μακράν
921 1581 1136 1635 θαλάσσης
1154 1581 1405 1637 φ’κισμένηνς
1432 1594 1531 1619 συν-

100 1645 294 1701 εβούλευέ
329 1662 371 1688 τε
405 1650 563 1699 μᾶλλον
596 1649 679 1689 τῶν
704 1645 903 1689 τοιούτων
939 1645 1176 1698 ἀπέχεσθαι
1204 1642 1409 1696 ἀνονήτων
1449 1643 1562 1683 ‹ia-c

101 1715 264 1764 πανῶν,
309 1711 412 1767 πρός
453 1728 545 1753 τινα
583 1713 630 1752 δὲ
668 1718 823 1766 χωρεῖν
862 1712 1046 1752 ἐπίνοιαν
1073 1714 1157 1756 τοῖς
1185 1705 1294 1756 ὅλοις
1321 1705 1538 1762 πράγμασι

103 1779 390 1820 συνοίσουσαν.
444 1778 565 1818 τοῦτο
587 1777 632 1817 δὲ
660 1772 789 1829 εἶναι,
819 1773 984 1831 εἰρήνην
1011 1774 1205 1815 τίθεσθαι
1234 1769 1339 1827 πρὸς
1366 1773 1537 1815 Καντα-

218 1884 267 1917 ι8.
294 1878 362 1916 τὸν
384 1885 467 1914 ante
493 1877 661 1926 πόλεμον
686 1877 767 1911 add.
791 1878 841 1912 M.

106 1981 174 2014 bus
210 1980 428 2013 tenebantur
466 1984 502 2012 et
540 1978 777 2013 incommodis
811 1978 1037 2012 vexabantur
1072 1975 1248 2010 omnibus.
1313 1975 1385 2020 Qui
1418 1978 1538 2008 autem

107 2027 153 2059 ad
191 2025 327 2059 bellum
368 2026 408 2058 ei
444 2026 653 2059 adiumento
688 2026 832 2058 fuerant
881 2025 1019 2069 quique
1064 2023 1265 2062 faciebant,
1299 2027 1341 2055 ut
1374 2021 1539 2055 crederet

108 2073 338 2116 imperatrix,
370 2073 659 2106 Cantacuzenum
691 2071 762 2105 sibi
794 2071 914 2104 moliri
952 2069 1116 2110 insidias,
1147 2079 1268 2102 eornm
1297 2069 1425 2112 partim
1455 2077 1538 2100 me-

108 2118 279 2151 diocriter
303 2118 473 2162 tangebat
496 2123 533 2151 et
557 2129 577 2150 a
603 2117 851 2163 gubernaculis
879 2116 1096 2156 deiiciebat,
1132 2115 1206 2147 litis
1232 2120 1355 2147 contra
1386 2124 1425 2147 se
1457 2123 1536 2146 ma-

109 2164 238 2197 teriam
271 2164 567 2204 subministrans,
603 2170 662 2204 ut,
689 2175 767 2196 cum
793 2163 876 2196 illos
901 2161 1141 2208 perdidisset,
1169 2159 1450 2204 reprehensione
1475 2169 1537 2191 ca-

108 2215 226 2250 reret,
251 2211 352 2255 quasi
378 2212 472 2243 iuste
497 2221 557 2243 eos
581 2210 806 2254 punivisset,
831 2220 911 2242 cum
947 2208 1017 2241 sibi
1051 2206 1146 2240 male
1178 2206 1385 2238 voluissent.
1433 2203 1536 2248 Quae

111 2262 147 2289 et
174 2256 241 2300 ipsi
267 2261 451 2289 cernentes
483 2257 647 2301 maleque
674 2256 741 2288 iam
770 2257 809 2288 in
835 2254 994 2288 futurum
1028 2254 1247 2291 ominantes,
1285 2251 1355 2283 sibi
1390 2251 1477 2295 ipsis
1500 2255 1539 2284 et

110 2303 192 2335 aliis
217 2304 379 2347 ingentes
405 2312 540 2334 creasse
565 2302 783 2334 calamitates
809 2300 1084 2344 intelligebant:
1118 2300 1240 2331 iuvare
1266 2302 1384 2330 autem
1410 2301 1538 2336 semet,

111 2359 238 2393 magno
265 2348 354 2380 duce
378 2349 497 2381 omnia
522 2349 592 2380 iam
618 2359 681 2381 suo
707 2347 893 2380 dominatu
922 2350 1080 2384 tenente,
1104 2355 1177 2376 non
1207 2347 1384 2387 poterant.
1429 2342 1539 2376 Cete-

113 2405 190 2427 rum
216 2394 391 2438 Georgius
419 2394 625 2434 Chumnus,
649 2405 794 2438 magnus
820 2391 1130 2436 stratopedarcha‚
1164 2400 1256 2422 unus
1281 2389 1326 2422 de
1358 2388 1448 2422 belli
1474 2398 1539 2420 au-

114 2440 295 2480 ctoribus,
332 2439 377 2472 ad
408 2441 670 2483 imperatricem
706 2440 857 2478 adiens,
893 2448 1056 2482 magnum
1084 2437 1208 2469 ducem
1236 2436 1324 2468 clam
1348 2434 1537 2473 accusavit,

115 2488 178 2532 qui
211 2495 296 2529 opes
335 2485 387 2518 rei
418 2485 585 2529 publicae
618 2486 798 2519 inutiliter
824 2484 1023 2528 >dissiparet
1053 2487 1089 2515 et
1127 2480 1171 2513 ad
1201 2481 1336 2514 bellum
1370 2485 1539 2513 terrestre

116 2533 263 2565 classem
289 2530 381 2563 nihil
405 2531 628 2575 profuturam
653 2533 856 2564 instrueret.
893 2530 966 2574 Qui
994 2528 1087 2561 enim
1114 2527 1233 2559 classis
1258 2532 1380 2560 contra
1402 2526 1538 2560 Canta-

117 2589 288 2611 cuzenum
314 2588 391 2609 cum
416 2575 512 2620 apud
540 2577 723 2610 Triballos
748 2581 972 2614 manentem,
994 2579 1068 2606 tum
1096 2572 1385 2616 Didymotichum
1411 2571 1538 2604 urbem

116 2623 241 2668 procul
267 2634 287 2654 a
310 2622 398 2655 mari
424 2628 596 2656 semotam
622 2623 846 2656 obtinentem
868 2618 1082 2653 dimicaret?
1128 2618 1247 2651 Dabat
1270 2619 1392 2663 itaque
1417 2617 1539 2650 consi-

118 2669 229 2709 lium,
257 2674 295 2701 ut
319 2669 490 2712 impensis
522 2668 751 2702 infructuosis
784 2667 1028 2701 abstineretur
1064 2669 1100 2698 et
1135 2665 1394 2708 excogitaretur
1431 2663 1539 2708 quip-

118 2717 239 2760 piam,
279 2714 377 2759 quod
417 2714 461 2747 ad
491 2715 604 2747 totins
640 2716 692 2748 rei
724 2709 891 2758 publicae
929 2711 1208 2744 emolumenturn
1237 2709 1474 2743 redundaret:
1501 2709 1539 2741 id

123 2772 198 2795 esse
238 2771 363 2807 pacem
397 2765 434 2794 et
459 2758 584 2794 foedus
619 2772 699 2795 cum
724 2760 994 2798 emmerammo,
1019 2755 1118 2802 quod
1145 2756 1339 2792 utilitatem
1365 2765 1538 2790 summam
