1800 3138
521 176 897 219 HISTORIARUM
937 181 1009 220 111.
1039 181 1109 226 Διό.
1196 184 1198 186 ’
1443 181 1551 237 277

115 287 180 315 νοι
219 274 279 323 εἷς
317 271 638 329 Διδυμὸτειχον.
711 275 738 331 ἧ
779 276 827 317 δὲ
865 277 911 318 έν
949 279 1227 335 Θεσσαλονύεῃ
1256 278 1432 333 στρατιὰ
1461 277 1593 321 ἐπείΔ.
1606 285 1747 332 01342

116 337 286 394 ἀπῆραν
313 336 544 394 ἡγουμένου
572 343 731 396 Συργῆ,
759 339 863 397 πρὸς
874 339 1089 384 Ῥεντίναν
1108 343 1555 399 ἐστρατοπεδεύσαντο.

115 402 138 446 ὅ
169 406 215 447 δὲ
241 405 286 447 έν
312 405 368 464 τῷ
396 405 586 463 φρουρίῳ
616 407 762 462 δῆμος,
796 406 890 449 ἐπεὶ
915 408 1095 450 ἐπύθετο
1121 407 1468 464 Καντακουζηνὸν
1484 407 1555 451 τὸν

114 471 291 523 βασιλέα
326 469 433 525 πρὸς
473 470 549 526 την
583 473 659 527 γῆν
687 474 772 514 τῶν
805 476 1026 528 Τριβαλῶν
1053 475 1284 531 ἀφιγμένον
1311 473 1417 517 κατὰ
1446 481 1689 528 συμ-Υ.403

86 533 262 591 ὄφοράν,
291 537 430 591 παρῆν
459 538 505 578 δὲ
532 539 605 579 καί
635 537 798 593 Συργης
822 537 927 591 μετὰ
958 542 1032 594 τῆς
1060 542 1273 595 στρατιᾶς,
1303 542 1557 583 ἐπιτίθενται

110 605 197 649 τοῖς
223 602 463 655 διακοσίοις,
494 601 566 652 οὓς
591 605 808 646 κατέλιπεν
835 602 857 645 ὅ
885 603 1085 658 βασιλεῦς
1113 611 1314 661 φρουρεῖν
1341 603 1431 658 ἅμα
1458 605 1555 660 ἦγε-

109 664 222 719 μόνι,
250 666 324 708 καί
342 667 629 723 κρατήσαντες,
659 668 815 719 αὐτούς
841 686 886 712 τε
913 672 1151 726 παρέδοσαν
1181 672 1253 713 καί
1277 669 1324 713 τὸ
1345 670 1599 726 φρούριονῐ)

110 733 264 787 Συργῇ.
319 730 341 774 ὅ
384 733 430 775 δὲ
466 734 519 790 τῇ
556 734 732 790 συνήθει
766 736 1029 790 χρησάμενος
1068 732 1280 792 ὠμότητι,
1327 735 1479 785 ἵππους
1506 751 1552 779 τε

111 795 184 837 καὶ
211 794 319 839 ὅπλα
347 797 604 853 α’φελόμενος
622 802 696 842 καί
713 803 795 842 τῶν
815 797 966 854 ἄλλων,
996 796 1056 843 ὧν
1076 799 1204 855 εἶχον,
1233 801 1553 856 ἀπογυμνώσας,

59 858 253 903 ισέπειτα
299 861 460 918 πληγεὶς
497 860 656 922 ἑκάστῳ
696 867 911 915 διακοσίας
938 866 1124 908 ἐπετίθει
1150 865 1318 910 πάντων
1344 865 1551 923 ὁρώντων,

108 928 269 981 μηδένα
294 927 559 985 παραλιπών,
587 928 632 972 τὸ
663 931 735 972 α’π’
765 932 923 973 ἐκείνου
954 933 1001 974 δὲ
1032 935 1303 981 κατακλεισας
1328 934 1373 975 έν
1390 933 1553 985 δεσμω-

109 993 281 1047 τηρίοις,
311 995 385 1036 καί
407 996 491 1035 τών
522 999 703 1038 πολιτῶν
728 994 828 1046 τούς
854 997 1074 1052 δυνατοὺς,
1102 995 1160 1047 ὥς
1182 996 1234 1039 τὰ
1252 997 1553 1053 Καντακουζη-

108 1059 183 1098 νοῦ
208 1061 284 1100 τοῦ
307 1060 514 1112 βασιλέως
539 1060 783 1118 ᾑρημένους,
814 1061 982 1106 πάντων
1009 1062 1295 1119 ἀποστερήσας
1313 1065 1396 1105 τῶν
1422 1057 1552 1104 ὄντων

109 1123 187 1164 καί
199 1126 542 1180 τιμωρησάμενος
557 1124 607 1168 οὗ
627 1130 820 1183 μετρίως,
851 1130 973 1172 ἐνίων
1002 1130 1048 1172 δὲ
1064 1128 1138 1171 καί
1151 1127 1554 1185 καταψηφισάμενος

57 1187 261 1244 ιὸφυγην,
289 1184 419 1245 ἦλθεν
447 1194 507 1242 εἰς
531 1193 684 1250 Φεράς.

344 1251 358 1267 3

214 1254 297 1308 μς’.
352 1256 607 1309 Λπόκαυκος
648 1260 693 1300 δὲ
732 1258 755 1300 ὅ
785 1261 918 1313 μέγας
945 1258 1046 1311 δοὺξ
1074 1254 1164 1313 ἅμα
1193 1265 1285 1309 ταῖς
1309 1258 1460 1302 ναυσίν
1486 1257 1546 1307 εἷς
1558 1268 1669 1306 Ρ.5οι

105 1320 382 1364 Πολύστυλον
409 1323 558 1376 ἐλθών,
588 1325 682 1366 ἐπεὶ
708 1323 969 1381 προσεχώρει
996 1322 1208 1378 ἑκουσίως,
1242 1323 1339 1373 τούς
1364 1327 1443 1378 μὲν
1465 1327 1550 1367 τῶν

105 1387 286 1428 πολιτῶν
313 1383 437 1438 ὅσους
463 1388 642 1442 μάλιστα
672 1389 943 1444 ὑπώπτευεν,
973 1388 1018 1432 ἐν
1044 1395 1135 1441 ταῖς
1159 1392 1310 1432 ναυσίν
1332 1387 1459 1444 εἶχεν,
1490 1390 1584 1440 ὦςΒ

105 1450 168 1498 εἷς
202 1449 432 1502 Βυζάντιον
468 1457 674 1507 κομίσων·
727 1453 826 1504 τούς
868 1456 916 1498 δὲ
951 1454 1003 1498 τὰ
1048 1457 1207 1497 ἐκείνου
1241 1455 1475 1512 ᾑρημένους
1502 1449 1554 1499 εὖ

54 1513 284 1569 αοποιήσας
312 1517 509 1559 α’πέλιπεν
536 1521 632 1572 ἐκεῖ,
662 1514 847 1574 ἄρχοντα
877 1519 1105 1575 ἐπιστήσας
1132 1523 1173 1563 Γ
1171 1522 1346 1575 ουδέλην
1374 1520 1447 1563 τὸν
1473 1524 1554 1574 βα·-

109 1582 269 1630 σιλίδος
296 1582 495 1636 οἰνοχόον.
526 1583 631 1639 πρὸς
659 1587 706 1627 δὲ
733 1584 835 1634 τούς
863 1587 909 1628 ἐν
928 1587 1217 1643 Διδυμοτείχῳ
1246 1588 1441 1640 πέμψας,
1469 1584 1551 1639 »τὰ

107 1645 187 1697 μὲν
226 1648 324 1702 περὶ
350 1649 697 1705 Καντακουζηνὸν
737 1651 1014 1705 εἶργασμένα”
1057 1649 1239 1706 ἔγραφεν
1281 1653 1356 1704 ,,έν
1389 1652 1554 1693 Θεσσα-

108 1711 247 1767 λονίκῃ
277 1716 378 1768 παρ’
418 1716 524 1768 ἐμοῦ
552 1716 647 1756 οὐδ’
687 1712 798 1767 ὑμᾶς
826 1713 969 1768 οἴομαι
986 1716 1174 1768 α’γνοεΐν·
1201 1710 1308 1758 οὕτω
1325 1716 1428 1757 πᾶσι
1446 1731 1554 1769 γνω-

108 1775 322 1831 ριμώτατα
351 1778 423 1823 διὰ
446 1782 622 1835 μέγεθος
648 1782 914 1835 γεγενημένα.
973 1781 1116 1823 τοίνυν
1142 1781 1236 1823 ἐπεὶ
1261 1782 1375 1823 πᾶσα
1404 1780 1431 1836 ἦ
1451 1779 1551 1835 περὶ

55 1847 265 1893 αόὲκεῖνον
292 1845 409 1896 ε’λπίς
435 1846 682 1904 περιῄρηται
709 1843 839 1901 ὑμῶν,
871 1847 965 1889 δέον
983 1848 1122 1890 πᾶσαν
1147 1845 1363 1904 πρόφασιν
1383 1850 1554 1889 καταλι-

216 1960 267 2006 14.
293 1957 343 1994 οὐ
364 1969 434 1993 om.
459 1958 494 1992 P.
524 1962 564 1992 et
585 1958 635 1994 Μ.

112 2050 232 2086 abisse
254 2053 481 2094 acceperunt,
506 2053 544 2086 et
567 2049 697 2096 Syrges
720 2061 865 2083 manum
890 2050 1060 2092 adduxit,
1084 2050 1261 2084 ducentos
1283 2049 1329 2083 ad
1353 2048 1555 2083 custodiam

113 2099 161 2132 ab
189 2099 405 2142 imperatore
430 2097 576 2131 relictos
601 2096 800 2138 invadunt,
826 2098 1012 2143 victosque
1037 2097 1134 2143 ipsos
1160 2102 1198 2130 et
1234 2096 1424 2130 castellum
1450 2096 1556 2141 Syrgi

112 2143 340 2179 contradunt.
389 2142 464 2187 Qui
489 2143 598 2177 solita
623 2143 838 2177 crudelitate
866 2145 970 2189 equis
999 2149 1036 2177 et
1059 2144 1165 2177 armis
1190 2147 1228 2176 et
1253 2143 1345 2182 aliis,
1377 2152 1470 2188 quae
1488 2142 1556 2175 hn-

111 2191 264 2230 bebant,
287 2189 440 2234 primum
473 2191 668 2235 spoliatos,
698 2195 782 2235 post
814 2191 853 2223 in
889 2196 1081 2235 conspectu
1107 2190 1269 2224 omnium
1295 2188 1464 2232 singulis,
1490 2199 1557 2222 ne-

113 2238 214 2272 mine
243 2242 392 2282 excepto
407 2261 417 2278 ,
440 2235 613 2271 ducentas
637 2238 761 2283 plagas
786 2237 920 2270 incutit
945 2242 983 2270 et
1009 2237 1048 2271 in
1075 2235 1278 2270 carceribus
1303 2245 1364 2268 eos
1388 2233 1555 2269 includit.

113 2283 344 2318 Potentiores
369 2288 490 2317 autem
513 2284 625 2324 cives,
651 2288 694 2316 ut
718 2283 1024 2317 Cantacuzenicae
1050 2282 1217 2317 factionis
1239 2307 1249 2322 ,
1286 2280 1455 2314 omnibus
1478 2280 1558 2314 for-

112 2331 212 2365 tunis
237 2329 359 2409 exuiti,
388 2341 456 2364 nec
485 2329 720 2364 mediocriter
739 2330 849 2376 punit
884 2335 922 2364 et
953 2329 1127 2376 quosdam
1163 2328 1275 2363 exilio
1299 2327 1470 2362 damnat:
1502 2327 1556 2361 ita

58 2398 62 2404 ·
113 2377 244 2413 Pheras
269 2386 335 2409 ven
353 2381 380 2413 t,

207 2423 262 2468 46.
309 2422 458 2467 Magnus
483 2426 604 2456 autem
629 2422 703 2457 dux
725 2421 963 2468 Apocauchus
986 2421 1196 2466 Polystylon
1219 2419 1373 2454 navibus
1398 2419 1554 2461 delatus,

115 2470 288 2517 quoniam
323 2468 408 2501 urbs
444 2468 603 2503 libenter
635 2469 675 2503 in
710 2474 927 2514 potestatem
958 2469 1151 2507 veniebat,
1188 2467 1232 2501 de
1268 2466 1409 2500 civibus
1447 2466 1553 2506 alios,

116 2515 208 2563 quos
233 2517 270 2548 in
297 2515 422 2559 primis
444 2520 625 2561 suspectos
651 2514 825 2557 habebat,
852 2517 892 2549 in
916 2526 1043 2549 navem
1068 2514 1235 2553 coniecit,
1259 2513 1472 2556 Byzantium
1492 2523 1554 2546 eos

115 2567 347 2608 portaturus:
371 2562 460 2595 alios
493 2573 612 2596 seeum
637 2561 811 2596 facientes
847 2561 902 2594 ibi
927 2561 1101 2607 reliquit,
1126 2570 1194 2593 nec
1220 2560 1426 2599 immerito,
1450 2570 1560 2604 prae-

116 2610 214 2643 fecto
248 2608 402 2649 Gudele,
428 2608 662 2652 imperatricis
687 2608 914 2654 pocillatore,
943 2609 1123 2653 imposito.
1173 2605 1228 2639 Ad
1253 2605 1561 2649 Didymotichen-

118 2666 175 2688 ses
209 2660 329 2688 autem
368 2655 513 2699 scripsit
535 2656 574 2688 in
596 2654 687 2688 haec
712 2655 829 2688 verba.
885 2654 987 2698 Quae
1013 2654 1060 2688 ob
1087 2654 1374 2688 Cantacuzenum
1401 2652 1562 2685 Thessa·

119 2702 263 2735 lonicae
288 2702 442 2746 egerim,
471 2711 538 2734 nec
560 2699 663 2735 vobis
687 2702 778 2734 clam
808 2711 884 2735 esse
910 2701 1065 2745 opinor,
1092 2711 1171 2734 cum
1195 2703 1346 2745 propter
1383 2700 1564 2743 magnitu-

123 2747 246 2781 dinem
281 2746 451 2781 omnibus
483 2748 558 2780 sint
591 2747 791 2781 notissima.
854 2746 1036 2792 Quoniam
1072 2747 1184 2791 igitur
1218 2751 1294 2779 tota
1321 2744 1366 2779 de
1391 2745 1458 2778 illo
1484 2753 1566 2788 spes

124 2799 245 2830 vestra
281 2794 452 2835 evanuit,
485 2792 579 2829 nihil
603 2794 896 2841 tergiversantes,
924 2792 971 2828 ad
1009 2794 1150 2828 Aenum
1180 2792 1270 2829 mihi
1294 2803 1356 2827 vos
1381 2799 1569 2828 occurrere
1593 2822 1596 2824 ,
