1812 3132
511 187 889 238 ms‘mmARUM
929 201 1002 239 111.
1046 202 1111 245 15.
1426 217 1427 221 =
1463 199 1539 255 99

93 303 201 343 αὕτα
238 299 428 353 οἰομένου
468 298 712 353 διατριβήν,
751 298 858 353 πρὸς
885 302 963 352 μὲν
990 299 1064 355 τήν
1092 300 1325 356 ὑπηρεσίαν
1359 302 1436 343 τοῦ
1462 306 1728 354 με-Α.Ο.ι34ι

647 361 659 376 ζ

92 365 234 417 σάζειν
262 370 346 412 τοῖς
382 365 596 418 δημοσίοις
638 379 659 404 ο
702 363 774 406 ἐπὶ
811 366 895 406 τῶν
940 365 1214 421 ἄναμνήσεων
1242 363 1670 415 Σπανόπουλοςν.322

90 432 164 472 καί
204 429 227 472 ὅ
263 428 575 484 Μελιτηνιιότης
610 427 797 485 Ἰωάννης
853 424 962 483 ἦσαν
1000 435 1271 487 τεταγμένοι,
1308 431 1584 488 χρημάτωνι)

93 496 140 537 δὲ
179 497 329 548 ταμίαι
369 496 453 535 τῶν
483 498 632 537 κοινῶν
663 492 749 548 δ’,τε
779 498 1094 550 Πεπαγωμένος
1122 500 1163 539 Γ
1161 496 1331 553 ειόργιος
1359 497 1434 540 καί
1459 500 1541 540 Νι-

66 558 238 610 5κόλαος
266 558 290 600 ὅ
319 560 654 615 Μελιτηνιαίτης.
711 559 804 603 ἐπεὶ
832 563 878 603 δὲ
910 563 1013 616 περί
1035 577 1079 603 τε
1107 561 1157 604 τὰ
1187 563 1385 616 βασιλικὰ
1408 563 1542 619 γράμ-

87 642 202 679 ματα
228 623 302 667 καί
326 624 489 679 motui
521 624 733 680 χρήματα,
764 623 906 682 ῶσπερ
937 626 1113 683 ἔφημεν,
1145 628 1375 680 ἐπιβούλως
1401 630 1542 671 διανο-

87 690 237 746 ηθείη,
265 691 465 744 βασιλεύς
491 693 568 744 μὲν
597 690 782 747 μισήσας
803 690 879 746 την
901 693 1128 747 πονηρίαν,
1159 693 1290 747 μικρὰ
1319 696 1391 749 τῆς
1412 710 1541 749 στρα-

89 758 232 812 τηγίας
260 755 559 798 ἀπολαύσαντα
587 759 822 811 παρέλυσεν
851 757 1008 806 εὐθέως
1038 760 1114 813 τῆς
1141 759 1276 813 ἀρχῆς
1291 794 1303 812 ‚
1346 760 1419 801 καί
1448 757 1542 813 διή-

87 837 211 876 γαγεν
249 821 320 863 ἐπὶ
358 821 507 877 καιρὸν
551 824 684 878 μηδὲν
727 824 1084 878 ἐγκεχειρισμένος
1113 826 1197 865 τῶν
1237 827 1393 867 κοινῶν.
1451 827 1544 867 ἐπεὶ

37 889 133 930 ιοδὲ
154 886 419 943 ἐτελεύτησεν
447 888 468 928 ὅ
494 887 718 942 βασιλεὺς,
766 886 898 930 πολλοὶ
930 891 1007 930 τοῦ
1043 887 1227 943 μεγάλου
1258 890 1424 945 δεηθείς
1467 891 1536 931 δο-

89 955 312 1006 μεστήιου,
359 955 496 995 καίτοι
540 955 616 995 καί
649 952 812 995 οἴκοθεν
850 954 1101 1010 ὡρμημένου
1144 961 1274 997 ποιεῖν
1300 954 1431 998 αὐτὸν
1458 952 1536 1011 εὖ,

83 1016 159 1072 τὴν
199 1019 278 1071 μὲν
317 1021 392 1060 τοῦ
427 1017 625 1072 μεσάζειν
662 1019 890 1074 ὑπηρεσίαν
928 1022 1224 1076 ἐνεχειρίσθη,
1265 1020 1341 1076 τὴν
1380 1023 1427 1063 δὲ
1454 1023 1538 1064 τῶν

82 1085 310 1137 βασιλικῶν
321 1084 553 1139 χρημάτων
582 1084 775 1140 φυλακην
802 1080 959 1138 οὐκέτι,
989 1087 1123 1127 καίτοι
1140 1102 1186 1141 γε
1213 1085 1359 1140 ἐζιιελλε
1385 1086 1537 1143 μικρὸν

83 1146 262 1205 ὕστερον
283 1150 358 1191 καί
376 1150 547 1205 ταύτην,
579 1148 636 1200 ῶς
665 1148 686 1191 ὃ
714 1152 844 1205 μέγας
872 1148 1046 1206 ὕστερον
1068 1153 1309 1204 δομέστικος
1328 1154 1538 1207 διεβεβαι-

117 1216 137 1226 ‘v
264 1213 276 1227 ζ
418 1213 425 1225 ἲ
523 1219 531 1230 x
626 1217 645 1226 συ
709 1213 722 1228 Ἴ
801 1219 820 1228 ιν
878 1218 891 1231 3
937 1215 945 1228 ἱ
1047 1217 1060 1231 5
1108 1220 1116 1231 1
1276 1221 1284 1231 ⁸
1400 1218 1409 1231 ἱ
1467 1218 1480 1232 C

34 1218 198 1260 150vw.
256 1231 276 1256 ο
307 1216 352 1258 δὲ
381 1233 456 1270 την
482 1233 561 1268 μεν
588 1233 668 1258 των
697 1234 843 1271 αρχων
873 1219 976 1258 ιδων
1012 1221 1173 1267 ευθέως
1211 1235 1280 1259 και
1308 1234 1416 1271 μετα
1455 1236 1531 1276 ρᾳ-
1548 1223 1582 1259 Ρ.
1596 1224 1662 1269 398

82 1279 238 1336 στώνης
269 1281 381 1337 αὐτῷ’
405 1284 737 1337 προσγενομένην
763 1279 853 1336 ἅμα
883 1283 940 1339 τῷ
969 1285 1138 1337 αἰτῆσαι
1148 1318 1159 1336 ,
1199 1283 1276 1338 τὴν
1311 1282 1456 1339 ἑτέραν
1491 1286 1538 1325 δὲ

83 1345 259 1396 οὐκέτι,
297 1348 348 1387 ου’
384 1349 468 1387 τῶν
507 1350 835 1402 παρεσχημένων
863 1349 985 1390 ἕνεκα
1014 1349 1133 1405 ἐπῄει
1172 1352 1333 1401 μᾶλλον
1357 1348 1538 1404 χάριτας

84 1410 324 1466 ὁμολογεῖν,
361 1408 388 1466 ἢ
437 1411 703 1466 ἀμύνεσθαι,
738 1408 797 1455 ῶν
828 1413 982 1462 ἀδίκως
1036 1409 1139 1472 <glevo
1190 1417 1533 1470 α’ποστερεῖσθαι.

85 1478 259 1528 νομίσας
287 1478 332 1518 δὲ
360 1477 432 1518 καί
454 1477 653 1529 βασιλίδα
679 1480 757 1530 μὲν
783 1479 1106 1534 ἐπιτετραφέναι
1132 1482 1190 1535 τῷ
1212 1478 1379 1537 μεγάλῳ
1410 1482 1536 1534 δομε-

30 1543 206 1598 αοστίκῳ
236 1543 480 1597 α’μφοτέρας
519 1545 658 1599 ἐκείνῳ
686 1542 934 1599 ἐγχειρίζειν
961 1543 1035 1592 τὰς
1062 1544 1203 1599 ἆρχάς
1223 1577 1235 1598 ,
1280 1543 1352 1587 τὸν
1383 1546 1430 1586 δὲ
1452 1562 1536 1598 χα-

84 1604 300 1660 ριζόμενον
321 1612 406 1655 τοῖς
430 1606 502 1661 τὴν
527 1605 674 1661 ἑτέραν
710 1607 880 1661 ἔχουσιν
919 1611 1164 1664 α’ποστερεῖν
1200 1613 1382 1662 ἐκεῖνον,
1429 1608 1535 1664 ἔγνω

84 1673 174 1713 δεῖν
200 1672 478 1728 προσκρούειν
507 1673 701 1727 φανερῶς
738 1675 812 1714 καί
850 1676 1037 1727 βασιλίδι
1074 1675 1344 1729 προσελθών,
1375 1675 1534 1730 παρόν-

83 1752 152 1785 τος
177 1739 335 1778 ἐκείνου
363 1738 437 1779 καί
461 1739 756 1792 διαλεγομένου
771 1772 782 1793 ,
804 1737 914 1791 „s'yai
938 1740 1095 1791 νομίζω
1108 1742 1144 1792 ,”
1163 1735 1284 1780 ἐἶπεν
1304 1741 1385 1792 ,,ου’
1402 1739 1533 1794 μόνον

82 1799 158 1855 τήν
184 1801 280 1854 ἐμοὶ
303 1803 623 1857 παρεσχημένην
651 1806 725 1845 νῦν
753 1802 891 1859 α’ρχὴν
911 1836 922 1857 ,
968 1803 1075 1845 ἀλλὰ
1110 1803 1184 1845 καί
1223 1803 1389 1859 πάσας,
1428 1802 1531 1855 ὅσας

28 1861 266 1922 25ἇρχουσι
286 1867 512 1922 Ῥωμαῖοι,
550 1868 601 1909 οὔ
635 1868 749 1925 παρὰ
785 1870 969 1924 μεγάλου
999 1871 1270 1923 δομεστίκου,
1307 1871 1421 1928 παρὰ
1448 1874 1565 1915 σοῦΒ

82 2047 290 2089 quaestores
318 2043 493 2089 Georgius
519 2043 787 2089 Pepagomenus
825 2048 862 2077 et
887 2043 1057 2077 Nicolaus
1083 2045 1346 2080 Melitenensis.
1394 2048 1528 2083 Verum

81 2089 147 2123 ubi
170 2094 208 2122 et
232 2090 271 2122 in
293 2090 426 2123 litteris
453 2090 693 2135 imperatoriis
725 2097 763 2125 et
785 2093 824 2124 in
852 2091 1040 2135 pecuniis,
1079 2097 1120 2125 ut
1147 2092 1362 2135 docuimus,
1397 2094 1527 2130 fraude

82 2147 168 2169 usus
193 2141 272 2177 est,
297 2137 565 2182 improbitatem
592 2137 790 2171 detestatus
817 2138 1040 2181 imperator,
1063 2138 1238 2171 honorem
1267 2140 1322 2180 ei,
1359 2152 1431 2186 quo
1462 2154 1526 2186 pa-

81 2193 159 2215 rum
184 2182 247 2215 diu
273 2184 410 2228 gavisus
438 2190 534 2224 erat,
564 2183 751 2229 abrogavit
774 2184 939 2229 vixitque
965 2183 1011 2216 ad
1043 2189 1185 2230 tempus
1211 2186 1313 2219 nulla
1337 2187 1526 2222 functione

78 2229 236 2274 publica.
284 2230 450 2263 Extincto
475 2232 693 2274 imperatore
709 2255 718 2270 ,
744 2242 912 2276 magnum
933 2230 1192 2273 domesticum,
1219 2244 1436 2278 quamquam
1461 2247 1526 2280 per

79 2287 118 2309 se
145 2276 348 2319 cupientem
375 2278 430 2309 ilii
456 2277 690 2317 benefacere,
725 2285 890 2322 precatus
907 2303 916 2318 ,
951 2277 1106 2311 officium
1135 2279 1457 2321 administratoris,
1487 2288 1525 2315 at

79 2334 155 2356 non
191 2322 265 2354 fisci
299 2323 574 2366 praefecturam,
615 2324 797 2358 obtinuit:
837 2325 1006 2364 tametsi,
1047 2331 1088 2358 ut
1123 2337 1269 2370 magnus
1309 2326 1523 2362 domesticus

80 2367 228 2408 aiebat,
269 2370 377 2411 paulo
414 2376 497 2415 post
535 2375 572 2402 et
607 2369 701 2403 hanc
738 2371 967 2404 obtinuisset.
1018 2371 1064 2404 At
1099 2372 1163 2405 illc
1196 2383 1274 2404 cum
1310 2380 1472 2408 cerneret
1502 2387 1521 2409 e

79 2414 317 2460 praefecturis
341 2416 434 2450 hanc
459 2419 579 2450 statim
605 2427 646 2448 ac
669 2418 796 2458 facile,
831 2418 940 2451 simul
964 2423 1005 2451 ut
1028 2419 1200 2463 petisset,
1228 2420 1439 2464 contigisse,
1465 2422 1519 2455 al-

79 2466 192 2494 teram
227 2472 302 2494 non
343 2463 519 2506 amplius:
553 2474 631 2496 cum
655 2470 802 2508 propter
825 2471 970 2509 accepta
1007 2466 1140 2508 gratias
1173 2475 1277 2508 agere
1312 2466 1518 2509 debuisset,

80 2508 151 2552 ipsi
177 2508 224 2541 ob
250 2519 315 2546 ea,
348 2510 479 2553 quibus
503 2521 540 2543 se
566 2511 700 2544 iniuste
726 2513 903 2555 prIVatum
930 2512 1108 2552 ducebat,
1144 2512 1322 2544 ultionem
1354 2514 1517 2557 parabat.

80 2554 191 2586 Batus
227 2564 310 2586 vero
350 2555 612 2600 imperatricem
653 2560 781 2601 magno
814 2559 1023 2591 domestico>
1048 2560 1237 2603 utriusque
1269 2559 1516 2604 praefecturae

80 2601 120 2633 in
143 2602 260 2644 ipsum
283 2602 519 2635 conferendae
546 2608 763 2648 pot-estatem
791 2604 934 2638 dedisse
951 2629 959 2642 ,
993 2615 1149 2650 eumque
1175 2616 1246 2650 quo
1270 2606 1417 2639 aiteram
1446 2607 1517 2640 ha-

79 2646 253 2680 bentibus
278 2649 559 2690 gratificaretur,
584 2651 680 2683 illam
706 2650 776 2683 sibi
805 2650 1012 2691 detrahere,
1037 2653 1074 2684 in
1101 2652 1178 2684 eius
1202 2652 1323 2685 odium
1345 2656 1519 2689 offensio-

78 2704 236 2739 nemque
262 2699 386 2738 aperte
415 2697 596 2729 incurrere
622 2699 767 2730 statuit:
793 2702 829 2731 et
856 2697 901 2729 ad
928 2699 1192 2739 imperatricem
1217 2700 1420 2743 ingrediens
1437 2726 1445 2740 ,
1473 2713 1515 2735 eo

76 2746 266 2784 praesente
292 2745 328 2773 et
352 2754 432 2774 curn
457 2742 520 2775 illa
548 2744 790 2789 colloquente,
821 2744 973 2789 opinor,
998 2745 1121 2790 inquit
1138 2770 1147 2785 ‚
1177 2756 1251 2778 non
1277 2747 1393 2778 solum
1419 2758 1516 2780 nunc

78 2785 168 2819 mihi
204 2788 424 2822 commissam
455 2790 734 2834 praefecturam,
768 2791 833 2824 sed
864 2801 1007 2833 omnes,
1055 2803 1142 2836 quas
1174 2793 1322 2826 Romani
1357 2792 1514 2834 habent,
