1812 3146
537 205 914 250 HISTORIARUM
954 211 1027 250 111.
1055 211 1127 256 82.
1449 188 1559 247 503

116 306 170 362 δὴ
208 307 340 349 ταῦτα
375 305 474 362 περὶ
505 310 700 350 πλείστου
741 311 952 362 τιθέμενοι
979 311 1115 366 σαφές
1140 325 1183 352 τι
1211 308 1311 366 περὶ
1334 311 1413 352 τοῦ
1437 309 1553 364 παροὶ
1568 320 1753 368 Α.(3.ι345

113 372 336 425 Ῥωμαίοις
370 374 634 428 κεκινημένου
661 376 847 427 πολέμου
891 377 1069 429 γνῶναι,
1118 377 1205 418 δεῖν
1233 374 1443 430 ἔγνωσαν,
1470 373 1565 418 ἐπεὶ

114 436 236 492 ἐγγυς
271 433 324 493 ἦν
350 438 796 493 ἐστρατοπεδευμένος,
836 442 1013 494 πέμπειν
1041 440 1144 495 πρὸς
1179 441 1308 483 αὐτόν
1346 434 1491 495 τινας,
1521 440 1567 484 οἳ

116 503 397 556 διαλεξόμενοι
441 502 518 554 τὰς
554 506 694 554 αἰτίας
734 504 921 548 εἴσονται
964 509 1139 562 σαφῶς,
1171 508 1215 558 ἐξ
1243 501 1302 548 ὧν
1329 506 1351 547 ὅ
1379 504 1561 560 πόλεμος

91 567 314 623 5κεκίνητο.
345 567 421 611 καί
438 571 649 623 πέμπουσι
677 569 755 612 δύο
783 569 911 625 τινας,
936 574 1010 627 τῆς
1038 574 1119 614 τῶν
1146 571 1380 628 μενουρίων.
1405 569 1561 624 τάξεως

114 633 343 688 μοναχοὺς,
367 633 563 686 συνετούς
585 637 664 688 μὲν
685 638 759 679 καί
785 631 945 691 ἄλλως,
973 633 1022 679 οὗ
1052 636 1139 693 μὴν
1171 634 1278 682 α’λλά
1309 636 1384 680 καὶ
1406 640 1560 694 σοφίας

114 702 189 754 τῆς
215 698 331 756 παρὰ
352 700 578 755 Ῥωμαίοις
599 703 661 751 εἰς
687 696 817 759 ἄκρον
844 704 1095 759 ἐληλακότας
1134 705 1207 746 καὶ
1245 701 1299 745 ‘tu'
1319 705 1597 759 Ἀριστοτὲ-Ρ.
1619 713 1690 761 634

114 768 213 815 λους
241 766 440 809 κάλλιστα
481 769 798 824 ἐξησκημένους.
848 764 900 824 ἦν
933 771 979 812 δὲ
1009 768 1032 811 ὅ
1060 771 1138 823 μὲν
1171 769 1310 826 ἕτερος
1334 765 1477 811 αὐτῶν
1513 771 1561 812 ἐκ

117 832 313 885 Σαβωΐας
336 834 411 887 τῆς
438 833 633 892 πατρῴας
661 836 795 884 οἰκίας
810 829 941 891 Ἀννῃ
983 837 1035 893 τῇ
1061 837 1272 889 βασιλίδι,
1299 838 1383 878 τῶν
1409 850 1561 890 μενου-

67 898 220 951 ιορίων
246 894 496 952 ἡγούμενος·
553 898 620 941 διὸ
646 899 720 942 καί
747 898 843 942 τότε
868 899 973 956 πρὸς
997 901 1176 955 βασιλέα
1204 899 1320 956 παρὰ
1347 904 1431 943 τῶν
1457 900 1562 955 ὅμο-

116 961 264 1019 φύλων
286 964 511 1020 ἐπέμφθη,
538 964 593 1007 ἵν’
621 964 679 1015 ὥς
703 963 890 1018 μάλιστα
916 967 992 1016 τάς
1019 966 1158 1016 αἰτίας
1185 964 1353 1023 ἐξετάσῃ
1381 968 1458 1008 τοῦ
1483 981 1562 1008 πο-

114 1028 275 1082 λέμου,
324 1030 378 1086 τῇ
421 1028 527 1086 πρὸς
560 1033 762 1083 βασιλίδα
803 1030 884 1087 τὴν
903 1027 1060 1074 ’Ἅνναν
1100 1031 1309 1087 οἰκειότητι
1354 1032 1406 1072 οὐ
1431 1030 1561 1085 μόνον

115 1095 288 1147 βασιλεῖ
310 1093 372 1150 μή
400 1096 695 1151 χαριζόμενος,
727 1096 833 1139 α’λλὰ
864 1097 938 1139 καί
964 1099 1190 1152 ἀντιλέγων
1208 1096 1280 1138 καί
1305 1098 1561 1152 α’πελέγχων,

114 1156 194 1203 ὅσα
222 1160 401 1202 δυνατά·
441 1161 465 1202 ὅ
494 1163 542 1204 δὲ
585 1161 730 1213 λοιπὸς
767 1166 850 1205 τῶν
882 1164 1184 1216 ἐξεταζομένων
1219 1161 1426 1218 α’κροατῆς
1465 1161 1561 1206 ἐσό-

62 1222 233 1279 15μενος
259 1225 388 1278 μόνον
415 1223 526 1281 ἥκει,
568 1229 638 1270 ἵνα
667 1227 726 1283 μη
757 1230 911 1278 ἐκεῖνος
941 1223 1073 1278 αὖθις
1103 1229 1379 1284 χαριζόμενος
1406 1225 1559 1287 ἑαυτῷ,

111 1287 390 1347 ἀποκρύπτειν
427 1291 602 1348 ἐθελήσῃ
632 1293 814 1349 τάληθῆ.
860 1293 1055 1343 ἐλθόντες
1085 1296 1131 1336 δὲ
1161 1295 1220 1343 εἰς
1248 1293 1295 1335 τὸ
1326 1293 1558 1348 στρατόπε-

112 1359 187 1399 δον
227 1360 301 1399 καί
338 1359 513 1410 βασιλέα
555 1360 967 1415 προσαγορεύσαντες
986 1392 998 1413 ,
1041 1356 1158 1414 ἥκειν
1183 1362 1263 1412 μὲν
1291 1358 1457 1415 ἔφασαν
1484 1358 1589 1409 καίΒ

113 1419 282 1475 ὁμιλίας
317 1423 436 1465 ἕνεκα
475 1423 550 1466 καὶ
574 1427 801 1478 συντυχίας
833 1428 906 1481 τῆς
939 1425 1047 1481 πρὸς
1084 1424 1244 1479 αὐτὸν,
1274 1422 1405 1475 οὕτως
1432 1424 1558 1479 ε’γγύς

112 1489 554 1543 ἕστρατοπεδευμένου.
608 1487 656 1532 τὸ
684 1487 869 1543 μάλιστα
909 1492 956 1533 δὲ
983 1496 1132 1532 πεῖσαν
1160 1487 1267 1532 εἶναι
1297 1491 1558 1546 α’φικέσθαι,

59 1549 183 1595 αοὸτι
218 1553 372 1608 χρόνον
408 1550 488 1609 ἤδη
524 1554 678 1609 συχνὸν
704 1556 781 1597 τοῦ
808 1553 916 1610 πρὸς
944 1553 1149 1610 ἀλλήλους
1172 1553 1407 1607 “Ρω,ιιαιὀις
1433 1556 1558 1597 πολέ-

110 1635 194 1673 μου
226 1619 403 1661 τουτουῖ·
438 1622 703 1675 κεκινημένου
742 1623 817 1663 καί
842 1622 1207 1677 διαφθειρομένων
1238 1620 1444 1676 ὁσημέραι
1472 1623 1558 1663 τῶν

110 1685 272 1727 πόλεων
311 1685 383 1726 ὑπ’
427 1686 615 1740 α’λλήλων
663 1684 977 1738 στασιαζόντων
1027 1685 1101 1728 καὶ
1138 1687 1215 1740 τῆς
1256 1682 1385 1741 ἄλλης
1409 1685 1557 1741 χώρας

110 1750 194 1792 ὑπὸ
226 1750 458 1803 (Ρωμαίων
497 1750 570 1792 καί
603 1751 829 1807 βαρβάρων
855 1753 936 1795 τῶν
963 1749 1308 1807 κατατρεχόντων
1335 1754 1409 1793 καί
1436 1751 1555 1794 πλεί-

110 1832 221 1860 στων
264 1816 338 1858 καί
381 1816 618 1872 ἀνηκέστων
654 1818 912 1870 τελουμένων
952 1819 1026 1860 καί
1063 1819 1228 1859 πολλῶν
1268 1819 1363 1859 καθ’
1391 1815 1553 1873 ἡμέραν

58 1881 382 1937 25κτεινομένων
408 1881 483 1925 καί
505 1884 992 1941 ἔξανδραποδιζομένων,
1032 1878 1129 1926 οὔτε
1156 1880 1278 1933 λύσις
1303 1884 1385 1925 τῶν
1410 1885 1551 1926 κακῶν

110 1998 248 2030 certum
273 1993 415 2041 aliquid
440 1994 486 2030 de
508 1995 598 2029 belli
627 2006 734 2030 causa
759 1999 796 2030 et
822 1995 940 2029 initiis
966 2005 1178 2042 cognoscere
1212 1994 1415 2040 nimiopere
1439 1995 1547 2039 cupi-

111 2047 238 2082 entes,
274 2041 570 2088 quandoquidem
604 2042 634 2076 is
662 2053 777 2087 prope
809 2050 923 2076 castra
956 2043 1130 2083 haberet,
1156 2041 1331 2087 quosdam
1358 2052 1439 2074 eum
1462 2052 1546 2085 per-

111 2093 315 2122 cunctatum
351 2088 549 2123 mittendos
585 2094 811 2129 statuerunt,
849 2095 888 2123 ut
922 2090 1022 2135 quod
1051 2089 1242 2127 volebant,
1279 2087 1465 2132 explorate
1490 2086 1547 2119 di-

110 2140 260 2169 scerent.
308 2135 462 2171 Mittunt
484 2138 596 2182 igitur
619 2135 734 2176 duos,
756 2135 938 2169 Minorum
969 2135 1128 2170 instituti
1152 2133 1369 2174 monachos,
1404 2138 1546 2167 cetero-

108 2184 174 2229 qui
207 2181 404 2227 prudentes
438 2188 476 2216 et
506 2182 646 2216 Latinis
686 2182 819 2217 litteris
864 2183 1126 2217 excultissimos
1178 2186 1215 2213 et
1247 2182 1284 2214 in
1326 2180 1546 2214 Aristotelea

106 2228 340 2275 philosophia
367 2229 693 2263 exercitatissimos.
742 2228 880 2263 Horum
907 2241 998 2263 unus
1029 2234 1107 2263 erat
1138 2226 1327 2261 Sabaudus
1345 2251 1355 2266 ‚
1392 2232 1542 2272 paterna

107 2277 322 2321 cognatione
345 2275 469 2309 Annae
494 2275 715 2321 imperatrici
748 2275 913 2316 iunctus,
943 2274 1200 2310 monachorum
1232 2274 1412 2306 minorum
1442 2274 1544 2306 anti-

106 2328 190 2358 stes.
255 2321 488 2366 Quapropter
519 2327 556 2355 et
588 2327 666 2356 tum
702 2321 748 2355 ab
780 2321 1009 2367 homophylis
1043 2320 1091 2355 ad
1128 2322 1378 2365 imperatorem
1410 2320 1541 2354 missus

107 2374 188 2410 est,
212 2372 253 2401 ut
276 2369 452 2412 originem
475 2368 567 2402 belli
589 2373 753 2403 accurate
778 2367 984 2413 indagaret,
1019 2373 1055 2402 et
1079 2367 1220 2400 ratione
1253 2365 1540 2411 propinquitatis

106 2427 187 2450 cum
221 2415 450 2459 imperatrice
483 2427 557 2449 non
582 2414 691 2449 modo
715 2416 927 2460 imperatori
952 2413 1047 2448 nihil
1070 2413 1311 2453 concederet,
1342 2411 1405 2445 sed
1427 2413 1539 2446 etiam

104 2462 390 2501 contradiceret,
414 2467 663 2508 quantumque
684 2466 828 2506 posset,
852 2473 935 2496 eum
961 2461 1156 2495 refelleret-
1203 2459 1305 2493 Alter
1330 2463 1469 2492 tantum
1496 2465 1539 2494 ut

103 2511 212 2544 huius
242 2507 483 2554 indagationis
519 2508 740 2542 auscultator
773 2518 816 2540 ac
844 2510 949 2543 testis
973 2506 1166 2547 veniebat,
1198 2517 1245 2540 ne
1269 2509 1393 2550 Postea
1417 2505 1538 2539 socius

103 2556 315 2601 imperatori
348 2555 588 2600 gratificatus,
620 2554 810 2589 veritatem
849 2555 994 2592 celaret.
1041 2552 1193 2598 ingressi
1217 2552 1326 2596 igitur
1345 2557 1473 2592 castra,
1496 2563 1535 2585 se

103 2605 182 2639 eius
215 2601 455 2635 conveniendi
493 2606 530 2635 et
551 2601 763 2646 alloquendi
789 2611 916 2642 causa,
953 2599 1099 2646 quando
1124 2605 1197 2634 tam
1217 2609 1330 2644 prope
1352 2597 1536 2640 tenderet,

102 2649 293 2684 advenisse
324 2648 503 2681 dixerunt.
559 2648 789 2682 Potissimum
823 2653 945 2681 autem
976 2647 1110 2680 idcirco
1145 2647 1308 2684 venisse,
1345 2644 1445 2691 quod
1470 2645 1534 2678 diu

103 2697 173 2729 iam
212 2695 310 2728 bello
342 2693 410 2728 hoc
433 2694 529 2727 inter
551 2694 728 2728 Romanos
753 2693 907 2728 durante
923 2719 933 2735 ‚
958 2699 995 2728 et
1017 2693 1165 2727 vastati·
1190 2691 1356 2738 quotidie
1383 2691 1535 2724 urbibus

101 2743 197 2777 inter
229 2753 268 2774 se
300 2739 580 2780 dissidentibus,
620 2742 837 2787 reliquaque
871 2740 1017 2785 regione
1050 2751 1071 2773 a
1102 2739 1268 2773 Romanis
1301 2743 1338 2772 et
1368 2736 1534 2770 barbaris

101 2786 464 2836 praedatoribus,qui
488 2786 653 2832 pluribus
677 2791 714 2821 et
736 2786 1035 2834 irreparabilibus
1071 2797 1150 2821 eam
1188 2784 1415 2822 detrimentis
1445 2785 1533 2818 affe-
