1800 3138
301 189 406 255 242
819 203 1188 247 CANTActhEm

105 304 537 363 A·C·13423710177'‹5d2'10
583 301 611 358 ἢ
649 303 941 358 διειλέχθησαν
981 302 1080 359 περὶ
1117 304 1239 343 τοῦτο
1278 300 1489 357 παράπαν,
1518 295 1624 342 oin&
1653 298 1722 340 καὶ

299 372 433 412 αὗτοῦ
465 369 535 411 καί
561 369 640 422 δι’ς,
669 366 804 422 ὥσπερ
834 366 1012 423 ἔφημεν,
1047 369 1120 409 καί
1141 365 1230 422 τρῖς
1258 369 1479 420 πρεσβείαν
1508 361 1724 419 πεπομφό-

255 443 381 487 Broc,
411 431 508 476 οὔτε
533 435 802 489 ἀπεκρίναντο
830 432 975 483 οὐδὲν,
1016 430 1122 475 άλλοὶ
1151 431 1223 479 καί
1248 430 1346 480 τοὺς
1372 434 1564 486 πρέσβεις
1592 426 1721 470 πολλὰ

293 503 649 555 περιυβρίσαντες,
679 498 851 539 ἐκάκουν
883 500 926 539 ἐν
954 496 1246 551 δεσμωτηρίοις
1284 491 1363 538 ὅσα
1392 492 1562 537 δυνατά.
1614 491 1719 548 πρὸς

294 566 340 606 δὲ
368 563 466 612 τούς
493 562 690 612 συνόντας
718 562 921 618 ὁσημέραι
949 563 1088 618 κρύφα
1118 561 1343 616 διελέγοντο
1371 559 1443 602 καί
1473 557 1644 601 πλεῖστά
1672 558 1742 601 τε5,

292 631 580 684 ἐπηγγέλλοντο
609 623 658 669 εὖ
687 626 869 682 ποιήσειν
897 627 1052 669 ἐκείνου
1080 623 1353 678 ἀποστάντας,
1382 624 1454 667 καί
1470 626 1718 675 τούναντίον,
1768 680 1770 682 ¹

291 695 330 735 εἰ
354 693 413 747 μὴ
446 696 669 742 πείθοιντο,
702 694 755 733 ου’
779 691 831 733 τὰ
863 687 957 733 ὄντα
983 690 1110 744 μόνον
1139 689 1452 747 ἀφαιρήσεσθαι
1470 690 1542 730 καί
1556 690 1720 743 κτήσεις

289 756 444 813 ἑτέροις
468 756 759 812 παραδώσειν,
789 755 894 798 ἀλλά
925 756 998 797 καί
1020 759 1140 798 τέκνα
1167 755 1240 796 καί
1263 761 1458 809 γυναῖκας
1484 757 1543 804 εἰς
1572 760 1718 810 πεῖραν

290 818 401 873 ἄξειν
442 819 640 876 ἀλγεινῶν
676 823 850 864 πολλῶν.
906 818 931 862 ἃ
961 821 1090 862 ἐδόκει
1121 819 1278 877 φοβερὰ
1307 825 1391 870 τοῖς
1419 821 1718 875 εὐγενεστέροις

286 889 472 940 μάλιστα
511 884 728 942 προσόδων
763 886 955 940 μεγάλων
996 883 1384 940 ἀποστερουμένοις.
1446 882 1504 928 ὧν
1530 884 1603 926 καί
1627 881 1769 926 mirem

286 953 562 1007 μεμνημένοι,
606 948 780 993 κωλύειν
822 949 893 992 διὰ
933 950 1097 993 πάντων
1135 950 1374 1005 ἐπεχείρουν
1412 953 1587 1004 βασιλέα
1613 946 1718 1003 πρὸς

162 1025 199 1060 Ρ-
216 1024 276 1067 48ι
294 1018 543 1072 ὑπερορίους
570 1019 744 1072 έξορμᾷν
773 1016 1015 1071 στρατείας,
1043 1013 1244 1069 οἰόμενοι,
1273 1012 1326 1058 ἂν
1353 1013 1586 1066 κωλύσωσι,
1613 1012 1719 1069 πρὸς

283 1080 421 1138 ἕτερόν
458 1098 498 1124 τι
524 1085 755 1136 τρέψεσθαι
796 1074 1140 1136 λυσιτελέστερον.
1213 1079 1412 1135 βασιλεύς
1450 1082 1496 1123 δὲ
1532 1085 1618 1128 τοῖς
1645 1080 1718 1128 (ἐπ’

284 1148 418 1200 α’ρχῆς
446 1149 634 1199 ἐμμένων
664 1147 722 1195 ὥς
749 1148 881 1195 καλῶς
908 1147 1258 1199 βεβουλευμένοις,
1284 1143 1390 1202 ἄρας
1417 1148 1461 1187 ἐκ
1486 1147 1562 1188 τοῦ
1588 1161 1717 1199 στρα-

282 1213 475 1264 τοπέδου,
504 1206 575 1266 ἧκε
603 1210 706 1265 πρὸς
729 1208 867 1261 Ἀξιὸν
897 1210 952 1259 ὥς
981 1209 1287 1266 διαβησόμενος,
1313 1211 1552 1253 συνείποντο
1581 1211 1626 1250 δὲ
1646 1208 1769 1250 καίῐ5

284 1277 321 1318 οἱ
350 1272 496 1329 ἄλλοι,
526 1276 563 1317 οἱ
602 1279 680 1329 μὲν
723 1273 904 1328 ἑκόντες,
942 1275 980 1317 οἱ
1020 1278 1060 1317 δ’
1097 1275 1263 1333 α’νάγκῃ.
1319 1274 1485 1329 συμβὰν
1514 1277 1560 1316 δὲ
1589 1271 1714 1326 οὕτω,

284 1343 384 1395 περί
420 1340 471 1383 τά
512 1340 650 1396 ὀρεινὰ
685 1336 850 1396 ὄμβρων
900 1341 1109 1397 ῥαγδαίων
1150 1337 1516 1396 καταρραγέντων,
1562 1334 1716 1393 ἄπορος

283 1406 477 1461 ἐφαίνετο
516 1405 538 1446 ὃ
579 1404 763 1458 ποταμὸς
811 1405 891 1446 ὑπὸ
933 1404 1196 1460 πλημμύρας.
1269 1404 1715 1460 στρατοπεδευσάμενοι

283 1473 330 1512 δὲ
360 1473 458 1522 ἐκεῖ,
489 1473 727 1525 περιέμενον
757 1470 812 1518 ὥς
839 1470 1119 1525 λωφησάντων
1147 1469 1472 1524 περαιωσόμενοι
1500 1471 1582 1510 τῶν
1610 1465 1714 1508 ὑδά-

282 1551 376 1576 των.
430 1533 481 1576 τα“
521 1536 566 1575 δὲ
595 1534 717 1576 ου’δὲν
746 1530 868 1588 ἧττον
898 1531 1148 1587 ἐπληθύνετο
1175 1533 1247 1574 καί
1272 1533 1457 1583 ὑποψίαν
1483 1538 1683 1585 παρεῖχεν
1699 1547 1767 1584 ,20

283 1598 339 1647 ὥς
379 1601 453 1640 οὐκ
490 1602 531 1640 ἐν
570 1600 691 1656 ὀλίγῳ
726 1598 864 1640 δίοδον
892 1601 1132 1654 παρέξοντα.
1186 1598 1435 1640 ἐπιλελοίπει
1461 1613 1503 1639 τε
1530 1593 1608 1651 ἤδη
1636 1597 1710 1637 καὶ

283 1664 304 1706 ὃ
332 1671 443 1714 σῖτος
469 1663 544 1719 τήν
572 1663 782 1719 στρατιάν.
839 1664 949 1720 ὁρῶν
977 1665 1023 1705 δὲ
1051 1666 1124 1706 καί
1150 1663 1174 1704 ὁ
1200 1661 1411 1717 βασιλεῦς,
1441 1662 1498 1711 ὥς
1525 1657 1606 1714 ὅ,τε
1632 1659 1707 1702 πό-

375 1807 428 1831 22.
457 1796 519 1828 καὶ
544 1806 611 1828 om.
636 1796 670 1829 P.

282 1930 354 1962 lam
384 1930 579 1970 miserant,
609 1939 727 1974 neque
761 1939 867 1973 super
893 1929 962 1962 hoc
989 1928 1182 1974 quidquam
1207 1939 1285 1961 cum
1313 1940 1355 1961 eo
1381 1932 1544 1972 egerant3
1580 1938 1703 1962 verum

282 1977 390 2008 etiam
415 1976 470 2008 bis
495 1981 563 2015 ter,
584 1981 624 2007 ut
648 1975 888 2014 meminimus,
909 1975 985 2007 eius
1010 1976 1134 2018 legatis
1160 1974 1252 2008 nihil
1277 1974 1544 2018 responderant,
1570 1984 1702 2019 cosque

280 2022 390 2055 variis
416 2021 557 2054 iniuriis
584 2032 688 2065 quam
713 2026 906 2065 potuerant
930 2021 1285 2055 contumeliosissime
1303 2025 1470 2053 vexarant
1493 2030 1703 2064 carcereque

280 2069 530 2101 multaverant.
556 2066 625 2099 Sed
641 2068 825 2110 Byzantios
840 2067 1062 2109 imperatoris
1080 2067 1339 2100 commilitones
1365 2066 1528 2112 quotidie
1551 2066 1701 2100 occultis

279 2114 514 2147 internuntiis
533 2114 721 2145 tentabant
742 2118 778 2145 et
805 2113 834 2145 si
861 2112 1065 2151 deficerent,
1093 2112 1266 2145 beneficia
1289 2113 1400 2145 multa
1421 2111 1699 2156 promittebant:

281 2165 404 2192 contra
430 2161 500 2192 nisi
527 2159 819 2203 obsequerentur,
843 2170 916 2190 non
939 2158 1126 2194 facultates
1151 2158 1336 2192 dumtaxat
1356 2157 1537 2191 ablaturos
1559 2162 1596 2191 et
1614 2169 1700 2202 pos-

280 2207 454 2238 sessiones
477 2204 782 2239 aliis,a‹l‹tict111·os
798 2228 807 2242 ‚
836 2203 899 2236 sed
925 2210 961 2237 et
984 2204 1116 2237 liberos
1141 2215 1262 2237 eorum
1287 2210 1324 2237 et
1345 2215 1472 2237 uxores
1495 2203 1616 2237 multis
1639 2203 1699 2237 in-

279 2252 474 2284 commodis
496 2250 733 2292 exagitnturos
748 2249 987 2295 minabantur.
1015 2249 1117 2291 Quae
1132 2249 1373 2283 nobilioribus
1388 2251 1593 2294 praesertim
1617 2260 1698 2282 am-

277 2299 357 2341 plos
383 2308 508 2330 census
535 2295 781 2334 amittentibus
805 2295 993 2328 horribilia
1013 2295 1243 2329 videbantur:
1281 2307 1430 2342 quorum
1456 2301 1492 2328 et
1512 2301 1598 2329 tunc
1621 2305 1696 2328 me·

278 2354 409 2384 mores,
435 2342 531 2376 omni
549 2353 616 2387 ope
637 2344 887 2386 imperatorem
911 2342 1078 2375 cohibere
1097 2342 1299 2382 tentabant,
1324 2353 1368 2375 ne
1387 2345 1487 2374 extra
1506 2342 1593 2375 fines
1617 2351 1697 2374 cum

280 2391 438 2422 exercitu
462 2394 730 2434 prorumperet,
765 2392 968 2431 sperantes,
1002 2388 1031 2420 si
1056 2387 1094 2420 id
1130 2387 1393 2426 obtinuissent,
1421 2398 1501 2421 eum
1525 2387 1572 2420 ad
1596 2386 1697 2421 aliud

279 2434 451 2479 quiddam
476 2435 692 2468 fructuosius
717 2444 922 2466 conversum
951 2434 1008 2470 iri.
1058 2435 1251 2478 Imperator
1277 2434 1418 2466 consilii
1449 2433 1559 2466 semel
1583 2431 1693 2477 eapti,

278 2485 320 2512 ut
346 2481 490 2524 optimi,
526 2485 634 2513 tenax
650 2506 659 2521 ,
691 2479 796 2512 motis
821 2479 942 2512 castris
967 2478 1012 2512 ad
1034 2479 1160 2512 Axium
1194 2480 1312 2524 copias
1339 2479 1605 2513 transducturus
1632 2487 1694 2510 ve-

277 2525 343 2557 nit.
391 2526 470 2558 Pars
494 2526 636 2565 volem,
667 2537 745 2568 pars
772 2526 881 2559 invita
906 2525 1156 2570 sequebantur.
1205 2525 1311 2559 Forte
1344 2526 1382 2558 in
1412 2525 1588 2558 montanis
1619 2524 1694 2560 im-⁴

277 2569 357 2603 bres
382 2570 544 2614 abruptis
574 2572 733 2604 nubibus
758 2572 1072 2614 ingeminaverant‚
1100 2575 1136 2603 et
1161 2571 1287 2604 fluvius
1313 2582 1419 2615 super
1440 2572 1470 2605 ri
1498 2581 1535 2604 as
1558 2570 1691 2614 stagnis

277 2617 427 2656 effusus,
452 2619 640 2649 transmitti
669 2626 740 2650 non
765 2622 916 2660 poterat,
940 2616 994 2650 lbi
1018 2617 1126 2661 igitur
1149 2617 1270 2650 castris
1294 2618 1443 2660 positis,
1493 2626 1552 2648 um
1575 2625 1691 2661 aquae

276 2661 526 2700 subsiderent,
551 2663 812 2706 exspectabant.
862 2662 1003 2706 Quibus
1028 2662 1264 2696 nihilominus
1289 2661 1590 2702 increscentibus,
1626 2672 1693 2694 su-

276 2708 389 2752 spicio
418 2713 513 2745 erat,
539 2708 678 2749 longius
705 2714 900 2742 extractum
933 2709 978 2741 iri
1002 2710 1212 2742 transitum:
1238 2714 1274 2742 ct
1299 2710 1369 2742 iam
1394 2711 1605 2743 commeatus
1628 2717 1692 2739 ex-

277 2753 425 2788 ercitum
455 2752 643 2788 defecerat.
699 2755 803 2799 Quae
828 2754 898 2789 duo
931 2765 1011 2788 cum
1045 2760 1206 2789 cerneret
1229 2756 1443 2800 imperator,
1477 2762 1692 2800 quamquam
