1812 3146
307 165 421 239 494
837 180 1203 225 CANTAcUzm

110 292 294 337 A.c.1344
311 284 393 323 τῶν
424 282 604 335 σαρκῶν.
630 280 651 322 ὅ
681 281 722 322 δ’
740 278 959 322 ὑπώπτευε
984 284 1063 333 μὲν
1088 279 1262 336 σκήψεις
1288 276 1393 325 εἰναι
1411 285 1483 325 καί
1511 283 1744 340 προφάσεις

304 345 356 388 τά
399 348 574 388 τοιαῦτα
617 348 691 387 καί
721 344 933 402 εἰρωνείαν
968 347 1180 402 οἷκριβῶς·
1227 349 1286 404 τῷ
1316 350 1362 390 δὲ
1387 348 1598 404 κατάκρας
1623 350 1746 405 ἡττῆ-

302 415 407 455 σθαι
443 413 501 468 τῷ
538 413 612 467 τῆς
654 408 777 466 κόρης
823 409 972 466 ἔρωτι,
1020 409 1049 453 ἃ
1089 411 1162 453 καί
1201 413 1318 467 ὀλίγα
1358 414 1521 469 φρενῶν
1558 417 1745 468 μετέχων

304 479 481 531 συνῆκεν
508 471 559 519 ἄν
588 494 675 530 τις,
719 475 843 525 αὐτὸς
871 478 1062 530 ἐβούλετο
1093 479 1252 531 α’γνοεῖν
1279 480 1352 520 καί
1379 477 1515 520 ἐδόκει
1547 481 1633 521 δεῖν
1658 485 1744 528 τοῖς

304 542 724 596 καταγελαστοτάτοις
760 543 1026 598 ἐπιχειρητέα
1071 538 1180 584 εἶναι
1209 541 1278 585 διὰ
1308 542 1381 599 την
1408 543 1549 599 κόρην.
1604 539 1768 587 διαλε·5

261 616 289 650 C
299 607 422 661 χθεὶς
450 609 498 650 δέ
522 624 603 650 τινι
629 609 759 665 ἰατρῷ
785 609 829 658 ἐξ
854 609 1027 657 Ἰταλίας
1056 608 1272 667 α’φιγμένῳ
1302 611 1401 664 περὶ
1425 612 1501 664 τῆς
1527 614 1742 666 πολυσαρ-

304 672 396 722 κίας
412 705 424 726 ,
466 671 610 715 ἔπειθε
652 671 850 727 μεγάλοις
893 677 1061 727 μισθοῖς
1103 672 1452 728 ἐπαγγελλόμενον
1490 675 1564 717 καί
1589 671 1740 728 αὖτόν,

291 738 498 788 ἐὐσταλὲς
525 738 571 780 τὸ
603 741 724 792 σῶμα
753 739 827 781 καί
850 736 1088 794 σύμμετρόν
1112 755 1196 781 τισι
1223 738 1413 795 ποιήσειν
1441 741 1739 796 φαρμακείαις,

167 804 375 847 Υ.5ο3·και“
414 803 465 860 δη
499 798 631 846 τᾶλλα
659 803 792 846 πάντα
820 803 995 860 δεύτερα
1024 802 1269 859 ἡγούμενος,
1317 809 1508 861 λουτροῖς
1538 805 1741 860 ἐσχόλαζε

302 872 377 912 καί
401 871 559 923 ἐμέτοις
587 870 660 911 καί
685 868 881 912 κενώσεσι
907 868 1113 925 γαστρὸς,
1153 865 1182 927 ᾗ
1210 872 1266 928 τῷ
1294 871 1426 928 ἰατρῷ
1449 869 1598 913 ἐδόκει.
1653 870 1793 912 ‹ilc-10

300 937 464 989 γοσιτία
491 950 538 976 τε
581 941 777 991 προσεῖχε
816 934 890 977 καί
913 931 1047 977 τᾶλλα
1076 934 1212 977 πάντα
1240 934 1500 990 ἐπετήδευεν,
1530 932 1610 978 ὅσα
1637 934 1741 991 πρὸς

301 1000 529 1056 λεπτότητα
564 1002 820 1056 συναίρεται.
875 1001 918 1053 ἐξ
962 994 1020 1043 ὧν
1058 1001 1195 1056 η’τόνει
1231 1003 1308 1054 μὲν
1335 1001 1409 1043 καί
1451 998 1636 1058 ἆδρανὴς
1662 995 1763 1057 vivs

301 1069 376 1109 καί
400 1063 632 1122 παρελύετο
659 1065 734 1122 τὴν
763 1066 931 1122 ῥώμην,
964 1065 1163 1122 ἦγαστὴρ
1186 1069 1231 1109 δὲ
1249 1063 1367 1121 ὄλίγα
1395 1066 1497 1123 πρὸς
1525 1066 1598 1110 τὸν
1625 1062 1742 1121 ἷῖγκον

302 1134 501 1175 ἐνεδίδου.
556 1131 822 1181 ὑποπτεύσας
861 1134 907 1174 δὲ
950 1131 973 1173 ὅ
1011 1135 1142 1187 μέγας
1180 1131 1305 1183 δοὺξ,
1349 1132 1405 1181 ὥς
1441 1130 1618 1188 ὕστερόν
1645 1147 1742 1174 ποτε

268 1194 602 1254 Βᾶπαγορεύσας
629 1195 733 1253 πρὸς
763 1195 837 1246 τοὶς
865 1198 1130 1253 φαρμακείας
1161 1195 1314 1238 εἴσεται
1341 1199 1490 1253 σαφῶς
1521 1197 1596 1252 την
1618 1197 1795 1252 εἴρω-15

252 1265 253 1268 ’
301 1265 440 1316 νείαν,
468 1261 541 1304 καί
569 1263 723 1315 δείσας,
751 1261 809 1318 μη
839 1262 909 1305 διά
939 1262 984 1305 τὸ
1016 1266 1295 1318 περιορᾶσθαι
1322 1261 1426 1317 πρὸς
1453 1264 1524 1305 τὸν
1551 1265 1641 1304 κατ’
1662 1264 1740 1304 av’-

299 1329 374 1370 τοῦ
413 1327 592 1381 πόλεμον
634 1323 763 1377 αὖθις
805 1329 988 1384 ἐκτραπῇ
1026 1329 1100 1370 καί
1139 1330 1258 1384 πείσῃ
1302 1330 1501 1381 βασιλίδα
1542 1331 1739 1370 τίθεσθαι

301 1391 485 1441 σπονδὰς
512 1391 618 1447 πρὸς
660 1392 1009 1447 Καντακουζηνόν
1047 1391 1121 1435 τὸν
1159 1394 1336 1445 βασιλέα
1363 1395 1461 1448 περὶ
1486 1392 1675 1448 εἰρήνης,
1714 1391 1740 1434 ὃ

301 1459 385 1501 τῶν
413 1457 611 1499 κινδύνων
640 1455 752 1513 αὐτῷ
777 1454 799 1497 ὅ
843 1456 1134 1512 φοβερώτατος
1161 1455 1314 1511 ἐδόκει,
1361 1458 1567 1511 ἐσκέψατο
1595 1455 1737 1515 τρόπῳ

303 1523 357 1578 δή
376 1539 455 1565 τινι
478 1523 744 1579 διαφθείρειν
761 1523 834 1564 καί
860 1519 1009 1564 αὐτόν·
1038 1524 1112 1565 καί
1138 1525 1217 1565 τῶν
1249 1521 1499 1565 συνειδότων
1525 1522 1574 1566 τὰ
1607 1520 1793 1579 ἆπόῤ-αο

303 1589 413 1645 ρητα
459 1589 574 1645 αὐτῷ
609 1604 726 1636 τινας
760 1589 1022 1644 προσέπεμπε
1059 1587 1289 1643 μηνύοντας
1328 1591 1384 1630 δι’
1419 1584 1584 1631 εὔνοιαν
1610 1590 1740 1644 δῆθεν

302 1657 359 1713 τῷ
385 1651 550 1712 μεγάλῳ
579 1656 803 1711 λογοθέτῃ,
843 1649 905 1696 ὅτι
942 1655 1109 1707 βασιλίς
1136 1655 1318 1706 μάλιστα
1347 1654 1553 1710 ὀργίζοιτο
1596 1656 1737 1712 αὐτῷ,

303 1719 378 1776 τήν
406 1721 453 1762 δὲ
481 1721 618 1762 αἰτίαν
645 1716 820 1774 ἆγνοεῖν.
876 1719 920 1762 οἳ
953 1718 1026 1762 καί
1049 1720 1224 1762 τοιαῦτα
1254 1721 1622 1775 προσαγγέλλοντες
1650 1721 1737 1771 ἐξε-

303 1844 442 1867 merum
478 1835 561 1866 'esse
608 1831 818 1877 figmentum
855 1836 893 1867 et
928 1835 1082 1866 astutam
1119 1832 1444 1866 dissimulationem
1474 1833 1734 1877 suspicabatur.

303 1878 402 1924 Quia
426 1890 509 1913 vero
535 1881 648 1912 amori
672 1879 817 1924 puellae
843 1879 988 1924 penitus
1015 1879 1266 1920 succubuerat,
1285 1890 1378 1926 quae
1402 1881 1484 1922 quis
1507 1880 1565 1913 vel
1587 1880 1735 1924 paulum

302 1927 463 1972 prudens
495 1937 570 1958 non
605 1927 825 1970 ignorasset,
855 1927 934 1970 ipse
968 1927 1106 1960 nescire
1128 1926 1298 1966 volebat,
1330 1931 1367 1959 et
1390 1927 1475 1964 eius,
1497 1936 1603 1959 causa
1627 1926 1736 1959 etiam

302 1974 378 2008 risu
412 1972 623 2018 dignissima
657 1973 728 2006 sibi
765 1971 987 2017 experiunda
1020 1972 1200 2006 censebat.
1269 1972 1479 2006 Collocutus
1512 1972 1622 2017 igitur
1656 1983 1736 2005 cum

302 2019 460 2065 quodam
497 2019 636 2052 medico
652 2045 662 2061 ,
699 2019 763 2064 qui
798 2029 842 2052 ex
865 2019 970 2052 Italia
993 2030 1109 2064 nuper
1144 2023 1311 2059 venerat,
1336 2017 1381 2051 de
1405 2019 1473 2052 ista
1496 2018 1736 2063 corpulentia,

302 2065 442 2111 ingenti
475 2065 637 2099 mercede
676 2074 759 2098 eum·
790 2065 984 2106 demulsit,
1023 2072 1060 2099 et
1095 2067 1126 2099 is
1160 2076 1198 2098 se
1235 2074 1362 2108 corpus
1402 2065 1478 2097 eius
1517 2064 1735 2110 quibusdam

301 2113 492 2146 medicinis
527 2111 572 2145 ad
606 2111 771 2145 decorem
797 2118 834 2145 et
858 2112 1095 2156 gracilitatem
1120 2111 1365 2145 traducturum
1393 2111 1598 2155 spopondit.
1649 2111 1735 2145 Mox

301 2159 519 2204 posthabitis
544 2159 735 2198 omnibus,
764 2158 808 2191 ad
831 2159 1091 2202 praescriptum
1115 2157 1244 2191 medici
1268 2157 1430 2198 balneis,
1459 2156 1733 2198 vomitionibus,

302 2206 438 2239 crebris
464 2206 534 2238 alvi
560 2204 795 2238 ductionibus
824 2204 888 2237 dat
913 2214 1079 2250 operam:
1103 2214 1228 2248 parum
1264 2203 1336 2235 cibi
1374 2209 1411 2236 et
1435 2203 1596 2247 potionis
1626 2203 1734 2237 adhi-

301 2251 367 2285 bet
404 2257 594 2297 ceteraque
628 2251 749 2283 omnia
785 2250 831 2284 ad
863 2252 1023 2296 corporis
1082 2251 1375 2283 extenuationem
1410 2250 1569 2284 valentia
1604 2249 1734 2283 sedulo

301 2304 462 2343 usurpat.
525 2299 575 2331 Ex
602 2298 735 2343 quibus
774 2297 945 2342 languor,
971 2296 1200 2330 imbecillitas
1239 2308 1502 2339 nervorumque
1542 2296 1733 2330 dissolutio

303 2345 522 2379 exsistebat:
548 2349 585 2377 at
617 2344 751 2377 ventris
784 2345 895 2377 moles
926 2355 1050 2388 parum
1086 2343 1378 2376 imminuebatur.
1439 2342 1584 2376 Veritus
1613 2346 1734 2376 autem

301 2403 446 2435 magnus
473 2391 567 2432 dux,
592 2401 638 2424 ne
662 2390 805 2423 tandem
829 2389 1029 2434 pharmacis
1055 2389 1282 2434 defatigatus,
1308 2389 1470 2422 technam
1496 2389 1736 2434 perspiceret,

303 2443 342 2470 et
373 2439 525 2476 timens,
549 2448 614 2475 ne,
652 2438 737 2482 quia
773 2441 996 2481 contemptus
1039 2441 1152 2475 esset,
1190 2447 1310 2469 rursus
1348 2447 1443 2469 arma
1468 2441 1591 2469 conti-a
1614 2437 1734 2480 ipsum

302 2485 411 2517 ferret
453 2490 561 2530 atque
600 2483 860 2528 imperatricem
895 2483 940 2516 ad
978 2481 1105 2516 foedus
1144 2493 1223 2515 cum
1250 2481 1495 2515 Cantacuzeno
1518 2481 1734 2526 patrandum

302 2530 524 2574 impelleret,
558 2540 629 2575 quo
662 2530 801 2562 nullum
835 2529 1034 2573 periculum
1067 2528 1264 2572 impensius
1289 2528 1494 2567 metuebat,
1518 2527 1616 2560 illius
1642 2538 1734 2572 quo-

302 2586 374 2622 que
399 2576 638 2609 interficiendi
666 2577 842 2609 rationem
869 2575 1091 2620 excogitavit.
1132 2575 1220 2607 Nam
1246 2574 1418 2620 quosdam
1445 2573 1515 2607 sibi
1540 2585 1561 2606 a
1585 2575 1732 2607 secretis

301 2622 426 2661 misit,
451 2623 537 2667 qui,
570 2629 610 2655 ut
638 2633 762 2667 magno
791 2621 1020 2666 logothetae,
1061 2621 1237 2654 benevolo
1265 2621 1385 2654 animo
1411 2620 1632 2660 indicarent,
1657 2620 1732 2652 Au-

303 2674 442 2714 gustam
477 2668 509 2699 ei
547 2668 674 2702 iratam
714 2680 793 2702 esse
829 2668 1079 2702 vehementer:
1125 2678 1265 2700 causam
1298 2677 1334 2701 se
1370 2667 1519 2703 nescire,
1581 2664 1733 2700 Talibus

303 2715 440 2749 nuntiis
484 2713 665 2747 hominem
709 2715 947 2748 exterrebant.
1013 2713 1152 2747 Deinde
1189 2719 1226 2746 et
1258 2714 1495 2747 iuramentum
1531 2712 1734 2757 exigebant,

303 2761 431 2796 horum
465 2771 674 2795 arcanorum
708 2761 847 2796 indices
883 2760 1021 2795 nemini
1045 2760 1282 2806 proditurum.
1330 2760 1389 2793 Sic
1410 2759 1466 2792 illi
1491 2759 1530 2793 in
1553 2769 1734 2794 commen.
