1820 3138
285 196 404 264 406
821 212 1192 257 cmi-Aemi

88 326 170 361 ΑΒ.
190 327 274 373 ι343
286 314 505 370 συμπλοκή
535 315 617 356 τῶν
648 317 960 370 στρατοπέδων,
989 315 1273 367 ὁπλισάμενος·
1300 311 1452 369 ἐχώρει
1490 310 1595 366 μετὰ
1635 312 1720 352 τῶν

282 380 550 436 προτάκτων·
577 386 738 430 κοντοῖς
766 383 812 423 δὲ
839 386 922 424 τῶν
949 382 1156 433 πολεμίων
1183 380 1297 435 τρισί
1322 376 1574 434 περιτυχών,
1602 373 1717 431 παρὰ

283 443 410 500 δόξαν
440 445 645 501 διεσώθη,
677 445 783 501 πρὸς
811 445 888 498 τοὶς
916 446 1073 501 πληγάς
1116 447 1198 487 τῶν
1235 440 1372 485 ὅπλων
1414 438 1718 496 ἀντισχόντων,

287 512 360 552 καί
385 510 542 560 πολλὰς
581 511 783 566 ὡμολόγει
820 515 992 566 βασιλεῖ’
1021 510 1199 567 χάριτας
1238 512 1310 564 τῆς
1349 510 1569 562 σωτηρίας.
1625 506 1719 546 εἰω-

287 574 392 618 θότα
419 575 498 632 γὰρ
528 574 668 619 ὅπλων
698 575 914 631 μάχεσθαι
939 579 1099 632 χωρίς,
1131 575 1153 617 ὅ
1195 572 1393 629 βασιλεὺς
1419 573 1596 627 ἡμέραις
1629 571 1742 613 dil-5

287 657 381 696 7οης
415 641 616 698 πρότερον
656 645 730 698 τῆς
787 640 927 698 μάχης
979 642 1155 698 παρῄνει
1190 639 1249 695 μὴ
1290 634 1503 695 ἄφρακτον
1545 637 1719 678 εἰσιέναι

287 707 349 755 εἷς
374 705 451 756 τὰς
490 707 659 762 μάχας,
711 710 751 750 εἰ
778 707 836 763 μὴ
877 708 1070 761 βούλοιτο
1117 706 1302 747 θανάτου
1341 702 1472 752 αἴτιος
1512 700 1719 755 καταστῆ-

245 785 358 820 cvm
394 769 552 830 ἑαυτῷ·
595 771 679 831 ὅσῳ
718 773 798 829 γὰρ
835 770 887 833 ξίν
928 789 991 822 τις
1029 773 1271 827 ἀγωνίζοιτο
1306 766 1529 822 εὐψύχως,
1573 763 1716 808 τοσού·

282 853 342 897 τῳ
388 844 572 882 πεσεῖται
618 836 753 895 ῥᾷστα
807 841 940 895 πληγῇ
986 854 1068 880 τινι
1113 834 1350 892 περιτυχών
1395 835 1468 877 καί
1519 847 1717 887 κατεργα-

281 904 401 952 σθδῖς
439 903 605 960 ῥᾳδίως.
660 899 694 962 ᾧ
733 903 806 946 καὶ
836 900 1103 956 πειθόμενος,
1153 902 1287 943 καίτοι
1315 895 1492 948 ἄνοπλος
1535 895 1608 939 τὸν
1646 895 1767 938 ἴπ-ῐο

282 983 361 1009 πον
389 968 562 1023 ἐπιβὰς,
594 965 722 1019 αὖθις
750 970 1040 1024 ἀναστρέψας,
1082 963 1341 1020 ἀνελάμβανε
1370 963 1423 1006 τοὶ
1454 961 1589 1017 ὅπλα,
1633 965 1717 1005 ταῖν

282 1035 487 1087 βασιλέως
516 1036 800 1088 παραινέσεων
828 1033 1043 1089 μνησθείς.
1097 1033 1287 1087 βασιλίδι
1328 1032 1372 1073 δὲ
1410 1032 1462 1087 τῇ
1481 1024 1609 1085 ’Ἀννῃ
1647 1027 1722 1070 καί

282 1095 523 1154 πατριάρχῃ
554 1100 629 1140 καί
652 1098 818 1156 μεγάλῳ
847 1100 968 1141 δουκί
1005 1099 1079 1140 καί
1115 1104 1198 1146 τοῖς
1234 1092 1375 1145 ἄλλοις
1411 1101 1496 1144 τοῖς
1535 1095 1579 1136 ἐν
1611 1094 1719 1134 τέλει

282 1163 417 1204 ἐδόκει
445 1164 532 1205 δεῖν
562 1162 666 1219 πρὸς
687 1160 965 1218 Ἀλέξανδρον
1002 1164 1226 1219 πρεσβείαν
1263 1163 1478 1202 ποιεῖσθαι
1517 1157 1587 1200 τὸν
1614 1160 1719 1200 Μυ-

282 1231 369 1270 σῶν
394 1230 600 1283 βασιλέα,
645 1225 752 1270 ὥστε
792 1235 1033 1282 συμμαχεῖν
1072 1230 1217 1277 αότοῖς
1259 1227 1330 1268 έπί
1367 1220 1768 1279 Καντακουζηνὸνι5

282 1291 357 1336 τὸν
381 1293 571 1346 βασιλέα.
626 1292 773 1335 ἐκάκου
835 1293 913 1349 γὰρ
943 1292 968 1349 ἢ
996 1297 1078 1335 τῶν
1104 1294 1290 1348 Περσῶν
1318 1289 1494 1346 στρατιὰ
1534 1291 1606 1331 καί
1644 1287 1719 1343 τήν

283 1359 452 1402 ἐκείνου.
491 1357 514 1398 ὅ
536 1359 582 1400 δὲ
611 1358 837 1412 ὑπέσχετο,
866 1355 917 1400 ἂν
949 1357 1105 1412 μισθὸν
1132 1358 1247 1414 αὐτῷ
1273 1358 1490 1411 παρέχωσι
1510 1355 1583 1410 τῆς
1609 1371 1718 1408 συμ-

284 1424 447 1476 μαχίας
475 1421 551 1472 τὰς
580 1421 685 1465 κατὰ
714 1425 969 1477 Στενιζιιαχον
996 1426 1068 1465 καί
1101 1425 1337 1474 Τζέπαιναν
1363 1420 1499 1470 πόλεις
1530 1421 1602 1462 καί
1625 1420 1718 1473 μεί-

286 1490 384 1539 ζους
400 1486 472 1530 καί
498 1487 691 1536 ἐλάττους
719 1489 792 1529 καί
816 1487 892 1542 τὴν
913 1486 1082 1536 ταύταις
1117 1487 1475 1542 ἐγκαθιδρυμένην
1503 1482 1720 1540 στρατιάν.

241 1544 391 1607 Βῆσαν
419 1555 465 1594 δὲ
493 1554 631 1605 ἐννέα,
660 1553 685 1607 ἢ
713 1554 920 1604 Τζέπαινα
948 1551 1022 1594 καί
1044 1551 1065 1594 ὅ
1095 1550 1387 1607 Κροτζιμός,ἧ
1410 1549 1776 1606 Περιστίτζα,ἧαο

275 1615 398 1671 ίΑγία
413 1618 626 1670 Ἰουστίνα,
643 1617 667 1673 ἢ
683 1617 1026 1670 Φιλιππούπολις,
1048 1617 1167 1667 πόλις
1189 1619 1413 1669 θαυμασία
1424 1615 1497 1658 καί
1509 1615 1680 1671 μεγάλη,
1698 1613 1720 1657 ὃ

283 1682 567 1737 Στενᾴιαχος,
606 1681 627 1723 ὃ
656 1681 815 1736 Ἀετὸς,
846 1682 867 1724 ὅ
898 1685 1152 1736 Μπέαδνος,
1191 1681 1213 1723 ὅ
1256 1680 1472 1730 Κόσνικος.
1543 1680 1718 1736 στρατιὰ

285 1749 332 1788 δὲ
359 1747 561 1802 πρότερον
586 1749 664 1800 μὲν
697 1746 801 1802 ὑπὲρ
844 1747 940 1797 τούς
967 1746 1260 1796 πεντακοσίους
1301 1746 1373 1790 aa?
1393 1746 1558 1799 χιλίους
1585 1741 1718 1800 ἦσαν·

282 1814 372 1855 τότε
402 1814 448 1855 δὲ
476 1811 558 1854 ὑπὸ
596 1815 672 1855 τοῦ
692 1813 929 1867 Ῥωμαϊκοῦ
950 1815 1131 1866 πολέμου
1161 1813 1358 1854 κάκείνων
1386 1812 1716 1867 διεφθαρμένων,

285 1878 407 1935 ὀλίγῳ
438 1881 604 1926 πλείους
629 1880 777 1932 χιλίων
804 1875 932 1932 ἦσαν,
962 1876 1113 1928 πάντες
1148 1876 1441 1932 μαχιμώτατοι
1481 1876 1552 1918 καί
1593 1876 1769 1918 οὐδέ-25

284 1958 366 1985 νων
395 1939 533 1985 ἄλλων
567 1945 650 1986 τῶν
691 1942 807 1998 παρὰ
848 1942 1070 1997 Ῥωμαίοις
1116 1944 1448 1999 στρατευομένων
1485 1938 1716 1993 λειπόμενοι

285 2063 415 2094 onem,
439 2054 546 2087 armis
574 2052 745 2088 videlicet
766 2054 908 2088 vulneri
933 2054 1210 2094 resistentibus,
1248 2055 1405 2086 servatus
1441 2055 1516 2092 est,
1551 2051 1716 2096 singula-

289 2110 419 2143 resque
462 2100 670 2144 imperatori
702 2101 746 2133 de
784 2102 901 2134 salute
933 2101 1064 2144 gratias
1096 2101 1176 2146 egit.
1235 2099 1391 2131 Solitum
1431 2099 1525 2131 enim
1554 2108 1718 2142 pugnare

287 2157 361 2178 non
386 2146 630 2186 obarmatum,
655 2147 849 2191 imperator
872 2148 996 2191 paucis
1024 2151 1107 2180 ante
1131 2143 1257 2179 diebus
1284 2145 1542 2184 admonuerat,
1566 2153 1612 2176 ne
1640 2155 1716 2178 non

287 2193 446 2225 munitus
484 2194 670 2225 certamini
704 2203 741 2225 se
775 2192 961 2234 crederet,
993 2193 1065 2225 nisi
1095 2195 1244 2225 mortem
1283 2191 1354 2223 sibi
1389 2200 1566 2223 accersere
1593 2190 1714 2226 venet.

288 2237 435 2281 Quanto
471 2239 568 2270 enim
609 2240 690 2284 quis
726 2240 834 2271 armis
864 2249 938 2272 non
974 2244 1088 2272 tectus
1113 2236 1319 2281 generosius
1344 2236 1588 2275 dimicaverit,
1611 2241 1714 2270 tanto

287 2284 432 2316 facilius
465 2284 592 2317 lethali
626 2286 731 2329 plaga
770 2284 1032 2318 occubiturum.
1107 2284 1217 2317 Cuius
1264 2282 1523 2317 admonitionis
1566 2292 1715 2322 memor,

284 2331 430 2363 ‘tametsi
471 2340 604 2374 equum
639 2331 759 2364 nudus
796 2331 1038 2370 ascendisset,
1064 2339 1225 2362 reversus
1250 2339 1326 2362 sese
1351 2330 1562 2362 obarmavit.
1609 2328 1713 2360 Anna

286 2386 370 2410 vcro
408 2377 620 2420 imperatrix
652 2382 689 2410 et
720 2377 940 2421 patriarcha,
965 2378 1051 2409 item
1078 2387 1224 2420 magnus
1250 2375 1323 2409 dux
1346 2375 1552 2420 reliquique
1577 2373 1714 2418 princi-

286 2433 350 2465 pes
375 2422 510 2466 legatos
534 2422 580 2456 ad
603 2422 1071 2461 Alexandrum,Moesorum
1095 2432 1224 2466 regem,
1239 2422 1447 2462 mittendos,
1481 2429 1634 2466 eumque
1666 2419 1714 2453 ad

287 2468 471 2511 suppetias
514 2473 639 2502 contra
680 2468 965 2502 Cantacuzenum
1009 2467 1174 2500 ferendas
1218 2468 1444 2501 invitandum
1495 2466 1711 2501 iudicarunt.

287 2514 416 2547 Persae
446 2514 626 2560 siquidem
665 2514 772 2547 etiam
808 2515 953 2548 illorum
988 2514 1077 2547 fines
1114 2513 1355 2547 incursabant.
1419 2513 1642 2558 Spopoudit‚
1680 2511 1711 2545 si

286 2558 360 2591 sibi
386 2559 605 2594 Stenimachi
645 2565 682 2593 et
704 2561 884 2604 Zepaenae
909 2561 1062 2593 maiores
1090 2563 1321 2605 minoresque
1353 2559 1459 2593 urbes
1485 2570 1564 2594 cum
1590 2568 1712 2591 earum

287 2605 478 2648 praesidiis
504 2606 701 2640 mercedem
727 2605 877 2647 darent3
901 2612 1003 2640 erant
1026 2611 1146 2639 autem
1170 2618 1319 2640 novem:
1345 2607 1522 2652 Zepaena,
1547 2604 1709 2638 Croetzi-

286 2660 387 2691 mus,
420 2651 627 2692 Periststza,
654 2652 782 2686 Sancta
809 2654 965 2694 Iustina,
1000 2651 1275 2696 Philippopolis,
1305 2652 1388 2686 urbs
1418 2652 1547 2685 eximia
1573 2655 1609 2684 et
1632 2661 1707 2683 am·

285 2696 359 2740 pla,
394 2697 664 2738 Stenimachus,
704 2700 842 2739 Actus,
879 2699 1059 2736 Beadnus,
1094 2699 1286 2732 Cosmicus.
1343 2699 1519 2732 Numerus
1549 2696 1706 2730 militum

286 2752 351 2786 per
385 2741 454 2776 hoc
487 2743 755 2785 dispertitornm
793 2746 891 2790 prius
927 2745 998 2779 suit
1034 2745 1134 2778 mille
1159 2746 1364 2790 quingenti:
1395 2750 1471 2777 tum
1493 2754 1577 2777 vero
1606 2742 1707 2775 beno

286 2788 442 2827 Romano
476 2788 639 2836 plurimis
672 2790 825 2831 deletis,
857 2791 965 2838 paulo
1002 2790 1095 2826 infra
1128 2792 1228 2826 mine
1253 2791 1555 2831 numerabantur,
1583 2798 1707 2825 omnes
