1812 3132
297 174 317 210 1
331 155 399 210 52
798 173 1170 229 CANTACUZENJ

93 275 270 321 A·C·¹34¹
288 277 360 318 καὶ
387 272 588 328 δήμευσιν
615 273 697 316 τῶν
727 268 857 316 ὄντων
885 278 958 317 καί
983 275 1027 317 εἴ
1048 291 1089 317 τι
1116 272 1274 316 τούτων
1292 274 1552 327 ἀηδέστερον,
1577 267 1606 327 ἢ
1625 271 1725 328 πρὸ·

290 355 423 397 φασιν
451 341 633 392 πολέμου
664 339 872 394 ἐμφυλίου
891 341 1201 396 παρασχέσθαι.
1255 339 1317 387 τίς
1338 335 1419 392 γὰρ
1441 338 1524 379 τῶν
1547 335 1724 390 πάντων,

289 401 429 460 ὥσπερ
459 402 614 458 ἐγώ,τὰ
645 403 690 444 ἐκ
718 403 867 447 τούτου
896 407 974 446 τοῦ
1000 406 1179 457 πολέμου
1209 399 1296 445 οἶδε
1323 404 1565 457 σαφέστατα
1592 400 1724 455 κακάς

1323 464 1336 479 t

289 465 349 512 ὧν
393 465 471 523 οὐχ
509 466 572 510 ὅτι
610 467 741 519 αἴτιος
767 472 1031 525 καταστῆναι,
1071 471 1162 510 ἀλλ’
1193 468 1284 509 οὐδ’
1308 471 1389 521 vcp²
1411 467 1561 521 ἑτέρων
1590 483 1726 522 πρατ-

288 538 473 589 τομένων
491 536 648 587 μᾶλλον
668 530 719 576 ἂν
736 533 903 589 εἱλόμην
926 533 1206 576 αἰσθάνεσθαι
1233 535 1277 575 ἒν
1301 534 1425 584 ζῶσιν
1462 526 1520 573 ὢν
1533 564 1546 584 ,
1587 526 1615 586 ἢ
1643 530 1753 580 τοῖςό

288 602 334 643 ἒν
372 597 478 656 ᾅδου
507 597 658 653 συνών,
683 599 787 655 πρὸς
821 598 873 641 τοὶ
893 598 1153 655 πραττόμενα
1180 597 1462 653 ἀναισθητεῖν.
1492 594 1522 637 ἃ
1548 597 1626 648 μὲν
1657 589 1731 637 οὖν

288 663 429 719 ἔμοιγε
458 667 561 706 πᾶσι
579 664 800 717 Ῥωμαίοις
829 662 947 715 ἔδοξε
978 666 1094 719 κοινῇ
1122 667 1373 714 λυσιτελεῖν,
1403 661 1578 703 τοιαῦτά
1601 662 1726 726 ἐστιν.

288 728 391 782 ὑμῖν
430 731 477 771 δὲ
513 728 558 771 εἴ
591 746 632 770 τι
670 729 830 772 τούτων
858 730 1195 783 λυσιτελέστερον
1223 728 1492 782 ἐξευρεθῆναι
1520 723 1725 776 δυνατὸν,

289 791 430 849 ὥσπερ
460 793 579 850 ἔφην,
615 793 797 848 ἐμαυτὸν
824 794 1073 846 πειθόμενον
1101 795 1346 848 παρέξομαι.
1420 791 1579 843 βέλτιον
1617 787 1695 845 γὰρ
1712 821 1727 842 ,

255 855 347 900 Βᾶν
376 854 461 916 ἄρα
490 860 567 900 καί
590 876 632 901 τι
651 857 907 915 σφάλωμαι,
938 863 1023 906 τοῖς
1047 857 1206 899 πλείοσι
1232 853 1475 908 πειθόμενον
1503 857 1622 897 τοῦτο
1648 851 1783 896 ποί-10

492 919 512 936 Ἃ

293 940 435 978 σχειν,
484 942 509 979 η
548 926 599 981 τῇ
635 926 817 980 σφετέρᾳ
848 922 1122 979 θαρῥήσαντα
1153 922 1340 975 συνέσει,
1387 919 1439 963 τὰ
1467 919 1628 974 μεγάλοι
1652 935 1727 962 κα-

294 991 487 1044 vop-⁹052

248 1061 278 1097 c
399 1053 468 1095 κε’.
518 1052 566 1094 ‘O
602 1053 730 1105 μέγας
766 1053 844 1105 μὲν
873 1046 947 1094 οὖν
979 1053 1217 1104 δομέστικος
1254 1053 1425 1092 τοιαῦτα
1452 1045 1579 1091 ebt-sm
1637 1044 1729 1092 ὅσοι

293 1118 339 1159 δὲ
379 1119 573 1173 παρῆσαν
610 1118 694 1158 τῶν
732 1117 1008 1171 συγκλητικῶν
1045 1115 1117 1157 καὶ
1141 1117 1215 1170 τῆς
1244 1117 1443 1171 στρατιᾶς
1480 1112 1518 1155 οῖ
1545 1111 1728 1167 μάλιστα

290 1185 560 1238 προέχοντες,
603 1178 740 1237 ὥσπερ
785 1184 863 1238 μιᾷ
900 1181 972 1223 καί
1003 1179 1160 1238 γλώττῃ
1197 1180 1404 1236 χρώμενοι
1446 1181 1518 1220 καί
1560 1177 1701 1236 γνώμῃ
1711 1176 1783 1231 ‚15

289 1249 393 1300 „nal
418 1245 616 1302 πρότερον
639 1248 739 1299 μὲν”
767 1244 931 1301 ἔφασαν
955 1248 1028 1300 „gg
1060 1242 1158 1287 ὅτου
1198 1245 1248 1287 τοὶ
1297 1242 1415 1286 καινοὶ
1447 1245 1581 1286 ταῦτα
1618 1244 1730 1285 ἐτολ-

291 1312 409 1369 μήθη
453 1311 524 1354 καὶ
566 1312 588 1353 ὅ
617 1310 853 1365 συγγενικὰς
889 1309 1064 1363 πόλεμος
1101 1309 1199 1363 ἔσχε
1227 1309 1301 1365 τὴν
1331 1308 1495 1365 ἀρχὴν,
1539 1305 1614 1349 οὔκ
1642 1309 1730 1364 ἰδίᾳ

291 1376 419 1432 μόνον
452 1379 619 1425 ἕκαστος
669 1378 735 1430 ἐφ’
778 1373 948 1427 ἑαυτὸν,
991 1373 1096 1416 ἀλλὰ
1138 1374 1211 1417 καί
1243 1377 1362 1431 κοινῇ
1398 1372 1548 1422 πάντες
1595 1371 1728 1414 πολλὰ

294 1441 493 1491 πολλάκις
520 1439 619 1496 περὶ
644 1445 728 1482 τῶν
756 1441 894 1482 αὐτῶν
924 1437 1288 1494 ἐβουλευσάμεθα,
1327 1440 1383 1490 ὥς
1410 1441 1509 1495 περὶ
1534 1436 1729 1494 πραγμά-

294 1525 376 1551 των
415 1504 650 1561 ἀναγκαίων
691 1506 763 1548 καί
787 1504 939 1559 σχεδὸν
966 1506 1064 1559 περὶ
1091 1507 1237 1558 ψυχῆς
1277 1506 1406 1559 αὐτῆς
1434 1507 1602 1554 ἕκαστος
1629 1507 1784 1546 πολ-20

296 1572 374 1627 λὴν
401 1569 645 1624 ποιούμενοι
673 1572 890 1626 φροντίδα.
944 1566 1042 1611 ὅθεν
1086 1571 1183 1611 οὐδὲ
1214 1568 1307 1612 νυνὶ
1333 1567 1470 1624 δεήσει
1500 1567 1550 1611 τὰ
1585 1569 1730 1610 δέοντα

296 1639 538 1694 ἔξερευνᾷν,
566 1635 647 1678 ὑπὸ
674 1637 747 1690 τῆς
776 1636 929 1690 πολλῆς
957 1634 1056 1691 περὶ
1082 1633 1190 1676 αὐτοὶ
1222 1636 1438 1690 διατριβῆς
1465 1634 1731 1690 ἐξευρηκέναι

250 1703 425 1746 Βπάλαι
453 1701 680 1755 οἰομένους.
712 1701 792 1754 οὐχ
812 1696 959 1755 ἥκιστα
989 1702 1036 1743 δὲ
1064 1701 1138 1742 καὶ
1160 1695 1303 1756 ὖφάἷν
1332 1699 1460 1749 αὐτὸς
1485 1698 1590 1755 πρὸς
1619 1698 1731 1753 ἡμᾶς

389 1819 443 1842 20.
470 1803 582 1847 αὐτῆς
605 1803 686 1837 add.
702 1805 750 1838 M.

296 1918 407 1950 feram
433 1917 553 1949 omnia
578 1914 763 1955 hilariter,
796 1915 975 1959 longeque
1000 1914 1119 1947 malim
1142 1913 1286 1947 vincula
1319 1918 1356 1946 et
1389 1924 1564 1948 carcerem
1599 1921 1636 1949 et
1661 1916 1729 1952 bo-

294 1974 424 1997 norum
448 1962 749 2006 proscriptionem
775 1966 811 1994 et
834 1963 866 1995 si
895 1960 984 2006 quid
1013 1961 1069 1997 his
1103 1961 1211 1993 etiam
1240 1960 1421 1993 arcerbius
1446 1966 1520 2003 est,
1559 1964 1727 2006 perpeti,

296 2020 404 2054 quam
439 2009 545 2042 civile
577 2008 714 2041 bellum
745 2017 871 2040 serere.
921 2006 1012 2050 Quis
1050 2007 1146 2039 enim
1180 2006 1340 2038 omnium
1376 2008 1506 2040 certius
1539 2019 1596 2041 me
1627 2011 1732 2044 novit

295 2056 389 2088 mala
414 2055 633 2091 certissima.
669 2064 761 2098 quae
798 2063 840 2084 cx
864 2052 934 2085 hoc
957 2052 1054 2085 bello
1079 2051 1283 2097 profluxum
1307 2053 1404 2086 sint?
1440 2064 1613 2097 quorum,
1648 2060 1731 2088 tan-

295 2107 372 2134 tum
396 2101 522 2140 abest,
548 2105 589 2133 ut
615 2105 738 2132 auctor
763 2109 839 2132 esse
863 2099 995 2139 velim,
1022 2102 1063 2130 ut
1086 2109 1160 2131 non
1186 2098 1295 2142 magis
1320 2099 1481 2143 cupiam,
1519 2111 1560 2132 ea
1587 2101 1631 2133 ab
1655 2101 1730 2134 alio

297 2146 447 2179 inducta
482 2146 583 2179 vivus
618 2155 855 2189 cognoscere,
897 2154 1005 2189 quam
1041 2143 1138 2188 apud
1175 2144 1310 2177 inferos
1352 2155 1494 2183 eorum,
1534 2157 1627 2191 quae
1668 2146 1732 2180 hic

298 2197 448 2236 agantur
463 2217 472 2230 ‚
499 2202 642 2224 sensum
670 2191 809 2223 nullum
832 2189 976 2223 habere.
1040 2190 1143 2233 Quae
1168 2191 1206 2222 in
1229 2200 1415 2223 commune
1439 2193 1606 2226 Romanis
1631 2192 1729 2227 hono

297 2241 374 2273 fore
401 2237 573 2278 iudicavi,
608 2236 696 2269 haec
721 2242 817 2273 sunt.
865 2236 902 2270 Si
928 2235 1017 2280 quid
1041 2235 1097 2268 his
1123 2236 1249 2269 utilius
1281 2238 1481 2281 excogitare
1518 2238 1731 2281 potueritis,

298 2296 385 2328 ego,
434 2288 474 2316 ut
509 2283 608 2323 dixi,
637 2281 740 2315 vohis
786 2282 1052 2316 obsecundabo,
1109 2282 1270 2316 Praestat
1304 2283 1422 2323 enim,
1468 2284 1607 2317 etiamsi
1640 2284 1732 2329 quid

298 2330 477 2363 offendam
511 2330 681 2368 fortasse,
715 2327 783 2360 hoc
807 2327 896 2361 mihi
920 2327 1085 2372 pluribus
1109 2327 1374 2371 obtemperanti
1400 2330 1583 2372 accidere,
1622 2341 1730 2376 quam

298 2377 382 2410 dum
408 2387 484 2408 mea
510 2375 621 2419 ipsius
647 2365 826 2407 sententia
854 2375 976 2415 nitor,
998 2384 1123 2417 magna
1148 2374 1323 2420 quaedam
1349 2374 1504 2409 feliciter
1527 2386 1659 2422 gerere.

391 2423 434 2455 25
495 2421 598 2453 Hunc
635 2421 674 2453 in
704 2419 850 2453 modum
885 2430 1031 2464 magnus
1063 2418 1278 2453 domesticus
1308 2421 1489 2458 disseruit.
1541 2422 1732 2468 Quotquot

299 2472 418 2501 autem
446 2466 597 2500 aderant
624 2466 813 2509 optimates
840 2472 876 2499 et
895 2467 1073 2510 principes
1099 2467 1295 2507 exercitus,
1321 2467 1422 2502 velut
1438 2468 1484 2501 ab
1511 2480 1583 2501 una
1607 2473 1728 2502 mente

299 2519 337 2547 et
364 2514 510 2556 lingua,
557 2514 601 2546 Et
625 2514 724 2556 prius
757 2511 924 2556 quidem,
966 2511 1157 2552 (licebant,
1195 2522 1238 2544 cx
1275 2524 1347 2558 quo
1377 2514 1452 2558 ipsa
1487 2515 1625 2548 novitas
1661 2524 1730 2558 per

301 2559 487 2592 audaciam
514 2560 635 2602 coepit
657 2558 867 2602 bellumque
901 2558 1004 2591 civile
1029 2558 1170 2598 extitit,
1207 2570 1281 2591 non
1302 2559 1418 2592 solum
1443 2560 1600 2604 quilibet
1623 2569 1729 2604 sepa-

300 2605 426 2644 ratim,
460 2604 523 2637 sed
547 2610 583 2637 et
608 2605 845 2637 communiter
869 2614 990 2637 omnes
1013 2603 1165 2636 multum
1191 2614 1231 2636 ae
1263 2615 1368 2649 saepe
1407 2605 1531 2639 eadem
1561 2605 1601 2638 in
1634 2604 1728 2638 deli-

299 2650 527 2684 ber-ationem
551 2649 782 2684 adduximus:
818 2649 970 2694 proinde
995 2654 1035 2682 ut
1060 2649 1103 2682 de
1130 2649 1234 2682 rebus
1270 2652 1477 2684 necessariis
1515 2662 1556 2684 ac
1586 2656 1727 2685 tantum

300 2708 374 2730 non
402 2696 445 2729 de
470 2696 588 2729 anima
613 2696 860 2740 unusquisque
897 2707 961 2737 per
995 2707 1031 2729 se
1063 2695 1167 2728 anxie
1201 2696 1345 2730 soliciti.
1401 2697 1520 2741 Quare
1550 2707 1616 2731 nec
1654 2698 1727 2731 iam

303 2741 390 2789 quid
414 2753 502 2788 opus
532 2741 596 2782 sit,
622 2743 771 2779 scrutari
796 2742 999 2788 oportebit,
1031 2752 1110 2777 cum
1135 2747 1280 2788 propter
1305 2743 1466 2778 sedulam
1499 2748 1535 2779 et
1566 2742 1726 2783 crebram
