1800 3146
278 180 395 256 474
813 197 1182 244 CANTAcqum

80 310 162 346 ΑΒ.
181 313 265 359 ι343
277 301 349 345 καί
373 301 431 356 μή
461 305 601 358 ληρεῖν
640 298 826 343 α’δόνατα
858 301 1063 352 ἀξιοῦντα.
1120 304 1196 345 τοῦ
1236 304 1282 345 δὲ
1323 303 1479 358 μηδενί
1503 319 1559 362 τῳ
1587 302 1711 364 ἑτέρῳ

271 371 447 421 ἐξειπεῖν
465 364 518 410 ἂν
537 368 899 422 διισχυριζομένου
918 399 930 421 ,
961 369 1158 422 ἠπείλουν
1172 371 1399 423 μαστιγοῦν
1437 370 1510 410 καί
1549 370 1710 426 ἔκφορα

270 433 322 476 τά
358 429 577 489 ἆπόρῥητα
608 438 740 474 ποιεῖν
777 432 1148 488 προσαναγκάσειν.
1203 433 1261 484 ὥς
1300 435 1345 476 δὲ
1374 434 1497 476 οῦδὲν
1525 436 1709 476 ἐνεδίδου

266 496 372 554 πρὸς
399 497 474 547 τὰς
504 495 704 552 ιῖπειλας,
736 497 907 547 καὶτὰς
934 498 1093 553 πληγάς
1121 501 1284 554 ἐπῆγον.
1322 497 1343 540 ὅ
1376 501 1415 541 δ’
1435 499 1558 541 οὐδὲν
1587 496 1706 555 ἦττον

268 563 451 620 ἔφασκεν
480 562 755 619 ἅποκρύψειν,
785 562 838 607 ἂν
865 567 936 608 καί
962 562 1175 619 δεινότερα
1195 566 1422 618 τολμῶσιν·
1452 565 1594 607 εἰδότα
1621 564 1733 621 γὰρό

268 627 338 674 οἷα
377 629 483 685 πρὸς
526 632 725 685 Βρουλιῖν
762 634 835 686 τῆς
870 629 1036 688 εἰρήνης
1074 631 1193 672 ἕνεκα
1228 629 1424 686 πρότερον
1463 630 1709 685 τετόλμηται

267 695 464 750 ἐλθόντα,
508 693 639 746 οὕτως
677 693 792 752 ἥκειν
832 698 1248 753 παρεσκευασμένον,
1289 695 1345 746 ὥς
1370 699 1511 739 πᾶσαν
1538 695 1706 739 οἴσοντα

265 759 449 803 κάκωσιν
491 763 564 803 καί
599 762 830 816 παροινίαν.
886 762 907 804 ὃ
932 764 1010 815 μὲν
1039 756 1115 804 οὖν
1157 758 1288 812 οὕτως
1324 757 1525 818 οἷπτόητος
1567 762 1703 816 (ὁρᾶτο

226 828 339 874 cuae*
364 825 468 882 πρὸς
501 827 724 883 καρτερίαν
750 829 1139 882 παρεσκευασμένος
1166 829 1249 869 τῶν
1280 828 1437 870 δεινῶν.
1488 826 1529 869 οἱ
1556 829 1594 869 δ’
1612 828 1706 870 ἐπεὶ

263 891 406 947 ἐώρων
448 889 674 942 οἶδυνάτοις
704 894 1031 947 ἐπιχειροῦντες,
1088 890 1223 935 πολλὰ
1261 894 1321 942 εἰς
1357 889 1488 935 αὐτόν
1522 893 1594 934 καί
1627 891 1765 936 τὸνῐο-

260 960 490 1011 πέμψαντα
527 956 795 1014 ὑβρίσαντες,
835 957 979 1001 ἔπειτα
1016 956 1242 1013 ἐξήλαυνον
1268 960 1343 1013 τῆς
1377 955 1536 1007 πόλεως
1563 955 1702 1014 αὐθη-

259 1021 387 1079 μερὸν
413 1025 572 1079 μηδένα
602 1026 701 1079 περὶ
726 1027 803 1079 τῆς
830 1022 1054 1080 πρεσβείας
1082 1023 1199 1078 λόγον
1246 1022 1535 1079 ποιησάμενοι.
1593 1021 1616 1065 ὅ
1653 1026 1700 1066 δὲ

258 1086 363 1143 πρὸς
386 1091 563 1142 βασιλέα
591 1089 645 1130 τὰ
673 1091 920 1144 γεγενημένα
944 1090 1198 1145 ἀπήγγελλεν
1217 1087 1372 1132 ἐλθών·
1404 1086 1590 1139 κάκεῖνος
1617 1084 1698 1145 ἤδη
1720 1095 1723 1097 ’

258 1153 336 1209 τήν
377 1153 543 1210 εἰρήνην
573 1153 805 1210 α’πογνούς,
844 1154 1117 1211 ἐστράτευσεν
1154 1157 1226 1198 ἑπί
1250 1158 1292 1198 Γ
1289 1158 1483 1211 αρέλλαν.
1539 1158 1699 1198 Κοντο-

255 1222 463 1276 στέφανος
490 1222 538 1263 δὲ
565 1220 588 1262 ὃ
616 1221 773 1276 ταύτης
801 1215 945 1277 ἅρχων
985 1223 1306 1277 προσεχώρησεν
1353 1218 1459 1262 ἑκών
1485 1224 1545 1279 τῷ
1569 1217 1748 1274 βασι-15

253 1290 323 1328 λεῖ
360 1285 434 1329 καί
473 1288 689 1342 παρέδωκε
716 1285 791 1342 τήν
817 1284 958 1329 πόλιν·
1002 1288 1048 1329 ἐν
1075 1282 1101 1344 ᾗ
1129 1288 1202 1329 καί
1228 1286 1529 1342 Καταβοληνὸς
1552 1285 1693 1329 Ἰωάν-

250 1368 323 1407 νης
350 1350 456 1407 πρὸς
485 1353 661 1405 βασιλέα
688 1347 829 1407 ἤχθη,
870 1353 954 1394 τῶν
982 1353 1151 1394 οἰκετῶν
1175 1354 1249 1407 τῆς
1270 1353 1487 1405 βασιλίδος
1514 1347 1588 1394 ὧν.
1645 1349 1693 1394 ὃν

247 1415 430 1471 ἔπεμπεν
456 1419 517 1466 εἰς
531 1414 768 1468 Βυζάντιον
794 1419 964 1471 αὐτίκα,
993 1415 1192 1472 μηδενὸς,
1220 1410 1279 1458 ὧν
1306 1413 1436 1470 εἶχεν,
1462 1412 1694 1473 ἀποστερη-

246 1485 402 1536 θέντα,
457 1481 576 1537 ήξίου
611 1497 657 1524 τε
700 1477 828 1530 αὖθις
865 1481 1150 1525 καταλύεσθαι
1183 1479 1255 1523 τὸν
1300 1481 1481 1535 πόλεμον
1531 1482 1605 1524 καί
1626 1477 1688 1538 μή

204 1549 319 1590 naui
345 1546 425 1603 τήν
463 1547 568 1602 πρὸς
607 1546 814 1602 α’λλήλους
842 1548 981 1589 αὐτῶν
1010 1549 1264 1603 φιλονεικίαν
1288 1546 1340 1590 τὰ
1367 1544 1571 1603 ἀνήκεστα
1603 1549 1743 1590 det-20

248 1613 299 1657 νὰ
320 1614 562 1667 Ῥωμαίους
588 1613 822 1666 ὑπομένειν.
849 1610 1114 1669 πατριάρχης
1140 1614 1188 1655 δὲ
1214 1612 1287 1656 καί
1310 1610 1349 1656 οἱ
1386 1616 1527 1658 λοιποί
1566 1610 1690 1657 οὐδὲν

245 1675 390 1735 ἦττον,
418 1674 447 1734 ἢ
477 1677 704 1735 πρότερον,
732 1677 912 1736 ᾑροῦντο
941 1682 1148 1733 πολεμεῖν.

241 1813 424 1858 legatione
461 1825 537 1849 non
567 1815 648 1860 plus
672 1814 809 1849 habere
832 1825 884 1856 se,
907 1814 1007 1861 quod
1032 1814 1232 1854 nuntiaret,
1258 1825 1364 1861 quam
1389 1814 1429 1849 in
1455 1814 1589 1848 litteris
1613 1826 1684 1860 po-

236 1860 347 1894 situm
371 1867 490 1896 esset:
514 1861 708 1907 separatim
731 1860 886 1902 habere,
913 1872 1005 1908 quae
1028 1861 1252 1907 imperatrici
1279 1860 1399 1902 dicat,
1435 1871 1528 1907 quae
1553 1862 1671 1895 iussus

236 1908 287 1941 sit
310 1908 403 1948 soli,
440 1910 587 1942 nemine
610 1909 682 1942 alio
706 1914 906 1952 praesente,
932 1907 1062 1943 dicere.
1110 1906 1173 1942 Illi
1199 1909 1350 1949 instant,
1385 1911 1426 1940 ut
1450 1907 1521 1940 sibi
1547 1918 1589 1940 ea
1610 1919 1670 1940 ar-

236 1965 327 1988 cana
359 1954 526 2000 detegat:
553 1962 590 1990 et
616 1965 662 1988 ne
690 1954 814 2000 inepte
838 1960 1010 1995 conetur,
1049 1954 1150 2000 quod
1176 1954 1335 1987 obtineri
1357 1964 1432 1987 non
1454 1954 1578 1998 possit.
1626 1954 1678 1988 Eo

235 2006 483 2042 asseverante,
515 2003 609 2036 nulli
634 2001 741 2035 alteri
764 2002 1059 2041 enuntiaturum,
1087 2001 1239 2046 flagellis
1266 2005 1403 2034 secreta
1428 2000 1493 2034 illa
1519 2010 1673 2044 expres-

234 2059 337 2082 suros
370 2050 661 2083 interminantur.
700 2047 792 2081 Cum
816 2048 864 2082 ad
889 2049 1005 2081 minas
1030 2052 1143 2081 staret
1160 2046 1446 2091 imperterritus,
1468 2046 1592 2092 plagas
1618 2046 1678 2080 in-

234 2097 389 2130 cutiunt.
449 2096 482 2129 Is
511 2095 627 2130 nihilo
652 2096 791 2136 minus,
829 2094 992 2141 quamvis
1033 2093 1218 2128 acerbiora
1246 2092 1444 2132 auderent,
1480 2104 1519 2127 se
1545 2103 1675 2127 arcana

233 2142 432 2177 celaturum
472 2141 692 2183 affirmabat,
728 2143 976 2188 scientemque
1011 2140 1125 2186 probe
1163 2149 1256 2185 quae
1281 2140 1320 2172 in
1344 2140 1487 2174 Brulam
1511 2139 1557 2174 de
1585 2150 1674 2185 pace

230 2189 390 2234 legatum
424 2193 530 2222 antea
564 2190 832 2234 designassent,
865 2188 911 2222 ad
950 2188 1252 2233 qualemcumque
1286 2196 1411 2220 eorum
1444 2186 1673 2222 vexationem

231 2236 547 2282 petulantiamque
586 2234 822 2270 sufferendam
857 2237 1125 2278 promptumet
1147 2232 1302 2266 alacrem
1327 2233 1463 2269 venire.
1512 2232 1670 2276 Chryso-

229 2282 358 2328 berges
384 2281 475 2316 adeo
500 2281 705 2328 intrepidus
729 2286 767 2314 et
789 2281 836 2314 ad
860 2281 1052 2315 horribilia
1088 2289 1256 2326 quaeque
1283 2279 1496 2324 excipienda
1524 2283 1671 2324 paratus

230 2335 316 2363 erat.
365 2329 562 2364 Archontes
595 2333 637 2362 ut
666 2328 706 2361 in
728 2331 809 2363 aere
838 2338 876 2360 se
909 2328 1038 2372 piscari
1068 2326 1261 2367 viderunt,
1300 2327 1421 2371 ipsum
1464 2330 1501 2359 et
1533 2337 1554 2359 a
1597 2337 1671 2371 quo

230 2375 401 2411 veniebat
438 2375 563 2410 multis
599 2375 740 2420 probris
782 2374 1056 2408 consciderunt:
1096 2371 1317 2418 homineque
1347 2371 1473 2406 eodem
1497 2371 1557 2406 die
1579 2372 1670 2407 civi-

229 2426 305 2456 tate
329 2424 455 2468 pulso,
480 2421 525 2456 de
549 2433 592 2455 eo
628 2423 745 2467 legato
770 2421 867 2465 apud
889 2419 1150 2464 imperatricem
1175 2430 1221 2453 ne
1257 2419 1482 2453 mutiverunt
1505 2417 1668 2464 quidem.

228 2467 296 2502 Ille
331 2469 377 2502 ad
413 2471 668 2514 imperatorem
707 2478 879 2508 reversus,
901 2467 991 2512 quid
1025 2466 1097 2499 sibi
1120 2465 1322 2507 accidisset,
1352 2465 1520 2499 narravit.
1570 2461 1661 2508 Qui,

229 2515 327 2559 pacis
366 2527 428 2560 spe
472 2517 651 2560 proiecta,
688 2515 871 2548 Garellam
905 2525 985 2546 cum
1021 2513 1135 2557 copiis
1173 2512 1290 2553 abiit,
1323 2512 1424 2547 cuius
1483 2510 1663 2546 raefectus

228 2561 545 2607 Contostephanus
576 2573 650 2595 non
676 2561 863 2594 illibenter
887 2559 921 2593 ei
946 2571 983 2593 se
1007 2571 1086 2593 cum
1111 2559 1246 2603 oppido
1270 2558 1441 2593 tradidit:
1462 2568 1501 2591 m
1526 2567 1598 2602 quo
1628 2561 1666 2589 et

227 2607 378 2641 Ioannes
417 2609 698 2648 Cantabolenus‚
720 2619 810 2641 unus
835 2618 854 2640 e
881 2606 1085 2640 domesticis
1122 2606 1303 2650 Augustae
1337 2604 1524 2644 ministris,
1549 2601 1666 2637 addu-

229 2659 304 2687 ctus
339 2660 404 2691 est.
463 2655 582 2700 Quem
626 2655 768 2694 subito,
801 2654 903 2687 nulla
940 2664 976 2686 re
1009 2653 1228 2696 spoliatum,
1260 2652 1466 2696 Byzantium
1499 2649 1660 2701 mittens,

227 2711 369 2734 rursum
400 2708 500 2743 rogat
529 2702 666 2734 bellum
704 2701 844 2740 sedari,
882 2705 918 2733 et
943 2709 988 2734 ne
1013 2710 1077 2743 per
1105 2705 1265 2732 mutuam
1301 2709 1424 2733 eorum
1451 2700 1659 2730 contentio*-

226 2758 310 2781 nem
353 2747 501 2780 Romani
546 2748 684 2781 damnis
729 2752 928 2781 mactentur
971 2744 1278 2789 irreparabilibus.
1338 2744 1506 2780 Ceterum
1542 2741 1658 2787 patri·

224 2794 330 2828 archa
354 2800 390 2828 et
416 2794 550 2840 reliqui
576 2795 713 2829 bellum
734 2820 743 2835 ,
770 2800 809 2828 ut
837 2804 1000 2838 semper,
1028 2791 1221 2827 malebant.
