1812 3132
529 178 909 222 ms‘romARUM
948 183 1021 222 111.
1054 188 1123 228 aa.
1439 164 1543 232 145

101 282 339 334 μασμένος,
365 275 594 334 γράμματα
628 280 792 335 φέρων,
832 276 863 319 εἳ
889 277 1075 322 ἐκέλευεν
1103 280 1232 323 miror
1259 279 1545 337 ἀποσχόμενον
1557 290 1634 325 A.C.
1656 288 1738 335 1341

104 349 191 388 τῶν
227 342 484 400 πραγμάτων
514 343 618 386 οἴκοι
649 346 879 399 διατρίβειν
906 344 980 386 καὶ
1002 346 1111 400 μηδὲ
1140 349 1214 401 τῆς
1242 348 1548 404 Διδυμοτείχου

102 410 237 466 πύλης
260 411 422 461 ἐξιέναι,
451 404 573 465 ἄχρις
602 405 655 451 ἂν
683 408 786 464 αὖτὴ
822 410 1067 465 ψηφίσηται·
1087 407 1357 466 περῖαὕτοῦ,
1387 410 1466 466 δ’,τι
1493 410 1581 457 ἂνΒ

104 477 217 533 δοκῇ.
280 475 355 530 τὴν
387 475 526 516 αἰτίαν
554 477 601 517 δὲ
630 477 716 517 τῶν
743 475 973 530 εἰρημένων
1002 472 1078 517 οὖκ
1109 478 1156 518 ἐν
1183 479 1240 534 τῷ
1267 479 1445 533 παρόντι
1478 478 1550 534 δή·

78 540 178 596 5λην
203 538 317 594 ἔλεγε
344 538 596 594 ποιήσεσθαι
613 572 624 593 ,
674 541 763 581 ἀλλ’
795 536 972 595 ὕστερον
1001 540 1124 599 ὀλίγῳ
1153 542 1268 600 αὐτῷ
1294 559 1336 585 τε
1369 543 1442 586 καί
1465 547 1548 586 πᾶ-

100 621 169 648 σιν
202 601 256 647 ἂν
281 605 479 659 γενέσθαι
511 603 712 661 φανεράν.
768 603 867 660 πρὶν
901 606 948 647 δὲ
975 604 1028 647 τὰ
1050 607 1278 661 γράμματα
1301 609 1428 650 ταυτὶ
1441 626 1548 665 γρα-

101 670 234 726 φῆναι
260 671 384 725 ἕτερα
410 667 658 726 ἐγράφοντο,
687 672 764 712 τοῦ
791 673 1173 726 παρακοιμωμένου
1202 670 1547 730 ὑπαγορεύοντος,

98 735 271 790 πικρίας
296 733 427 788 μεστοὶ
458 736 530 776 καί
539 732 722 796 ἶ’ὕβρεως
751 737 826 777 καί
852 735 1093 791 εἰρωνείας,
1122 736 1152 778 ἃ
1178 736 1384 781 ἐκώλυσεν
1410 740 1435 794 ἡ
1465 744 1546 793 βα-

98 801 207 849 σιλίς
223 801 484 855 πεμφθῆναι,
511 798 634 853 μόλις
671 801 853 843 πείσασα
885 800 987 850 τούς
1025 797 1214 856 ἄγοντας.
1270 803 1364 844 ἐπεὶ
1381 806 1428 846 δὲ
1449 805 1544 846 ἆνε-

50 861 318 918 ιογινιόσκετο
358 866 424 907 ἐπ’
461 866 699 921 ἐκκλησίας,
744 864 783 907 οἱ
818 867 896 918 μὲν
935 861 1054 908 ἄλλοι
1082 866 1234 916 πάντες
1262 867 1339 922 την
1366 871 1450 911 τῶν
1475 885 1542 923 γε-

96 930 347 985 γραμμένων
389 930 564 972 α’τοπίαν
602 932 952 986 ἐκπεπληγμένοι,
982 929 1190 974 ἅπτεσθαι
1219 928 1298 988 ἤδη
1328 933 1543 991 παρῄνουν

98 996 175 1036 τοῦ
198 996 382 1048 πολέμου
407 994 482 1036 καί
503 994 563 1050 μὴ
595 997 867 1052 διεφθορόσιν
898 994 1139 1051 ἀνθρώποις
1165 997 1239 1039 τὸν
1263 998 1411 1054 καιρόν
1438 1015 1541 1055 προ-

98 1062 240 1102 ΐεσθαι
260 1092 272 1113 ,
302 1062 395 1102 καθ’
425 1057 473 1101 ὃν
500 1061 665 1112 ἐξέσται
691 1059 914 1112 διασώζειν
941 1058 1130 1110 ἑαυτούς,
1189 1061 1211 1102 ὅ
1238 1065 1369 1116 μέγας
1395 1066 1441 1105 δὲ
1470 1066 1538 1105 δο-
1554 1073 1582 1106 G

95 1127 289 1178 μέστικος
331 1124 442 1180 ὁρῶν
466 1120 548 1181 ἤδη
584 1125 635 1168 τὰ
666 1127 889 1182 πράγματα
917 1129 977 1174 εἰς
1005 1125 1143 1181 ἆκμὴν
1171 1123 1323 1181 ἥκοντα
1351 1129 1543 1172 κινδύνου

48 1189 170 1235 ι5καὶ
193 1191 342 1246 μηκέτι
370 1192 608 1243 διαμέλλειν
639 1193 713 1233 καί
739 1190 869 1240 αὔτός
886 1191 1088 1244 οἰόμενος,
1121 1191 1318 1248 ἐτράπετο
1338 1189 1419 1248 ἤδη
1437 1194 1545 1249 πρὸς

95 1255 144 1297 τὸ
181 1254 463 1310 βουλεύεσθαι
501 1258 594 1298 καθ’
637 1252 716 1309 ὅ,τι
743 1258 950 1312 χρηστέον
992 1256 1044 1299 ἂν
1092 1255 1156 1312 εἴη
1199 1262 1287 1308 τοῖς
1323 1258 1543 1314 πράγμασι

94 1323 169 1364 καί
195 1319 366 1370 αὐτούς.
421 1323 494 1363 καί
518 1323 682 1376 πρῶτος
710 1321 839 1372 αὐτὸς
867 1323 929 1371 εἰς
956 1321 1030 1378 τὴν
1056 1321 1214 1377 βουλήν
1233 1323 1542 1376 καταστάντων,

95 1385 205 1438 ἔλεξε
235 1385 391 1429 τοιάδε.
446 1381 629 1442 »ἄνδρες
654 1389 990 1442 συστρατιῶται,
1020 1386 1072 1429 τὰ
1103 1389 1181 1441 μὲν
1210 1385 1400 1441 παρόντα
1429 1389 1540 1444 πρά-

94 1468 234 1506 γματα
272 1453 332 1500 εἷς
374 1449 472 1494 ὅσον
515 1453 739 1502 δυσκολίας
779 1451 854 1494 καί
893 1454 1080 1507 ταραχῆς
1111 1455 1186 1495 νῦν
1221 1468 1266 1495 τε
1293 1450 1442 1507 ἥκουσι
1469 1456 1543 1496 καί

43 1515 162 1559 2051!r
187 1518 345 1568 μᾶλλον
370 1518 593 1569 μέλλουσιν
621 1517 880 1571 ἐπιδιδόναι,
907 1517 1062 1570 ὁμοίως
1088 1517 1220 1569 ἔξεστι
1251 1522 1354 1560 πᾶσι
1382 1518 1539 1573 στοχά-

98 1582 247 1631 ζεσθαι
279 1581 392 1636 ἡμῖν.
455 1580 536 1635 ἐγώ
577 1582 614 1622 δ’
649 1582 690 1623 εἰ
723 1584 801 1635 μὲν
839 1580 865 1637 ἢ
892 1585 966 1624 νῦν
1004 1585 1049 1634 ἐξ
1079 1579 1317 1638 ἀλλοδαπῆς
1343 1582 1480 1626 ἐλθών
1508 1579 1539 1639 ἢ

98 1647 323 1701 διατριβων
347 1647 446 1700 παρ’
471 1643 595 1699 ὑμῖν,
626 1649 711 1688 τῶν
737 1650 898 1688 πολλῶν
927 1649 1049 1689 ου’δὲν
1076 1642 1246 1700 ἄμεινον
1274 1648 1536 1701 διακείμενος

109 1711 123 1724 5
236 1708 244 1722 Ι

94 1725 344 1766 ηγνοουμην,
373 1707 485 1765 εἶχεν
512 1706 563 1753 ἅν
589 1727 681 1754 τινα
708 1710 830 1766 λόγον
856 1710 980 1766 ἴσως,
1011 1711 1155 1761 ὁποῖος
1181 1711 1255 1755 τὸν
1281 1711 1431 1768 τρόπον
1464 1715 1538 1755 καί

181 1826 232 1860 13.
258 1823 397 1864 αὐτούς
409 1826 457 1860 M.

94 1933 147 1966 tio
170 1932 272 1964 venit
297 1941 377 1965 cum
400 1930 554 1973 litteris,
579 1931 713 1978 quibus
738 1932 1006 1978 imperabatur,
1032 1936 1073 1965 ut
1095 1944 1132 1966 se
1159 1932 1344 1966 abdicaret
1370 1944 1411 1966 ac
1435 1933 1534 1966 domi

94 1988 179 2013 suae
198 1978 358 2022 privatus
386 1978 533 2018 viveret,
558 1989 649 2012 neve
673 1984 772 2012 extra
796 1984 935 2024 portam
954 1978 1202 2023 Didymotichi
1224 1980 1353 2024 pedem
1378 1982 1535 2019 efferret,

94 2024 216 2070 quoad
239 2025 318 2068 ipsa
339 2023 384 2057 de
411 2034 455 2057 eo
481 2035 546 2070 pro
569 2025 720 2058 arbitrio
744 2026 940 2059 statuisset.
989 2026 1140 2059 Causam
1165 2026 1326 2060 mandati
1351 2028 1407 2058 sui
1435 2026 1534 2059 nolle

95 2071 137 2104 in
160 2080 328 2116 praesens
352 2071 573 2115 patefacere:
597 2071 707 2115 paulo
730 2077 815 2117 post
837 2072 909 2117 ipsi
934 2076 971 2105 et
998 2071 1165 2105 omnibus
1193 2071 1417 2106 manifestam
1445 2072 1536 2104 sore.

94 2118 301 2162 Antequam
324 2122 445 2150 autem
468 2117 536 2151 hae
559 2118 704 2151 litterae
735 2117 1070 2159 conscriberentur,
1099 2119 1213 2159 aliae,
1238 2118 1452 2162 Apocaucho
1478 2118 1538 2150 ‹li-

97 2168 219 2197 ctante
229 2187 243 2204 ,
272 2169 438 2198 exaratae
463 2164 627 2205 fuerant,
651 2163 738 2198 felle
767 2165 1068 2198 contumeliarum
1093 2169 1130 2196 et
1154 2164 1359 2198 irrisionum
1385 2164 1536 2208 plenae:

94 2220 184 2255 quas
208 2209 306 2244 mitti
337 2211 548 2254 imperatrix
571 2211 710 2252 vetuit,
746 2211 805 2245 vix
838 2213 917 2244 eius
947 2210 1164 2244 auctoritate
1197 2210 1489 2256 quiescentibuS,
1513 2221 1537 2242 a

94 2255 228 2301 quibus
252 2255 300 2288 ad
325 2256 543 2290 mittendum
566 2256 834 2302 impellebatur.
884 2257 962 2290 Illis
993 2257 1030 2290 in
1066 2263 1245 2291 conventu
1281 2255 1379 2301 apud
1416 2257 1536 2300 Didy-

93 2301 293 2336 motichum
335 2304 518 2344 recitatis,
566 2305 679 2337 ceteri
715 2304 863 2350 quidem
900 2314 1022 2337 omnes
1062 2304 1274 2348 scriptorum
1309 2302 1534 2336 absurditate

94 2349 266 2389 attoniti,
302 2347 440 2382 benum
471 2349 728 2394 capessendum
761 2361 829 2384 nec
861 2350 1014 2396 perditis
1043 2348 1255 2383 hominibus
1291 2360 1376 2382 suae
1406 2349 1534 2383 salutis

95 2394 404 2440 opportunitatem
429 2406 506 2430 esse
531 2395 807 2430 condonandam
830 2395 1007 2430 dictitare.
1066 2395 1114 2429 At
1137 2407 1285 2440 magnus
1309 2395 1527 2429 domesticus

94 2442 169 2475 iam
196 2452 233 2474 se
259 2442 354 2474 inter
388 2452 526 2476 sacrum
555 2453 753 2488 saxumque
780 2448 874 2477 stare
902 2443 1028 2476 videns
1057 2448 1094 2476 et
1118 2454 1187 2476 nec
1212 2442 1291 2486 ipse
1323 2442 1418 2475 ultra
1441 2452 1528 2488 pro-

94 2487 284 2521 latandum
309 2497 482 2530 censens,
518 2488 564 2522 ad
598 2489 790 2522 consilium
824 2488 954 2530 refert,
978 2488 1068 2534 quid
1091 2489 1154 2522 tali
1193 2489 1403 2532 praesertim
1439 2493 1532 2522 tem·-

93 2544 184 2579 pore
207 2533 412 2567 faciendum
436 2535 506 2576 sit,
529 2536 690 2581 exquirit
713 2546 755 2568 ac
776 2535 942 2580 princeps
968 2536 1046 2578 ipse
1072 2534 1234 2575 consilii,
1268 2533 1365 2568 hunc
1388 2534 1428 2566 in
1451 2546 1532 2568 mo-

97 2579 183 2613 dum
215 2579 369 2613 disserit.
417 2580 522 2625 Quae
545 2591 641 2614 nunc
673 2581 721 2614 sit
749 2592 867 2614 rerum
893 2580 1079 2615 difficultas
1102 2580 1425 2626 perturbatioque,
1460 2582 1531 2614 viri

99 2626 362 2660 commilitones
397 2632 434 2659 et
467 2632 602 2672 quanto
637 2628 798 2661 afflictior
830 2633 942 2660 status
981 2626 1041 2659 hic
1074 2627 1216 2660 futurus
1249 2627 1319 2671 sit,
1359 2626 1528 2660 omnibns

96 2671 199 2707 vobis
223 2672 301 2706 sine
331 2672 538 2706 discrimine
563 2679 734 2718 exputare
766 2674 907 2707 licitum
943 2679 1006 2709 est,
1053 2673 1126 2718 Ego
1159 2683 1242 2707 vero
1268 2675 1298 2705 si
1327 2679 1390 2706 aut
1421 2673 1528 2706 modo

99 2728 144 2751 ex
170 2719 358 2763 peregrina
388 2719 533 2762 regione
557 2719 805 2760 adventantem,
837 2725 899 2752 aut
919 2719 1014 2764 apud
1039 2729 1101 2753 vos
1127 2719 1282 2763 degens,
1311 2721 1410 2752 velut
1436 2730 1527 2752 unus

99 2763 144 2797 de
167 2763 286 2798 media
310 2765 418 2810 plebe
434 2790 443 2806 ,
463 2767 673 2810 ignorata,
699 2771 794 2800 esset
815 2766 986 2806 fortasse,
1019 2775 1082 2799 cur
1116 2776 1233 2800 mores
1268 2767 1527 2811 ingeniumque
1551 2812 1554 2814 -

147 2831 420 2868 Cantacuzenus
447 2834 495 2868 ΙΙ.
1226 2845 1238 2868 ι
1246 2845 1266 2868 ο
