1812 3146
578 176 955 220 msa-omnum
994 180 1066 220 ιιι.
1110 180 1178 226 78.
1460 155 1574 224 485

141 274 232 332 ἅμα
251 281 298 323 δὲ
318 278 391 322 καὶ
408 277 569 335 ἡμέραν
587 280 840 333 συνετίθετο,
853 279 897 320 ἐν
920 274 949 336 ᾗ
971 275 1099 321 αὐτόν
1116 293 1160 320 τε
1179 282 1374 334 παρεῖναι
1393 275 1668 331 ἕδει,και“Α.0-.
1685 283 1774 331 ι344

139 344 242 394 τούς
261 345 513 401 πράττοντας
542 342 620 398 τῆν
656 342 813 386 ἅλωσιν
833 342 938 399 πρὸς
966 343 1011 386 τὸ
1035 342 1155 400 ἔργον
1181 341 1290 386 εἶναι
1321 358 1582 398 παρεσκευα-

139 412 331 464 σμένους.
361 412 508 452 ἐκεῖνοι
542 410 590 451 δὲ
608 408 708 467 πρὶν
730 411 906 463 βασιλέα
930 407 1070 464 ἥκειν,
1092 407 1194 452 κατὰ
1225 407 1473 464 συστήματα
1502 407 1705 451 πε-Ρ-623

145 477 323 532 ριιόντες
338 508 351 530 ,
377 474 475 518 ἐπεί
496 491 608 519 τισιν
629 477 769 518 αὕτῶν
790 477 942 530 συνέβη
967 473 1117 534 Βράνῳ
1137 480 1400 531 περιτυχεῖν,
1431 471 1478 524 ὃς
1510 473 1588 530 τήν

122 540 341 598 5φυλακὴν
361 543 436 596 τῆς
451 541 609 592 πόλεως
632 538 765 590 εὐθὺς
788 542 964 596 ἐξαρχῆς
986 539 1055 583 διὰ
1078 543 1162 583 τῶν
1184 541 1364 596 α’ριότων
1380 538 1457 595 τὴν
1476 544 1599 597 qma

146 605 225 662 ράν
250 605 366 662 παρὰ
394 608 609 660 βασιλίδος
637 605 882 662 ἐπιστεύθη.
913 608 1065 656 ἐκεῖνος
1081 606 1158 662 γὰρ
1178 608 1254 661 τῆς
1273 605 1463 655 στάσεως
1487 602 1588 662 ἦρξε

144 669 221 714 τὸν
254 673 385 727 δῆμον
412 677 500 721 τοῖς
527 668 714 727 ἀρίστοις
740 671 972 726 ἐπαγαγών.
1015 674 1158 715 τοῦτον
1185 668 1261 714 οὖν
1280 671 1434 721 ἰδόντες
1460 688 1589 727 παρο-

146 733 248 779 όντα
277 738 352 780 καί
375 744 601 792 κατασχεῖν
628 736 685 794 μῆ
717 739 965 793 δυνηθέντες
991 736 1064 794 τὴν
1092 737 1246 794 ὁρμήν,
1277 732 1478 794 (ἄκρατον
1503 736 1585 793 γὰρ

146 802 287 863 ἐκείνῳ
313 802 388 860 τὴν
409 803 512 859 ὅργή
519 820 542 845 ν
566 804 800 860 ἐφύλαττον
820 802 890 845 διὰ
911 801 985 860 τὴν
1007 803 1111 860 πρὸς
1134 801 1292 853 αὐτούς
1316 804 1588 859 γεγενημένην

93 869 267 928 ιοῧβριν
293 872 367 912 καί
390 867 608 926 φθορὰν,)
651 867 931 924 ἀμελήσαντες
958 872 1041 912 τῶν
1066 871 1273 924 βασιλέως
1303 870 1590 926 παραινέσεων

143 939 360 988 ἐπέθεντο,
386 930 468 990 ἤδη
489 935 535 976 δὲ
560 937 633 990 τῆς
653 935 880 990 προδοσίας
903 936 1092 991 φανερᾶς
1130 937 1422 990 γεγενημένης,
1455 934 1527 977 καὶ
1548 933 1590 977 οἲ

142 1003 284 1045 λοιποί
303 1000 614 1057 προσεβοήθουν
642 998 855 1049 δείσαντες
881 1000 956 1043 τὸν
983 1003 1189 1043 κίνδυνον.
1217 1003 1363 1043 πολλοί
1394 1002 1440 1042 δὲ
1468 996 1620 1050 ὅντεςΒ

143 1065 235 1121 ἅμα
257 1065 331 1108 καὶ
350 1067 426 1107 τοῦ
443 1065 578 1120 δήμου
597 1062 851 1118 ἐνδιδόντος,
869 1067 1098 1122 (ἐπιέζοντο
1116 1065 1197 1121 γὰρ
1215 1066 1297 1109 ὑπὸ
1314 1069 1389 1109 τοῦ
1410 1069 1591 1120 πολέμου
1606 1070 1647 1105 V·
1663 1071 1733 1119 499

146 1133 354 1188 κραταιῶς
368 1133 402 1188 ,)
443 1131 720 1186 περιεγένοντο
747 1133 830 1172 τῶν
857 1133 1092 1186 πολεμίων,
1121 1131 1193 1174 καί
1215 1131 1318 1182 τούς
1360 1134 1439 1185 μὲν
1470 1148 1592 1175 συνε-

92 1195 351 1250 ι5λὰμβανον
378 1195 543 1249 αὐτῶν,
577 1194 616 1237 οἱ
648 1197 696 1238 δὲ
731 1190 838 1252 ἦσαν
874 1197 1052 1252 ἀφανεῖς
1079 1192 1254 1250 ἄσμενοι
1294 1196 1368 1240 τὸν
1404 1199 1592 1240 κίνδυνον

146 1259 435 1318 διαφυγόντες.
474 1258 730 1310 Ἀπόκαυκος
770 1262 817 1304 δὲ
874 1260 1086 1317 Μανουὴλ
1115 1259 1137 1302 ὃ
1169 1264 1241 1304 τοῦ
1271 1262 1456 1317 μεγάλου
1496 1265 1594 1304 δου-

146 1325 218 1376 κὸς
246 1325 354 1382 υἱὸς,
381 1329 453 1382 τῆς
478 1324 638 1377 πόλεως
664 1324 775 1381 ἔχων
802 1325 878 1381 τήν
907 1325 1068 1383 α’ρχὴν,
1100 1327 1158 1377 ὥς
1186 1324 1301 1384 ἐώρα
1326 1328 1427 1378 τούς
1442 1327 1494 1370 τοὶ
1515 1332 1596 1382 βα·-

149 1393 298 1440 σιλέως
326 1390 583 1446 πράττοντας
612 1393 952 1446 περιγενομένους
980 1391 1157 1435 ἐκλιπών
1188 1392 1263 1448 τήν
1288 1391 1437 1447 πόλιν,
1467 1388 1596 1449 ἦλθεν

148 1457 209 1505 εἷς
236 1457 449 1497 Βουκέλου
478 1453 686 1512 φρούριόν
722 1474 765 1499 τι
795 1458 848 1498 ου’
887 1456 1055 1513 μακρὰν
1087 1460 1243 1514 ἐκείνης
1272 1458 1514 1517 ᾠκισμένον.
1570 1459 1596 1500 ὅ

90 1518 311 1577 ῃοΒροὶνος
339 1522 386 1562 δὲ
413 1519 671 1577 συλληφθεὶς
709 1518 760 1563 τά
795 1537 841 1563 τε
869 1525 1043 1578 κλεῖθρα
1071 1525 1295 1578 παρείχετο
1311 1526 1390 1578 τῆς
1408 1523 1593 1579 πόλεως,

142 1587 218 1628 καί
242 1587 374 1628 ἐδεῖτο
400 1585 461 1640 μὴ
495 1586 741 1628 ἀποθανεῖν.
801 1585 840 1628 οἱ
869 1588 942 1642 δὲ,
986 1587 1045 1637 ὥς
1075 1583 1155 1643 ἤδη
1184 1591 1383 1644 καθαραῖς
1409 1591 1484 1645 τῆς
1511 1589 1588 1632 πό·

142 1655 248 1700 λεως
289 1647 400 1706 ἦσαν
438 1652 673 1707 ἐγκρατεῖς,
727 1652 950 1707 ἐτράποντο
981 1654 1050 1708 ἐφ’
1078 1654 1295 1709 ἁρπαγήν,
1337 1654 1410 1696 καὶ
1441 1653 1518 1711 τήν
1543 1664 1631 1699 τεῦ

146 1715 318 1772 Βράνου
349 1715 422 1758 καί
449 1716 526 1766 τὰς
557 1715 695 1759 ἄλλων
727 1717 958 1773 διήρπαζον
999 1719 1142 1768 οἰκίας.
1197 1718 1343 1763 ἔπειτα
1376 1720 1449 1762 καί
1485 1721 1588 1779 πρὸς

143 1781 295 1833 πότους
323 1784 396 1825 καί
426 1783 674 1839 φιλοτησίας
702 1781 772 1825 διὰ
805 1782 882 1840 τὴν
908 1785 1022 1839 νίκην
1048 1781 1228 1836 ἑαυτούς
1255 1787 1475 1838 ἐξέδωκαν.
1545 1787 1586 1830 οἱ

148 1936 226 1974 set,
251 1936 290 1967 et
312 1932 376 1978 qui
401 1931 447 1966 de
473 1932 564 1967 urbe
590 1934 767 1979 capienda
793 1945 913 1969 secum
938 1935 1105 1980 agebant,
1118 1935 1165 1968 ad
1190 1946 1282 1982 opus
1306 1937 1587 1982 aggrediendum

146 1980 262 2026 parati
291 1984 420 2014 essent.
468 1980 808 2023 Verumenimvero,
838 1987 1033 2027 antequam
1060 1982 1260 2027 imperator
1286 1984 1499 2026 adveniret,
1530 1986 1588 2019 illi

146 2026 334 2060 turmatim
356 2026 632 2060 obambulantes
648 2052 658 2068 ‚
683 2034 876 2075 postquam
901 2039 1025 2062 eorum
1051 2029 1198 2074 quidam
1231 2031 1270 2063 in
1304 2031 1459 2064 Branum
1492 2031 1588 2065 sorte

147 2072 377 2113 inciderunt,
408 2073 467 2106 cui
502 2073 602 2106 urbis
636 2075 800 2107 custodia
833 2075 955 2108 statim
991 2075 1037 2108 ab
1074 2075 1182 2109 initio
1220 2081 1368 2121 propter
1394 2077 1587 2122 optimates

149 2119 349 2154 trucidatos
374 2119 421 2153 ab
448 2118 678 2163 imperatrice
703 2121 840 2155 credita
866 2121 997 2161 fuerat,
1023 2122 1053 2154 is
1080 2122 1177 2154 enim
1203 2121 1396 2156 seditionis
1418 2125 1588 2169 princeps

140 2165 288 2211 plebem
311 2165 350 2198 in
374 2177 435 2199 eos
469 2166 720 2200 concitaverat.
769 2169 862 2202 Cum
888 2169 999 2212 igitur
1019 2168 1253 2202 accedentem
1280 2169 1529 2214 adspicerent,
1554 2177 1592 2205 et

142 2213 320 2256 impetum
347 2210 518 2246 cohibere
544 2224 619 2246 non
643 2220 813 2259 possent,
843 2213 995 2259 (etenim
1028 2215 1076 2248 ob
1101 2215 1254 2248 iniurias
1303 2220 1340 2248 et
1369 2215 1495 2250 caedes
1536 2217 1592 2250 fa-

143 2259 288 2291 ctitatas
318 2269 407 2292 cane
449 2264 487 2291 et
521 2269 638 2305 angue
681 2262 785 2305 peius
820 2260 923 2294 illum
962 2260 1143 2306 oderant,)
1182 2261 1348 2306 neglecta
1383 2262 1591 2297 hortatione

142 2304 373 2349 imperatoris
398 2305 437 2338 in
461 2304 644 2339 hominem
671 2307 858 2341 invadunt.
917 2307 1129 2341 proditione
1156 2308 1226 2340 iam
1255 2309 1449 2342 manifesta
1465 2334 1476 2350 ,
1503 2311 1593 2344 reli-

145 2351 210 2397 qui
253 2351 340 2383 item
372 2352 502 2384 timore
536 2352 691 2396 periculi
722 2353 879 2397 iungunt
917 2364 1052 2398 operas.
1102 2354 1192 2387 Cum
1221 2353 1430 2399 frequentes
1457 2363 1590 2396 essent,

146 2403 185 2431 et
208 2396 312 2443 plebs
341 2398 566 2440 conniveret,
595 2399 694 2446 quod
717 2399 816 2433 bello
843 2400 1093 2444 premebatur,
1122 2399 1290 2433 hostibus
1320 2403 1592 2445 praevalentes,

146 2444 238 2477 alios
265 2443 597 2488 comprehendunt,
622 2445 685 2478 alii
707 2446 790 2490 fuga
815 2446 1038 2479 clandestina
1064 2445 1220 2479 libentes
1250 2458 1288 2479 se
1318 2449 1480 2491 periculo
1500 2450 1592 2482 sub-

148 2490 337 2523 duxerant.
386 2491 535 2523 Manuel
559 2492 807 2537 Apocauchu3‚
832 2493 949 2535 magni
975 2493 1077 2526 ducis
1109 2493 1218 2532 filius,
1246 2492 1345 2527 urbis
1374 2496 1592 2539 praefectus,

147 2543 191 2570 ut
214 2538 444 2580 imperatoris
469 2536 627 2571 fautores
657 2539 844 2572 victoriam
870 2545 1080 2572 consecutos
1106 2539 1218 2578 vidit,
1254 2539 1342 2572 urbe
1374 2542 1521 2583 relicta,
1555 2545 1594 2576 in

148 2583 337 2616 castellum
378 2593 453 2616 non
483 2585 609 2627 procul
645 2586 780 2626 situm,
816 2585 964 2619 nomIne
999 2584 1197 2624 Bucellum‚
1225 2587 1402 2630 confugit.
1459 2590 1596 2622 Branus

149 2630 311 2674 captivus
348 2629 464 2662 claves
496 2630 595 2663 urbis
633 2631 836 2675 porrigere,
866 2642 908 2664 ac
936 2632 1153 2675 supplicare,
1180 2642 1226 2664 ne
1250 2634 1491 2668 occideretur.
1541 2636 1598 2668 1111

151 2676 312 2709 civitatis
335 2676 407 2708 iam
434 2677 512 2709 sine
537 2679 778 2710 controversia
798 2681 982 2722 compotes
1007 2676 1053 2709 ad
1080 2678 1324 2722 direptionem
1353 2682 1534 2719 converti,
1564 2686 1601 2714 ct

153 2733 236 2755 cum
261 2723 392 2761 Brani,
422 2727 500 2755 tum
539 2723 692 2757 aliorum
721 2723 845 2757 domos
884 2723 1055 2768 expilare.
1103 2723 1247 2759 Deinde
1274 2724 1321 2758 ob
1354 2727 1521 2772 adeptam
1547 2728 1602 2760 vi-

157 2770 310 2803 ctoriam
349 2773 555 2814 computare
599 2773 635 2802 et
666 2770 806 2815 poculis
848 2770 943 2804 iuter
984 2780 1021 2803 se
1053 2770 1218 2807 invitare.
1275 2771 1374 2805 Victi
1410 2774 1530 2807 ebrios
1565 2778 1602 2806 et
