1800 3146
254 154 365 222 452
455 155 462 158 ’
783 172 1151 218 CANTACUZEM

58 282 139 317 Ac.
163 274 401 327 ι343γορίαν
428 273 546 315 αἷδοῖ
574 275 623 330 τῇ
650 272 755 330 πρὸς
787 274 923 321 αὐτόν.
948 281 950 284 ’
981 277 1021 317 εἰ
1048 277 1087 317 δ’
1112 277 1322 330 ἐπιορκίας
1353 274 1518 331 διῴκει,
1556 270 1584 327 ἢ
1611 272 1680 312 οὗ·

253 339 323 379 δὲν
341 339 532 391 α’σεβειάς
553 340 801 394 διενήνοχεν,
831 340 1040 396 (ἐπιορκία
1064 340 1160 396 γάρ,
1181 356 1308 396 φησιν
1322 372 1334 393 ,
1351 335 1520 394 ἄρνησις
1537 339 1678 393 θεοῦ,)

253 404 301 443 τί
341 403 511 457 λοιπὸν,
568 401 726 458 ἢμετιὶ
772 406 1008 462 παρ’ῥησίας
1047 405 1310 448 ἀπολύεσθαι
1353 404 1406 446 τὰ
1445 403 1680 457 ἐγκλήματα

252 469 326 509 καί
352 465 481 509 αὑτὸν
509 468 806 512 α’ποδεικνύναι
833 474 1023 513 τοσοῦτον
1049 474 1098 527 τῇ
1125 469 1314 526 ἐπιορκία
1341 465 1581 523 ἐνεχόμενον
1591 501 1604 519 ,
1652 461 1681 522 ἢ

252 529 348 574 ὅσον
378 532 560 585 ἐμαυτὸν
601 533 781 586 μάλιστα
821 535 1097 591 (ἐφεστηκότα.
1151 536 1256 591 πρὸς
1286 537 1363 587 μὲν
1391 529 1465 575 οὖν
1506 532 1706 586 βασιλὲα5

215 597 325 640 Βτὸν
364 597 573 653 μακάριον
613 601 765 641 ἐκεῖνον
791 599 863 642 τὸν
890 601 1009 642 πάντ’
1047 601 1140 654 ε’μοί
1169 603 1364 657 φίλτατον
1401 600 1473 640 καί
1500 600 1684 654 κεφαλῆς

253 663 498 718 τιμιώτερον
526 664 685 717 αὐτῆς,
728 659 778 705 οὗ
807 666 878 707 καί
905 668 1056 717 ζῶντος
1081 665 1260 719 μάλιστα
1292 664 1582 721 περιειχόμην,
1612 661 1685 704 καὶ

255 726 391 769 πάντα
421 730 544 770 πόνον
587 729 692 784 ὑπὲρ
725 732 879 772 ἐκείνου
922 731 1088 787 τρυφήν
1115 733 1321 786 ἡγούμην,
1363 731 1436 772 καί
1467 727 1572 782 μετὰ
1607 726 1684 782 τὴν

252 792 444 847 τελευτὴν
471 794 742 848 ἅνεπίληστον
781 794 857 850 τὴν
885 798 1052 852 μνήμην
1080 800 1317 852 περιφέρω,
1357 792 1446 837 οὔτ’
1470 794 1683 847 ὀμωμοκέ-

253 874 324 899 ναι
353 860 483 913 φαιήν
514 854 589 910 ἂν,
640 854 728 901 οὔτ’
758 863 1080 915 ἐπιωρκηκέναι·
1121 858 1220 903 οὐδὲ
1254 861 1332 918 γὰρ
1363 858 1498 916 ὅρκων
1529 857 1735 913 ἐδεήθηῐο

252 924 349 963 ποτὲ
386 924 461 963 τοῦ
501 925 633 978 μηδὲν
673 927 836 980 φαῦλον
874 926 1124 969 ὑποπτεύειν
1169 919 1286 968 ἕνεκα
1323 925 1420 981 περὶ
1454 925 1571 978 ἐμοῦ.
1638 922 1685 964 αἱ
1722 926 1724 929 ’

252 985 331 1042 γὰρ
362 989 611 1043 καθημέραν
644 988 815 1046 πράξεις
867 991 1031 1046 μυρίων
1067 990 1199 1048 ὅρκων
1241 986 1346 1047 ἦσαν
1384 987 1681 1046 ἰσχυρότεραι,

252 1050 328 1105 τὴν
369 1051 474 1107 πρὸς
515 1054 670 1096 ἐκεῖνον
703 1056 807 1107 ἐμοῦ
846 1058 982 1098 πίστιν
1019 1056 1092 1098 καί
1122 1059 1266 1112 φιλίαν
1297 1054 1491 1109 καθαρὰν
1519 1055 1686 1096 ἀποδει-

253 1109 412 1159 κνῦσαι.
441 1116 541 1166 τούς
563 1117 643 1174 γάρ
675 1116 826 1174 ὅρκους
870 1122 921 1162 οὕ
964 1125 1063 1175 παρ’
1087 1117 1146 1164 ὧν
1176 1124 1378 1177 δυσχερὲς
1405 1119 1686 1171 ὖποπτεύομεν

129 1186 161 1220 P·
178 1188 245 1231 604
262 1182 404 1233 οὐδὲν,
426 1178 588 1231 ⁶227?an-
614 1184 793 1236 μάλιστα
814 1186 1079 1240 ἀπιστοῦμεν,
1101 1186 1308 1239 εἰώθαμεν
1324 1189 1534 1227 ποιεῖσθαι
1559 1180 1738 1239 προσ-15

253 1244 513 1300 αναγκάζειν.
590 1246 640 1289 οὗ
693 1249 776 1304 μὴν
830 1251 899 1292 διὰ
944 1255 1063 1293 τοῦτο
1113 1249 1375 1306 ἐγκλημάτων
1428 1248 1688 1292 ἀπολύεσθαι

253 1312 428 1363 δικαιῶ,
483 1307 535 1352 ἂν
578 1318 665 1360 τοῖς
718 1314 873 1354 ἐκείνου
941 1317 1156 1369 φαίνωμαι
1204 1316 1327 1357 παισὶ
1368 1314 1474 1368 μετὰ
1514 1313 1586 1370 τὴν
1623 1328 1689 1354 τε·-

252 1373 403 1429 λευτην
445 1375 819 1429 ἐπιβεβουλευκώς·
876 1378 1032 1430 ὁμοίως
1070 1380 1150 1432 γάρ
1190 1377 1240 1421 ἄν
1271 1397 1334 1429 τις
1374 1380 1556 1433 ἐνέχοιτο
1604 1383 1690 1428 τοῖς

253 1440 482 1494 ἐγκλήμασι
508 1443 580 1493 τῆς
610 1439 788 1494 ἀδικίας,
819 1438 871 1484 ἄν
905 1444 941 1484 τ’
955 1443 1214 1496 ὀμωμοκώς,
1253 1440 1304 1484 ἄν
1329 1459 1372 1485 τε
1396 1444 1528 1498 χωρίς
1556 1440 1690 1498 ὅρκων

255 1504 431 1559 α’δικοίη.
499 1507 620 1546 τοῦτο
657 1507 733 1557 μὲν
778 1503 854 1548 οὖν
916 1506 1024 1559 μετὰ
1062 1509 1146 1549 τῶν
1190 1505 1326 1563 ὅρκων
1367 1507 1440 1563 τὴν
1481 1505 1743 1558 ἄπόδειξιν2ο

254 1567 517 1622 ἐξετάσομεν·
574 1564 667 1610 νυνῖ
707 1572 744 1611 δ’
777 1570 878 1612 amito
917 1573 1040 1613 τοῦτο
1077 1570 1316 1625 ψεύδεσθαι
1364 1574 1436 1614 καί
1480 1588 1690 1628 συκοφαν-

258 1641 347 1675 τεῖν
381 1632 452 1675 τὸν
482 1635 741 1690 πατριάρχην
780 1637 908 1691 φαίην
953 1633 1028 1689 ἂν,
1069 1637 1280 1693 φάσκοντα
1317 1638 1559 1693 ἦθετηκέναι
1595 1637 1693 1686 τούς

122 1708 168 1744 V.
185 1698 365 1756 484πρὸς
404 1701 582 1753 βασιλέα
621 1697 784 1756 ὅρκους.
839 1704 878 1744 εἰ
921 1703 966 1744 δὲ
995 1701 1094 1752 τούς
1128 1703 1228 1760 πρὸς
1253 1704 1448 1758 βασιλίδα
1486 1704 1595 1757 λέγει
1621 1704 1693 1745 καί

264 1835 353 1868 riam
380 1834 518 1867 habent
542 1835 857 1879 reprehensionem
885 1840 921 1869 et
946 1848 1096 1882 quorum
1125 1839 1339 1871 contumelia
1355 1837 1398 1871 ad
1425 1848 1550 1882 corpus
1575 1843 1692 1871 trans·

263 1881 317 1920 it,
356 1885 556 1921 accusaret,
591 1893 654 1925 ego
688 1884 951 1916 accusationem
984 1885 1183 1917 reverentia
1223 1885 1321 1918 illius
1364 1885 1525 1918 tulissem
1548 1885 1689 1917 tacitus.

263 1927 360 1971 Quia
393 1938 476 1960 vero
510 1928 889 1972 periuriiinsimulat,
918 1941 1011 1974 quae
1035 1931 1130 1964 nihil
1153 1931 1198 1963 ab
1224 1931 1408 1975 impietate
1433 1931 1564 1971 differt,
1591 1931 1693 1974 (per-

263 1973 396 2006 iurium
421 1974 538 2013 enim,
565 1974 706 2018 inquit,
733 1980 786 2007 est
809 1978 952 2020 negatio
981 1978 1077 2021 Dei‚)
1115 1977 1203 2022 quid
1227 1982 1336 2010 restat
1352 2001 1361 2016 ,
1392 1978 1462 2010 nisi
1486 1981 1526 2009 ut
1550 1977 1692 2015 obiecta

263 2020 414 2052 crimina
441 2020 601 2052 refellam
628 2020 764 2060 libere,
798 2023 987 2067 ipsumque
1013 2028 1150 2055 tantum
1177 2034 1253 2056 esse
1277 2024 1436 2067 periurio
1462 2023 1690 2066 implicitum,

270 2072 447 2109 quantum
473 2076 529 2097 me
563 2066 608 2096 ab
635 2077 677 2098 eo
704 2067 905 2100 seiunctum
930 2068 1179 2102 demonstrem.
1229 2069 1335 2113 Quod
1362 2070 1471 2112 igitur
1495 2070 1627 2102 attinet
1645 2068 1692 2101 ad

263 2110 395 2144 beatae
431 2113 622 2144 memoriae
658 2113 912 2156 imperatorem
937 2116 1039 2147 illum
1061 2140 1070 2154 ‚
1101 2115 1258 2148 omnium
1292 2115 1380 2148 mihi
1406 2115 1625 2148 carissimum
1654 2120 1692 2149 et

265 2158 344 2200 ipsa
377 2159 494 2190 anima
530 2169 608 2190 mea
633 2160 903 2202 pretiosiorem,
937 2159 1118 2205 (quem'et
1139 2161 1317 2195 viventem
1343 2161 1626 2206 complectebar,
1654 2166 1692 2195 et

266 2205 428 2246 quemvis
456 2215 519 2248 pro
547 2215 589 2237 eo
616 2204 773 2237 laborem
799 2205 946 2238 delicias
972 2206 1180 2252 reputabam
1197 2232 1206 2247 ‚
1243 2209 1416 2253 cuiusque
1450 2208 1611 2242 defuncti
1635 2207 1692 2240 in-

268 2250 461 2282 delebilem
499 2251 705 2281 memoriam
738 2252 982 2299 circumfero‚)
1013 2263 1130 2297 neque
1165 2253 1300 2286 iurasse
1334 2265 1390 2286 mc
1428 2255 1484 2288 illi
1524 2254 1689 2295 dixerim,

266 2305 387 2340 neque
422 2296 621 2339 peierasse:
656 2298 834 2341 siquidem
860 2311 905 2332 ne
939 2299 1028 2343 quid
1060 2298 1104 2331 de
1137 2310 1194 2332 me
1227 2300 1409 2333 sinistrum
1438 2301 1690 2344 suspicaretur,

267 2342 479 2374 iuramentis
516 2344 605 2377 meis
631 2353 813 2389 nunquam
841 2345 1008 2389 indiguit,
1043 2355 1121 2376 cum
1148 2346 1382 2390 quotidianae
1408 2348 1567 2380 actiones
1590 2357 1690 2379 meae

268 2386 315 2419 ad
340 2387 445 2419 fidem
472 2392 508 2420 et
534 2400 738 2432 germanum
765 2402 918 2424 amorem
958 2402 1076 2424 meum
1105 2402 1186 2436 erga
1211 2392 1314 2424 illum
1341 2393 1566 2437 prodendum
1590 2393 1689 2426 mille

268 2434 481 2466 iuramentis
511 2436 775 2468 antecellerent.
832 2436 972 2470 Etenim
1003 2449 1075 2470 non
1110 2447 1191 2478 eos,
1227 2450 1246 2471 a
1279 2438 1410 2484 quibus
1442 2449 1545 2485 grave
1567 2438 1620 2471 nil
1643 2438 1690 2471 ti-

269 2489 429 2519 memus,
469 2480 531 2513 sed
556 2481 687 2526 quibus
711 2483 864 2514 maxime
891 2482 1083 2516 diffidimus
1107 2484 1152 2516 ad
1177 2485 1366 2518 iurandum
1394 2497 1518 2530 cogere
1541 2495 1691 2518 consue-

270 2524 395 2557 vimus,
453 2527 532 2559 Non
570 2532 689 2560 tamen
713 2534 906 2571 propterea
935 2529 1145 2562 criminibus
1172 2541 1227 2563 me
1252 2531 1389 2566 absolvi
1414 2533 1513 2571 volo,
1538 2531 1567 2564 si
1591 2532 1689 2564 inte-

270 2571 338 2603 rim
363 2571 461 2604 illius
486 2573 569 2605 {iliis
596 2578 676 2616 post
700 2574 775 2606 eius
806 2585 824 2606 e
848 2575 920 2608 vita
943 2575 1136 2609 discessum
1161 2576 1351 2610 insidiatus
1373 2577 1503 2611 videar.
1564 2577 1690 2610 Perac-

272 2627 343 2659 que
370 2618 465 2649 enim
491 2619 693 2652 iniustitiae
721 2621 826 2664 culpa
850 2625 1014 2662 tenetur,
1039 2623 1068 2655 si
1094 2623 1174 2666 quis
1199 2623 1399 2664 iniuratus,
1434 2630 1473 2657 ut
1497 2624 1525 2655 si
1550 2622 1687 2655 iuratus

269 2661 403 2694 iniuste
441 2665 563 2706 egerit.
626 2665 697 2699 Sed
733 2667 801 2700 hoc
826 2668 932 2711 quale
958 2668 1024 2709 sit,
1056 2673 1136 2712 post
1162 2669 1412 2703 refutationem
1437 2667 1570 2701 obiecti
1594 2670 1690 2702 iura-

270 2708 382 2740 menti
415 2710 743 2745 considerabimus:
791 2724 886 2747 nunc
927 2713 996 2746 hoc
1039 2715 1150 2758 ipsum
1197 2717 1431 2759 patriarcham
1465 2715 1683 2748 calumniose

270 2754 415 2788 mentiri
452 2755 534 2797 aio,
570 2758 670 2802 quod
694 2770 751 2794 me
774 2759 896 2794 datum
921 2761 1126 2806 imperatori
1151 2763 1386 2796 iuramentum
1410 2761 1578 2796 habuisse
1604 2762 1694 2803 irri-,
