1800 3138
491 182 864 225 fflsromAntm
904 182 975 226 ιιι.
1004 189 1074 231 aa.
1395 181 1506 241 ²09

75 281 230 337 χρόνον
258 280 550 337 Περιθεαίριον
577 280 827 336 ἐπολιόρκει,
855 281 962 336 πρὸς
992 281 1092 332 τούς
1118 284 1163 325 ἒν
1180 277 1384 342 ''Astra-trgi
1413 277 1592 339 ὅρειᾼᾯ.
1612 285 1700 331 ιῧῂ

78 349 161 388 τῶν
191 341 328 388 ἄλλων
354 345 478 401 α’ρετῇ
505 347 756 401 προέχοντας
782 345 952 401 γράψας
976 348 1254 400 μοναζὸντων,
1283 349 1413 391 ἐδεῖτο
1440 347 1511 390 καὶ
1522 351 1562 387 V.
1575 352 1644 400 ³7²

79 413 232 464 αὐτῶν,
246 409 306 464 μή
328 413 526 467 περιορᾷν
550 409 595 452 τὸ
623 412 706 452 τῶν
732 409 1038 465 χριστωνύμων
1063 407 1169 465 αἷμα
1189 412 1388 466 χεόμενον
1412 413 1511 468 ὁση-

76 477 216 531 μέραι,
245 473 350 517 ἀλλὰ
384 476 504 530 ζῆλον
531 475 734 530 ἄληθείας
762 474 1115 528 ὖποδυσαμένους,
1145 475 1249 532 πρὸς
1277 475 1510 528 Βυζάντιον

52 538 306 597 5ἇφικέσθαι
346 542 421 582 καί
448 543 646 594 βασιλίδα
675 539 842 592 διδάξαι
880 538 955 594 τήν
981 543 1061 582 τῶν
1095 544 1382 597 πραττομένων
1409 544 1511 584 ἆτο-

76 608 203 660 πίαν,
230 604 274 647 εἴ
293 622 380 655 πως
406 608 630 661 πειθομένη
657 607 759 660 γοῦν
788 605 944 658 αὐτοῖς,
974 604 1050 661 τήν
1077 610 1301 662 νεμομένην
1319 607 1511 663 τὴνῬω-

73 671 212 725 μαίων
238 670 458 725 ἡγεμονίαν
486 669 622 727 φλόγα
647 673 906 728 κατασβέσῃ,
946 672 990 721 ἐξ
1028 673 1228 724 ου’δεμιᾶς
1262 671 1511 730 προφάσεως

73 737 279 790 ἀληθοῦς,
326 735 419 777 ἀλλ’
444 734 534 778 -ὖπὸ
578 735 862 792 συκοφαντίας
893 738 966 778 καί
1004 738 1203 793 διαβολῆς
1228 741 1503 794 κεκινημένην.

75 798 207 842 αὐτὸν
244 798 322 855 γάρ
353 802 675 856 ἐπιχειρήσαντα
708 799 926 853 πολλάκις,
969 801 1162 855 ήνυκέναι
1199 803 1323 844 πλέον
1353 801 1506 858 οὐδὲν,

25 866 156 909 lovain
183 864 259 919 τήν
280 866 498 917 Ῥωμαίων
526 864 748 919 ἡγεμονίαν
776 861 875 920 ἄρτι
903 865 1170 908 διοικούντων
1196 866 1300 922 πρὸς
1327 871 1405 921 μὲν
1430 867 1508 923 τήν

71 931 296 983 πρεσβείαν
323 933 456 985 μηδὲν
485 926 839 984 ἀποκρινομένων,
879 930 978 980 τούς
1003 933 1198 987 πρέσβεις
1224 934 1271 974 δὲ
1296 931 1423 986 μόνον
1448 930 1549 976 ‹xi-D

71 992 235 1048 μότατα
261 997 529 1048 αἰκιζομένων
556 997 630 1037 καί
654 996 793 1037 πᾶσαν
821 997 1039 1051 παροινίαν
1061 997 1382 1050 ἐνδεικνυμένων
1400 997 1507 1054 πρὸς

72 1055 226 1108 αὐτούς
243 1059 317 1102 καί
331 1065 561 1101 τελευταῖον
580 1062 625 1102 έν
660 1062 952 1115 δεσμωτηρίοις
971 1061 1224 1114 κατεχόντων
1243 1060 1326 1103 ὑπὸ
1342 1067 1506 1111 κλοιοῖς.

71 1123 102 1166 δι’
142 1122 182 1166 οἱ
217 1126 263 1167 ἐν
279 1120 398 1182 ’Ἄθῳ
443 1121 687 1179 ἀναγνόντες
714 1124 787 1166 καί
812 1122 1103 1180 προσήκουσαν
1131 1126 1270 1175 αὐτοῖς
1295 1125 1372 1181 τὴν
1396 1125 1504 1183 ὑπὲρ

22 1193 154 1234 ιόταῖν
179 1188 375 1232 τοιούτων
395 1189 579 1246 σπουδήν
596 1190 670 1231 καί
694 1190 936 1244 προθυμίαν
968 1192 1192 1245 οἰηθέντες,
1221 1187 1289 1232 οἷα
1318 1190 1369 1246 δή
1397 1192 1515 1247 ὑπὲρ.

67 1258 140 1310 τῆς
175 1258 315 1309 κοινῆς
342 1256 547 1310 αἰφελειας
573 1256 798 1309 ἐσομένην,
836 1256 909 1296 καὶ
944 1253 1259 1311 παραθήξαντες
1286 1255 1504 1310 ἀλλήλους,

68 1321 115 1362 ἐκ
152 1320 317 1362 πάντων
354 1317 434 1372 δ’,τε
477 1322 641 1375 πρῶτος
679 1321 905 1374 ἐκλεγέντες
932 1319 1094 1372 Ἰσαὰκ,
1143 1320 1246 1375 ἀνὴρ
1273 1321 1408 1373 τίμιος
1435 1321 1509 1363 καὶ

67 1385 217 1440 ἀρετῆς
243 1387 302 1434 εἰς
328 1381 454 1440 ἄκρον
469 1383 703 1439 ἐληλακως,
732 1387 805 1426 καί
830 1384 854 1425 ὅ
879 1388 953 1440 τῆς
965 1385 1146 1440 Λαύρας
1162 1385 1383 1440 ἡγούμενος
1399 1389 1505 1427 Μα-

68 1447 211 1505 κάριος
227 1481 240 1503 ,
268 1451 342 1491 καί
366 1451 496 1505 ἕτεροι
523 1451 605 1492 τῶν
632 1450 746 1507 κατὰ,
769 1448 814 1492 τὸ
845 1444 942 1504 ὅρος
971 1451 1301 1506 φροντιστηρίων
1326 1449 1506 1505 ἦγουμέα

16 1531 151 1561 αονων
192 1514 265 1556 οὐκ
308 1515 459 1568 ὀλίγοι·
530 1513 610 1557 σὺν
639 1515 803 1564 τούτοις
842 1517 888 1556 δὲ
915 1514 989 1556 καὶ
1015 1513 1036 1555 ὃ
1062 1516 1200 1572 χρόνῳ
1231 1513 1402 1571 ὕστερον
1429 1517 1505 1569 τῆς

69 1582 115 1623 έν
145 1579 585 1622 Κωνσταντινουπόλει
613 1579 825 1634 ἐκκλησίας
845 1579 1105 1634 πατριάρχης
1132 1579 1327 1633 γεγονώς,
1356 1581 1416 1629 εἰς
1431 1579 1505 1622 τὸν

68 1644 213 1699 ἱερέων
241 1643 303 1686 ἔτι
331 1641 423 1685 τότε
450 1643 580 1698 χορὸν
609 1647 737 1685 τελῶν
769 1643 1018 1698 Κάλλιστος,
1041 1646 1115 1686 καί
1139 1644 1295 1698 Σαβάς,
1325 1642 1371 1694 ὃς
1395 1642 1631 1700 πρὸςΡ.463

67 1710 119 1765 τῇ
144 1710 406 1750 Βατοπεδίου
431 1710 537 1765 μονῇ
564 1707 636 1750 τόν
664 1706 882 1763 ἀσκητικὸν
911 1704 1014 1762 ἤνυε
1043 1708 1195 1762 δρόμον
1221 1710 1293 1750 καί
1329 1707 1507 1759 πολλοὺς

69 1773 176 1831 ὑπὲρ
205 1770 358 1831 ἇρετῆς
387 1776 460 1816 καί
484 1775 750 1827 θαυμασίους
778 1773 1013 1825 ἐπεδείξατο
1050 1772 1228 1828 ἀγῶνας,
1256 1775 1315 1824 εἰς
1334 1771 1506 1826 Βυζάν-

70 1953 216 1989 quoque
238 1952 388 1987 rogans,
410 1954 456 1976 ne
485 1941 731 1977 Christianum
755 1945 963 1987 sanguinem
996 1941 1162 1989 quotidie
1191 1940 1295 1974 fundi
1323 1941 1504 1983 sinerent,

70 1990 134 2023 sed
159 1990 319 2023 veritatis
345 1990 460 2021 zelum
484 1994 738 2034 capessentes,
763 1990 975 2033 Byzantium
999 2001 1036 2024 se
1061 1987 1265 2022 conferrent
1288 1991 1326 2020 et
1346 1989 1504 2032 impera-

70 2037 198 2069 tricem
221 2046 328 2080 quam
361 2035 508 2079 indigna
541 2036 815 2076 factitarentur,
853 2037 1064 2070 edocerent:
1106 2035 1136 2067 si
1170 2033 1318 2066 fortasse
1352 2033 1398 2066 ab
1430 2033 1506 2067 iuis

70 2082 198 2115 saltem
220 2080 266 2113 ad
297 2081 473 2114 flammam
504 2083 694 2126 imperium
725 2084 926 2116 Romanum-
951 2082 1181 2116 devorantem
1214 2079 1506 2123 restinguendam

69 2127 328 2168 adduceretur,
350 2138 457 2173 quam
482 2140 555 2161 non
579 2129 700 2173 aliqua
728 2139 834 2162 causa
863 2129 1046 2173 legitima,
1080 2126 1144 2161 sed
1166 2135 1285 2158 merae
1309 2124 1508 2171 sycophan-

70 2174 145 2207 tiae
168 2177 206 2206 et
227 2172 506 2207 obtrectationes
525 2177 777 2210 suscitassent:
802 2175 901 2220 quod
920 2177 997 2220 ipse
1020 2176 1228 2220 frequenter
1251 2172 1354 2205 irrito
1373 2175 1506 2204 conatu

70 2220 285 2259 tentaverit,
310 2231 415 2260 cum,
452 2220 518 2265 qui.
547 2232 645 2254 nunc
668 2220 908 2265 gubernacula
946 2225 1121 2261 teneant,
1164 2219 1288 2261 legatis
1319 2216 1413 2250 nihil
1444 2227 1507 2250 re-

70 2264 308 2310 spondentes,
332 2265 579 2300 crudelissime
604 2277 665 2300 eos
689 2268 870 2311 pulsarint
906 2271 944 2300 et
979 2268 1076 2301 omni
1111 2264 1316 2311 petulantia
1348 2263 1388 2296 in
1419 2262 1504 2296 illos

71 2311 282 2345 debacchati
320 2313 393 2345 sint
423 2322 464 2345 ac
495 2318 675 2356 postremo
709 2314 865 2347 vinculis
896 2318 933 2347 et
967 2313 1100 2347 carceri
1135 2309 1360 2345 tradiderint.
1407 2308 1508 2342 Haec

72 2357 137 2391 ubi
163 2356 328 2391 monachi
350 2357 447 2403 apud
468 2359 563 2392 Atho
585 2360 768 2404 legerunt,
793 2360 831 2393 in
849 2359 1004 2399 talibus,
1030 2364 1071 2392 ut
1092 2369 1156 2403 pro
1175 2354 1356 2389 communi
1373 2355 1503 2395 salute,

70 2403 209 2437 nullam
231 2402 303 2435 sibi
326 2405 525 2437 molestiam
551 2405 782 2438 recusandam
809 2410 1042 2446 censuerunt3
1078 2409 1114 2438 et
1137 2406 1262 2435 mutuo
1298 2411 1336 2434 se
1371 2410 1502 2434 exacu-

73 2455 180 2483 erunt
201 2449 381 2496 electique
409 2461 453 2483 ex
479 2450 671 2492 omnibus,
698 2452 864 2496 princeps
891 2452 1067 2490 isaacius,
1096 2450 1151 2484 vir
1173 2447 1387 2481 venerabilis
1406 2458 1504 2480 snm·

71 2506 202 2540 maque
227 2497 418 2529 sanctitate
441 2497 648 2541 praeditus,
671 2502 709 2530 et
733 2499 867 2532 Laurae
894 2498 1095 2541 praefectus
1109 2520 1119 2535 ‚
1151 2494 1351 2534 Macarius,
1374 2496 1413 2525 et
1435 2492 1501 2526 alii

74 2542 244 2584 deinceps
279 2543 573 2576 monasteriorum
605 2542 652 2576 ad
686 2549 845 2576 montem
881 2544 983 2576 illum
1016 2541 1213 2588 praepositi
1254 2550 1327 2573 non
1367 2539 1499 2583 pauci;

74 2598 155 2620 cum
188 2585 244 2619 his
277 2588 386 2621 etiam
411 2587 591 2629 Callistus,
613 2589 679 2635 qui
715 2595 840 2632 postea
872 2587 1294 2631 Constantinopolitanae
1330 2585 1502 2618 ecelesiae

73 2632 356 2677 patriarchatum
380 2634 488 2678 gessit
514 2640 551 2667 et
573 2640 650 2668 tum
678 2635 795 2668 adhuc
818 2637 856 2669 in
882 2634 1126 2668 sacerdotibus
1152 2631 1429 2672 numerabatur3
1464 2636 1503 2665 et

76 2679 208 2719 Sabas,
234 2680 299 2723 qui
323 2680 362 2711 in
387 2681 584 2724 Batopedio
607 2682 820 2715 monasterio
847 2681 1034 2725 religiosae
1058 2681 1154 2713 vitae
1186 2676 1343 2711 stadium
1375 2676 1503 2710 decur-

76 2725 199 2765 rebat,
230 2725 414 2771 multaque
447 2731 484 2759 et
517 2729 654 2771 egregia
680 2738 744 2772 pro
778 2730 911 2761 virtute
938 2725 1130 2760 certamina
1164 2723 1403 2767 suscipiebat,
1435 2722 1502 2763 hi,

78 2771 254 2816 inquam,
293 2771 424 2805 delecti
455 2772 663 2816 Byzantium
685 2778 884 2814 venerunt,
919 2781 1072 2818 cumque
1096 2768 1323 2817 imperatrice
1363 2773 1403 2803 et
1437 2779 1502 2816 pa·

127 2837 398 2875 Camacasenus
426 2839 475 2875 11.
1202 2837 1245 2881 ¹4
