<?xml version="1.0" encoding="UTF-8"?>
<!DOCTYPE html PUBLIC "-//W3C//DTD XHTML 1.0 Transitional//EN"
    "http://www.w3.org/TR/xhtml1/DTD/xhtml1-transitional.dtd">
<html xmlns="http://www.w3.org/1999/xhtml" xml:lang="en" lang="en">
 <head>
  <title>
</title>
<meta http-equiv="Content-Type" content="text/html;charset=utf-8" />
  <meta name='ocr-system' content='tesseract 3.04.00' />
  <meta name='ocr-capabilities' content='ocr_page ocr_carea ocr_par ocr_line ocrx_word'/>
</head>
<body>
  <div class='ocr_page' id='page_1' title='image "./corpusscriptorum24niebuoft_0474.png"; bbox 0 0 1800 3146; ppageno 0'>
   <div class='ocr_carea' id='block_1_1' title="bbox 305 149 1186 215">
    <p class='ocr_par' dir='ltr' id='par_1_1' title="bbox 305 149 1186 215">
     <span class='ocr_line' id='line_1_1' title="bbox 305 149 1186 215; baseline -0.009 0"><span class='ocrx_word' id='word_1_1' title='bbox 305 149 414 215; x_wconf 69' lang='lat'><strong>452</strong></span> <span class='ocrx_word' id='word_1_2' title='bbox 821 166 1186 208; x_wconf 75' lang='lat' dir='ltr'><strong>CANTACUZEM</strong></span> 
     </span>
    </p>
   </div>
   <div class='ocr_carea' id='block_1_2' title="bbox 105 263 1779 1827">
    <p class='ocr_par' dir='ltr' id='par_1_2' title="bbox 105 263 1754 586">
     <span class='ocr_line' id='line_1_2' title="bbox 105 263 1726 323; baseline -0.004 -8"><span class='ocrx_word' id='word_1_3' title='bbox 105 267 576 323; x_wconf 74' lang='grc' dir='ltr'><em>Δ.0.ι343πατριάρχου,</em></span> <span class='ocrx_word' id='word_1_4' title='bbox 609 267 647 308; x_wconf 85' lang='grc' dir='ltr'><strong>εἰ</strong></span> <span class='ocrx_word' id='word_1_5' title='bbox 672 267 739 308; x_wconf 77' lang='grc' dir='ltr'><em>δεῖ·</em></span> <span class='ocrx_word' id='word_1_6' title='bbox 759 266 817 322; x_wconf 80' lang='grc' dir='ltr'><strong>μη</strong></span> <span class='ocrx_word' id='word_1_7' title='bbox 846 270 999 320; x_wconf 76' lang='grc' dir='ltr'><em>μᾶλλον</em></span> <span class='ocrx_word' id='word_1_8' title='bbox 1026 269 1100 323; x_wconf 80' lang='grc' dir='ltr'><strong>την</strong></span> <span class='ocrx_word' id='word_1_9' title='bbox 1130 271 1354 323; x_wconf 85' lang='grc' dir='ltr'><em>πονηρίαν,</em></span> <span class='ocrx_word' id='word_1_10' title='bbox 1391 263 1420 322; x_wconf 72' lang='grc' dir='ltr'><em>ἢ</em></span> <span class='ocrx_word' id='word_1_11' title='bbox 1457 267 1726 322; x_wconf 81' lang='grc' dir='ltr'><em>α’πραγμοσύ-</em></span> 
     </span>
     <span class='ocr_line' id='line_1_3' title="bbox 296 329 1728 390; baseline -0.001 -15"><span class='ocrx_word' id='word_1_12' title='bbox 296 349 369 387; x_wconf 90' lang='grc' dir='ltr'><strong>νην</strong></span> <span class='ocrx_word' id='word_1_13' title='bbox 386 334 529 385; x_wconf 86' lang='grc' dir='ltr'><em>λέγειν,</em></span> <span class='ocrx_word' id='word_1_14' title='bbox 550 329 794 384; x_wconf 77' lang='grc' dir='ltr'><em>θαυμάζειν,</em></span> <span class='ocrx_word' id='word_1_15' title='bbox 825 329 904 385; x_wconf 77' lang='grc' dir='ltr'><em>ὅτι,</em></span> <span class='ocrx_word' id='word_1_16' title='bbox 931 335 1060 375; x_wconf 77' lang='grc' dir='ltr'><em>πολλοὶ</em></span> <span class='ocrx_word' id='word_1_17' title='bbox 1088 330 1284 382; x_wconf 77' lang='grc' dir='ltr'><em>πολλάκις</em></span> <span class='ocrx_word' id='word_1_18' title='bbox 1310 335 1417 386; x_wconf 79' lang='grc' dir='ltr'><em>ἐμοῦ</em></span> <span class='ocrx_word' id='word_1_19' title='bbox 1444 333 1541 388; x_wconf 72' lang='grc' dir='ltr'><em>περὶ</em></span> <span class='ocrx_word' id='word_1_20' title='bbox 1565 334 1728 390; x_wconf 78' lang='grc' dir='ltr'><em>εἰρήνης</em></span> 
     </span>
     <span class='ocr_line' id='line_1_4' title="bbox 299 395 1731 454; baseline 0.001 -16"><span class='ocrx_word' id='word_1_21' title='bbox 299 399 515 452; x_wconf 75' lang='grc' dir='ltr'><em>δεηθέντος</em></span> <span class='ocrx_word' id='word_1_22' title='bbox 543 400 615 438; x_wconf 86' lang='grc' dir='ltr'><em>καί</em></span> <span class='ocrx_word' id='word_1_23' title='bbox 639 395 823 449; x_wconf 80' lang='grc' dir='ltr'><em>μάλιστα</em></span> <span class='ocrx_word' id='word_1_24' title='bbox 851 399 980 439; x_wconf 70' lang='grc' dir='ltr'><em>αὐτοῦ</em></span> <span class='ocrx_word' id='word_1_25' title='bbox 995 432 1007 451; x_wconf 89' lang='grc'><em>,</em></span> <span class='ocrx_word' id='word_1_26' title='bbox 1047 395 1114 440; x_wconf 80' lang='grc' dir='ltr'><em>οἷα</em></span> <span class='ocrx_word' id='word_1_27' title='bbox 1145 396 1196 452; x_wconf 76' lang='grc' dir='ltr'><em>δὴ</em></span> <span class='ocrx_word' id='word_1_28' title='bbox 1225 395 1454 452; x_wconf 76' lang='grc' dir='ltr'><em>προστάτου</em></span> <span class='ocrx_word' id='word_1_29' title='bbox 1474 401 1547 453; x_wconf 81' lang='grc' dir='ltr'><strong>τῆς</strong></span> <span class='ocrx_word' id='word_1_30' title='bbox 1569 398 1731 454; x_wconf 78' lang='grc' dir='ltr'><em>εἰρήνης</em></span> 
     </span>
     <span class='ocr_line' id='line_1_5' title="bbox 300 462 1731 518; baseline 0.001 -14"><span class='ocrx_word' id='word_1_31' title='bbox 300 464 373 504; x_wconf 85' lang='grc' dir='ltr'><em>καί</em></span> <span class='ocrx_word' id='word_1_32' title='bbox 395 465 640 518; x_wconf 85' lang='grc' dir='ltr'><em>καθημέραν</em></span> <span class='ocrx_word' id='word_1_33' title='bbox 668 462 831 518; x_wconf 79' lang='grc' dir='ltr'><em>εἰρήνην</em></span> <span class='ocrx_word' id='word_1_34' title='bbox 857 466 984 506; x_wconf 80' lang='grc' dir='ltr'><em>πᾶσιν</em></span> <span class='ocrx_word' id='word_1_35' title='bbox 1011 465 1287 516; x_wconf 82' lang='grc' dir='ltr'><em>ἐπιλέγοντος,</em></span> <span class='ocrx_word' id='word_1_36' title='bbox 1320 463 1412 505; x_wconf 84' lang='grc' dir='ltr'><em>τότε</em></span> <span class='ocrx_word' id='word_1_37' title='bbox 1438 466 1516 516; x_wconf 82' lang='grc' dir='ltr'><em>μὲν</em></span> <span class='ocrx_word' id='word_1_38' title='bbox 1533 466 1731 506; x_wconf 81' lang='grc' dir='ltr'><em>ου’ὃέποτε</em></span> 
     </span>
     <span class='ocr_line' id='line_1_6' title="bbox 299 526 1754 586; baseline 0.001 -17"><span class='ocrx_word' id='word_1_39' title='bbox 299 526 524 583; x_wconf 78' lang='grc' dir='ltr'><em>ἐκάμφθη,</em></span> <span class='ocrx_word' id='word_1_40' title='bbox 569 527 666 569; x_wconf 75' lang='grc' dir='ltr'><strong>οὐδὲ</strong></span> <span class='ocrx_word' id='word_1_41' title='bbox 706 527 755 570; x_wconf 81' lang='grc' dir='ltr'><strong>τὰ</strong></span> <span class='ocrx_word' id='word_1_42' title='bbox 783 529 995 583; x_wconf 81' lang='grc' dir='ltr'><em>σπλάγχνα</em></span> <span class='ocrx_word' id='word_1_43' title='bbox 1023 528 1201 585; x_wconf 77' lang='grc' dir='ltr'><em>ἔφασκεν</em></span> <span class='ocrx_word' id='word_1_44' title='bbox 1226 527 1463 583; x_wconf 77' lang='grc' dir='ltr'><em>οἷνοιγνύναι</em></span> <span class='ocrx_word' id='word_1_45' title='bbox 1490 528 1564 584; x_wconf 80' lang='grc' dir='ltr'><strong>την</strong></span> <span class='ocrx_word' id='word_1_46' title='bbox 1591 531 1754 586; x_wconf 58' lang='lat' dir='ltr'><strong>§zahl-5</strong></span> 
     </span>
    </p>

    <p class='ocr_par' dir='ltr' id='par_1_3' title="bbox 171 589 1779 1827">
     <span class='ocr_line' id='line_1_7' title="bbox 171 589 1730 651; baseline 0.002 -17"><span class='ocrx_word' id='word_1_47' title='bbox 171 595 415 651; x_wconf 61' lang='grc' dir='ltr'><em>ν,433σιάν,</em></span> <span class='ocrx_word' id='word_1_48' title='bbox 455 595 545 635; x_wconf 69' lang='grc' dir='ltr'><em>ἄλλ’</em></span> <span class='ocrx_word' id='word_1_49' title='bbox 572 589 680 648; x_wconf 71' lang='grc' dir='ltr'><em>ἦσαν</em></span> <span class='ocrx_word' id='word_1_50' title='bbox 706 593 958 650; x_wconf 85' lang='grc' dir='ltr'><em>σκληρότερα</em></span> <span class='ocrx_word' id='word_1_51' title='bbox 984 597 1168 648; x_wconf 81' lang='grc' dir='ltr'><em>χαλκοῦ,</em></span> <span class='ocrx_word' id='word_1_52' title='bbox 1208 594 1302 636; x_wconf 83' lang='grc' dir='ltr'><strong>νννί</strong></span> <span class='ocrx_word' id='word_1_53' title='bbox 1330 596 1370 635; x_wconf 77' lang='grc' dir='ltr'><strong>δ’</strong></span> <span class='ocrx_word' id='word_1_54' title='bbox 1402 590 1471 636; x_wconf 78' lang='grc' dir='ltr'><strong>ὅτε</strong></span> <span class='ocrx_word' id='word_1_55' title='bbox 1508 597 1588 637; x_wconf 73' lang='grc' dir='ltr'><em>ταῖν</em></span> <span class='ocrx_word' id='word_1_56' title='bbox 1624 600 1730 637; x_wconf 88' lang='grc' dir='ltr'><em>πλα-</em></span> 
     </span>
     <span class='ocr_line' id='line_1_8' title="bbox 256 655 1729 716; baseline 0.001 -17"><span class='ocrx_word' id='word_1_57' title='bbox 256 655 468 711; x_wconf 69' lang='grc' dir='ltr'><em>(ζσμοίτων</em></span> <span class='ocrx_word' id='word_1_58' title='bbox 489 661 560 700; x_wconf 82' lang='grc' dir='ltr'><em>καί</em></span> <span class='ocrx_word' id='word_1_59' title='bbox 579 661 861 714; x_wconf 73' lang='grc' dir='ltr'><em>ψευδολογιιὸν</em></span> <span class='ocrx_word' id='word_1_60' title='bbox 880 661 1028 715; x_wconf 84' lang='grc' dir='ltr'><em>οἶκήκοε</em></span> <span class='ocrx_word' id='word_1_61' title='bbox 1054 662 1438 713; x_wconf 85' lang='grc' dir='ltr'><em>παρακοιμωμένου,</em></span> <span class='ocrx_word' id='word_1_62' title='bbox 1468 656 1531 700; x_wconf 75' lang='grc' dir='ltr'><strong>ὅτι</strong></span> <span class='ocrx_word' id='word_1_63' title='bbox 1558 663 1654 701; x_wconf 80' lang='grc' dir='ltr'><em>καθ’</em></span> <span class='ocrx_word' id='word_1_64' title='bbox 1678 661 1729 716; x_wconf 83' lang='grc' dir='ltr'><strong>ἧ-</strong></span> 
     </span>
     <span class='ocr_line' id='line_1_9' title="bbox 300 721 1727 783; baseline 0.001 -17"><span class='ocrx_word' id='word_1_65' title='bbox 300 723 424 779; x_wconf 77' lang='grc' dir='ltr'><em>δονην</em></span> <span class='ocrx_word' id='word_1_66' title='bbox 451 725 633 777; x_wconf 75' lang='grc' dir='ltr'><em>μάλιστα</em></span> <span class='ocrx_word' id='word_1_67' title='bbox 664 726 768 767; x_wconf 81' lang='grc' dir='ltr'><em>εἰσιν</em></span> <span class='ocrx_word' id='word_1_68' title='bbox 796 722 909 783; x_wconf 52' lang='lat' dir='ltr'><strong>mitrii</strong></span> <span class='ocrx_word' id='word_1_69' title='bbox 925 757 936 776; x_wconf 89' lang='lat'>‚</span> <span class='ocrx_word' id='word_1_70' title='bbox 979 727 1174 781; x_wconf 80' lang='grc' dir='ltr'><em>ἐξαίφνης</em></span> <span class='ocrx_word' id='word_1_71' title='bbox 1202 727 1331 781; x_wconf 76' lang='grc' dir='ltr'><em>πρᾷος</em></span> <span class='ocrx_word' id='word_1_72' title='bbox 1359 727 1431 766; x_wconf 82' lang='grc' dir='ltr'>καί</span> <span class='ocrx_word' id='word_1_73' title='bbox 1455 721 1607 780; x_wconf 74' lang='grc' dir='ltr'><em>ἥμερος</em></span> <span class='ocrx_word' id='word_1_74' title='bbox 1635 726 1727 768; x_wconf 76' lang='grc' dir='ltr'><em>ἆνε-</em></span> 
     </span>
     <span class='ocr_line' id='line_1_10' title="bbox 295 789 1728 846; baseline 0.001 -16"><span class='ocrx_word' id='word_1_75' title='bbox 295 789 420 846; x_wconf 83' lang='grc' dir='ltr'><em>φάνη.</em></span> <span class='ocrx_word' id='word_1_76' title='bbox 447 792 580 831; x_wconf 88' lang='grc' dir='ltr'><em>καίτοι</em></span> <span class='ocrx_word' id='word_1_77' title='bbox 608 806 654 844; x_wconf 81' lang='grc' dir='ltr'><strong>γε</strong></span> <span class='ocrx_word' id='word_1_78' title='bbox 682 792 852 846; x_wconf 62' lang='grc' dir='ltr'><em>ἑροιζιιην</em></span> <span class='ocrx_word' id='word_1_79' title='bbox 881 790 1030 843; x_wconf 69' lang='grc' dir='ltr'><em>αὐτὸν,</em></span> <span class='ocrx_word' id='word_1_80' title='bbox 1060 791 1208 832; x_wconf 81' lang='grc' dir='ltr'><em>ὁποίαν</em></span> <span class='ocrx_word' id='word_1_81' title='bbox 1236 789 1328 832; x_wconf 74' lang='grc' dir='ltr'><em>τινὰ</em></span> <span class='ocrx_word' id='word_1_82' title='bbox 1357 793 1466 844; x_wconf 82' lang='grc' dir='ltr'><em>λέγει</em></span> <span class='ocrx_word' id='word_1_83' title='bbox 1493 789 1568 845; x_wconf 77' lang='grc' dir='ltr'><strong>τὴν</strong></span> <span class='ocrx_word' id='word_1_84' title='bbox 1585 792 1728 846; x_wconf 62' lang='grc' dir='ltr'><strong>ἐκκληό</strong></span> 
     </span>
     <span class='ocr_line' id='line_1_11' title="bbox 293 853 1779 912; baseline 0.002 -14"><span class='ocrx_word' id='word_1_85' title='bbox 293 855 390 898; x_wconf 90' lang='grc' dir='ltr'><em>σίαν</em></span> <span class='ocrx_word' id='word_1_86' title='bbox 417 853 586 910; x_wconf 76' lang='grc' dir='ltr'><em>ταύτην.</em></span> <span class='ocrx_word' id='word_1_87' title='bbox 653 857 693 898; x_wconf 82' lang='grc' dir='ltr'><strong>εἰ</strong></span> <span class='ocrx_word' id='word_1_88' title='bbox 717 858 794 908; x_wconf 84' lang='grc' dir='ltr'><em>μὲν</em></span> <span class='ocrx_word' id='word_1_89' title='bbox 820 857 898 912; x_wconf 75' lang='grc' dir='ltr'><em>γάρ</em></span> <span class='ocrx_word' id='word_1_90' title='bbox 927 855 1003 911; x_wconf 76' lang='grc' dir='ltr'><strong>την</strong></span> <span class='ocrx_word' id='word_1_91' title='bbox 1031 855 1213 897; x_wconf 85' lang='grc' dir='ltr'><em>καθόλου</em></span> <span class='ocrx_word' id='word_1_92' title='bbox 1241 858 1320 898; x_wconf 76' lang='grc' dir='ltr'><strong>τῶν</strong></span> <span class='ocrx_word' id='word_1_93' title='bbox 1348 853 1579 898; x_wconf 79' lang='grc' dir='ltr'><em>ἐπισκόπων</em></span> <span class='ocrx_word' id='word_1_94' title='bbox 1606 857 1779 901; x_wconf 76' lang='grc' dir='ltr'><em>α’δελ-ιο</em></span> 
     </span>
     <span class='ocr_line' id='line_1_12' title="bbox 294 919 1726 977; baseline 0 -15"><span class='ocrx_word' id='word_1_95' title='bbox 294 919 471 977; x_wconf 83' lang='grc' dir='ltr'><em>φότητα,</em></span> <span class='ocrx_word' id='word_1_96' title='bbox 501 919 604 963; x_wconf 85' lang='grc' dir='ltr'><em>ἴστω</em></span> <span class='ocrx_word' id='word_1_97' title='bbox 632 923 835 976; x_wconf 81' lang='grc' dir='ltr'><em>μηδέποτε</em></span> <span class='ocrx_word' id='word_1_98' title='bbox 862 924 958 974; x_wconf 71' lang='grc' dir='ltr'><em>ἐμοὶ</em></span> <span class='ocrx_word' id='word_1_99' title='bbox 984 921 1035 964; x_wconf 80' lang='grc' dir='ltr'><strong>τὰ</strong></span> <span class='ocrx_word' id='word_1_100' title='bbox 1065 921 1283 975; x_wconf 77' lang='grc' dir='ltr'><em>σπλάγχνα</em></span> <span class='ocrx_word' id='word_1_101' title='bbox 1309 925 1534 963; x_wconf 88' lang='grc' dir='ltr'><em>κλείσασαν</em></span> <span class='ocrx_word' id='word_1_102' title='bbox 1555 923 1726 976; x_wconf 79' lang='grc' dir='ltr'><em>ἐκείνην,</em></span> 
     </span>
     <span class='ocr_line' id='line_1_13' title="bbox 294 985 1727 1044; baseline -0.001 -16"><span class='ocrx_word' id='word_1_103' title='bbox 294 988 385 1028; x_wconf 75' lang='grc' dir='ltr'><em>ἀλλ’</em></span> <span class='ocrx_word' id='word_1_104' title='bbox 412 988 648 1044; x_wconf 74' lang='grc' dir='ltr'><em>α’νεῳγμένα</em></span> <span class='ocrx_word' id='word_1_105' title='bbox 674 1003 747 1040; x_wconf 86' lang='grc' dir='ltr'><em>μοι</em></span> <span class='ocrx_word' id='word_1_106' title='bbox 775 988 833 1036; x_wconf 84' lang='grc' dir='ltr'><strong>εἰς</strong></span> <span class='ocrx_word' id='word_1_107' title='bbox 860 986 953 1029; x_wconf 76' lang='grc' dir='ltr'><em>τόδε</em></span> <span class='ocrx_word' id='word_1_108' title='bbox 981 989 1156 1042; x_wconf 78' lang='grc' dir='ltr'><em>ἐξαρχῆς</em></span> <span class='ocrx_word' id='word_1_109' title='bbox 1184 988 1491 1042; x_wconf 75' lang='grc' dir='ltr'><em>διατηροῦσαν·</em></span> <span class='ocrx_word' id='word_1_110' title='bbox 1537 985 1576 1028; x_wconf 81' lang='grc' dir='ltr'><strong>οἱ</strong></span> <span class='ocrx_word' id='word_1_111' title='bbox 1613 987 1727 1028; x_wconf 82' lang='grc' dir='ltr'><em>πλεί-</em></span> 
     </span>
     <span class='ocr_line' id='line_1_14' title="bbox 294 1050 1726 1108; baseline -0.001 -15"><span class='ocrx_word' id='word_1_112' title='bbox 294 1068 366 1101; x_wconf 89' lang='grc' dir='ltr'><strong>ους</strong></span> <span class='ocrx_word' id='word_1_113' title='bbox 393 1052 474 1107; x_wconf 79' lang='grc' dir='ltr'><em>γὰρ</em></span> <span class='ocrx_word' id='word_1_114' title='bbox 506 1052 602 1105; x_wconf 76' lang='grc' dir='ltr'><em>ἐμοὶ</em></span> <span class='ocrx_word' id='word_1_115' title='bbox 628 1055 854 1108; x_wconf 80' lang='grc' dir='ltr'><em>φρονοῦσιν</em></span> <span class='ocrx_word' id='word_1_116' title='bbox 882 1052 966 1105; x_wconf 85' lang='grc' dir='ltr'><em>ἴσα,</em></span> <span class='ocrx_word' id='word_1_117' title='bbox 992 1055 1067 1094; x_wconf 79' lang='grc' dir='ltr'><strong>καί</strong></span> <span class='ocrx_word' id='word_1_118' title='bbox 1091 1051 1246 1105; x_wconf 80' lang='grc' dir='ltr'><em>πολλὴν</em></span> <span class='ocrx_word' id='word_1_119' title='bbox 1273 1052 1412 1093; x_wconf 68' lang='grc' dir='ltr'><em>αὐτῶν</em></span> <span class='ocrx_word' id='word_1_120' title='bbox 1440 1050 1629 1107; x_wconf 70' lang='grc' dir='ltr'><em>ὠμότητα</em></span> <span class='ocrx_word' id='word_1_121' title='bbox 1657 1067 1726 1093; x_wconf 87' lang='grc' dir='ltr'><strong>κα-</strong></span> 
     </span>
     <span class='ocr_line' id='line_1_15' title="bbox 293 1115 1728 1173; baseline -0.001 -14"><span class='ocrx_word' id='word_1_122' title='bbox 293 1115 593 1172; x_wconf 78' lang='grc' dir='ltr'><em>ταγινώσκουσι</em></span> <span class='ocrx_word' id='word_1_123' title='bbox 620 1119 700 1159; x_wconf 76' lang='grc' dir='ltr'><strong>τῶν</strong></span> <span class='ocrx_word' id='word_1_124' title='bbox 729 1119 920 1170; x_wconf 81' lang='grc' dir='ltr'><em>πολέμων</em></span> <span class='ocrx_word' id='word_1_125' title='bbox 947 1119 1022 1159; x_wconf 84' lang='grc' dir='ltr'><em>καί</em></span> <span class='ocrx_word' id='word_1_126' title='bbox 1047 1121 1129 1159; x_wconf 77' lang='grc' dir='ltr'><strong>τῶν</strong></span> <span class='ocrx_word' id='word_1_127' title='bbox 1157 1115 1294 1173; x_wconf 85' lang='grc' dir='ltr'><em>φόνων</em></span> <span class='ocrx_word' id='word_1_128' title='bbox 1320 1119 1449 1158; x_wconf 77' lang='grc' dir='ltr'><em>ἕνεκα.</em></span> <span class='ocrx_word' id='word_1_129' title='bbox 1517 1119 1557 1158; x_wconf 82' lang='grc' dir='ltr'><strong>εἰ</strong></span> <span class='ocrx_word' id='word_1_130' title='bbox 1583 1118 1620 1158; x_wconf 79' lang='grc' dir='ltr'><strong>δ’</strong></span> <span class='ocrx_word' id='word_1_131' title='bbox 1648 1117 1728 1158; x_wconf 78' lang='grc' dir='ltr'><em>αὕ-</em></span> 
     </span>
     <span class='ocr_line' id='line_1_16' title="bbox 293 1180 1779 1237; baseline 0 -14"><span class='ocrx_word' id='word_1_132' title='bbox 293 1182 367 1224; x_wconf 84' lang='grc' dir='ltr'><em>τόν</em></span> <span class='ocrx_word' id='word_1_133' title='bbox 408 1185 480 1224; x_wconf 84' lang='grc' dir='ltr'>καί</span> <span class='ocrx_word' id='word_1_134' title='bbox 520 1181 619 1232; x_wconf 74' lang='grc' dir='ltr'><strong>τούς</strong></span> <span class='ocrx_word' id='word_1_135' title='bbox 657 1180 856 1232; x_wconf 85' lang='grc' dir='ltr'><em>συνόντας</em></span> <span class='ocrx_word' id='word_1_136' title='bbox 885 1182 1001 1232; x_wconf 77' lang='grc' dir='ltr'><em>τινας</em></span> <span class='ocrx_word' id='word_1_137' title='bbox 1032 1185 1167 1237; x_wconf 79' lang='grc' dir='ltr'><em>λέγει,</em></span> <span class='ocrx_word' id='word_1_138' title='bbox 1212 1182 1360 1235; x_wconf 75' lang='grc' dir='ltr'><em>πρῶτα</em></span> <span class='ocrx_word' id='word_1_139' title='bbox 1386 1184 1464 1234; x_wconf 83' lang='grc' dir='ltr'><em>μὲν</em></span> <span class='ocrx_word' id='word_1_140' title='bbox 1491 1182 1581 1222; x_wconf 75' lang='grc' dir='ltr'><strong>οὐδ’</strong></span> <span class='ocrx_word' id='word_1_141' title='bbox 1607 1181 1779 1227; x_wconf 71' lang='grc' dir='ltr'><em>αὖτοίιό</em></span> 
     </span>
     <span class='ocr_line' id='line_1_17' title="bbox 295 1245 1727 1302; baseline -0.001 -13"><span class='ocrx_word' id='word_1_142' title='bbox 295 1253 379 1297; x_wconf 83' lang='grc' dir='ltr'><em>τοῖς</em></span> <span class='ocrx_word' id='word_1_143' title='bbox 416 1250 643 1302; x_wconf 82' lang='grc' dir='ltr'><em>γινομένοις</em></span> <span class='ocrx_word' id='word_1_144' title='bbox 690 1248 838 1297; x_wconf 80' lang='grc' dir='ltr'><em>πάντες</em></span> <span class='ocrx_word' id='word_1_145' title='bbox 873 1245 1045 1302; x_wconf 72' lang='grc' dir='ltr'><em>ἥδονται</em></span> <span class='ocrx_word' id='word_1_146' title='bbox 1056 1281 1068 1300; x_wconf 88' lang='grc'><em>,</em></span> <span class='ocrx_word' id='word_1_147' title='bbox 1107 1247 1212 1289; x_wconf 73' lang='grc' dir='ltr'><em>ἀλλὰ</em></span> <span class='ocrx_word' id='word_1_148' title='bbox 1257 1250 1327 1301; x_wconf 86' lang='grc' dir='ltr'><strong>τῆς</strong></span> <span class='ocrx_word' id='word_1_149' title='bbox 1364 1245 1525 1301; x_wconf 75' lang='grc' dir='ltr'><em>ἀπάτης</em></span> <span class='ocrx_word' id='word_1_150' title='bbox 1563 1248 1635 1288; x_wconf 85' lang='grc' dir='ltr'><em>καί</em></span> <span class='ocrx_word' id='word_1_151' title='bbox 1655 1249 1727 1301; x_wconf 79' lang='grc' dir='ltr'><strong>τῆς</strong></span> 
     </span>
     <span class='ocr_line' id='line_1_18' title="bbox 254 1310 1728 1368; baseline -0.002 -13"><span class='ocrx_word' id='word_1_152' title='bbox 254 1316 356 1362; x_wconf 82' lang='grc' dir='ltr'><strong>Βείς</strong></span> <span class='ocrx_word' id='word_1_153' title='bbox 389 1312 442 1354; x_wconf 84' lang='grc' dir='ltr'><em>τοὶ</em></span> <span class='ocrx_word' id='word_1_154' title='bbox 477 1315 621 1368; x_wconf 74' lang='grc' dir='ltr'><em>φαῦλα</em></span> <span class='ocrx_word' id='word_1_155' title='bbox 658 1316 923 1368; x_wconf 78' lang='grc' dir='ltr'><em>συναρπαγῆς</em></span> <span class='ocrx_word' id='word_1_156' title='bbox 949 1315 1176 1368; x_wconf 78' lang='grc' dir='ltr'><em>θρηνοῦσιν</em></span> <span class='ocrx_word' id='word_1_157' title='bbox 1218 1310 1414 1365; x_wconf 69' lang='grc' dir='ltr'><em>ἑαυτοὺς,</em></span> <span class='ocrx_word' id='word_1_158' title='bbox 1462 1310 1600 1353; x_wconf 81' lang='grc' dir='ltr'><em>ἔπειτα</em></span> <span class='ocrx_word' id='word_1_159' title='bbox 1636 1312 1728 1352; x_wconf 70' lang='grc' dir='ltr'><strong>οὐδ’</strong></span> 
     </span>
     <span class='ocr_line' id='line_1_19' title="bbox 295 1373 1725 1434; baseline -0.001 -14"><span class='ocrx_word' id='word_1_160' title='bbox 295 1378 488 1434; x_wconf 74' lang='grc' dir='ltr'><em>ἐκκλησία</em></span> <span class='ocrx_word' id='word_1_161' title='bbox 523 1378 628 1420; x_wconf 73' lang='grc' dir='ltr'><em>εἰσίν</em></span> <span class='ocrx_word' id='word_1_162' title='bbox 670 1373 811 1431; x_wconf 72' lang='grc' dir='ltr'><em>οὗτοι,</em></span> <span class='ocrx_word' id='word_1_163' title='bbox 853 1377 956 1419; x_wconf 70' lang='grc' dir='ltr'><em>ἀλλὰ</em></span> <span class='ocrx_word' id='word_1_164' title='bbox 1004 1376 1050 1419; x_wconf 86' lang='grc' dir='ltr'><strong>τὸ</strong></span> <span class='ocrx_word' id='word_1_165' title='bbox 1093 1378 1229 1419; x_wconf 82' lang='grc' dir='ltr'><em>κοινὸν</em></span> <span class='ocrx_word' id='word_1_166' title='bbox 1265 1381 1348 1420; x_wconf 74' lang='grc' dir='ltr'><strong>τῶν</strong></span> <span class='ocrx_word' id='word_1_167' title='bbox 1394 1377 1725 1419; x_wconf 78' lang='grc' dir='ltr'><em>πεπιστευκότων</em></span> 
     </span>
     <span class='ocr_line' id='line_1_20' title="bbox 293 1437 1728 1499; baseline -0.001 -13"><span class='ocrx_word' id='word_1_168' title='bbox 293 1440 511 1499; x_wconf 70' lang='grc' dir='ltr'><em>ἄθροισμα</em></span> <span class='ocrx_word' id='word_1_169' title='bbox 538 1443 731 1497; x_wconf 76' lang='grc' dir='ltr'><em>ἐκκλησία</em></span> <span class='ocrx_word' id='word_1_170' title='bbox 755 1440 1107 1498; x_wconf 73' lang='grc' dir='ltr'><em>προσηγόρευται·</em></span> <span class='ocrx_word' id='word_1_171' title='bbox 1174 1437 1229 1484; x_wconf 74' lang='grc' dir='ltr'><em>ὧν</em></span> <span class='ocrx_word' id='word_1_172' title='bbox 1271 1439 1409 1496; x_wconf 70' lang='grc' dir='ltr'><em>ὥσπερ</em></span> <span class='ocrx_word' id='word_1_173' title='bbox 1452 1442 1643 1497; x_wconf 73' lang='grc' dir='ltr'><em>ἐξαίρετα</em></span> <span class='ocrx_word' id='word_1_174' title='bbox 1684 1444 1728 1484; x_wconf 78' lang='grc' dir='ltr'><strong>οἵ</strong></span> 
     </span>
     <span class='ocr_line' id='line_1_21' title="bbox 294 1503 1776 1562; baseline 0 -12"><span class='ocrx_word' id='word_1_175' title='bbox 294 1525 341 1551; x_wconf 79' lang='grc' dir='ltr'><strong>τε</strong></span> <span class='ocrx_word' id='word_1_176' title='bbox 385 1510 607 1551; x_wconf 77' lang='grc' dir='ltr'><em>ἐπίσκοποί</em></span> <span class='ocrx_word' id='word_1_177' title='bbox 629 1510 710 1550; x_wconf 80' lang='grc' dir='ltr'><em>εἰσι</em></span> <span class='ocrx_word' id='word_1_178' title='bbox 740 1507 811 1549; x_wconf 83' lang='grc' dir='ltr'><em>καί</em></span> <span class='ocrx_word' id='word_1_179' title='bbox 838 1510 920 1549; x_wconf 77' lang='grc' dir='ltr'><strong>τῶν</strong></span> <span class='ocrx_word' id='word_1_180' title='bbox 948 1505 1211 1560; x_wconf 82' lang='grc' dir='ltr'><em>μοναζόντων</em></span> <span class='ocrx_word' id='word_1_181' title='bbox 1239 1507 1277 1549; x_wconf 83' lang='grc' dir='ltr'><strong>οἱ</strong></span> <span class='ocrx_word' id='word_1_182' title='bbox 1305 1507 1496 1562; x_wconf 75' lang='grc' dir='ltr'><em>λογάδες·</em></span> <span class='ocrx_word' id='word_1_183' title='bbox 1557 1503 1615 1550; x_wconf 68' lang='grc' dir='ltr'><em>ὧν</em></span> <span class='ocrx_word' id='word_1_184' title='bbox 1638 1506 1776 1561; x_wconf 74' lang='grc' dir='ltr'><em>μοί-20</em></span> 
     </span>
     <span class='ocr_line' id='line_1_22' title="bbox 293 1570 1726 1629; baseline -0.002 -13"><span class='ocrx_word' id='word_1_185' title='bbox 293 1578 416 1616; x_wconf 86' lang='grc' dir='ltr'><em>λιστα</em></span> <span class='ocrx_word' id='word_1_186' title='bbox 455 1572 502 1615; x_wconf 88' lang='grc' dir='ltr'>τὸ</span> <span class='ocrx_word' id='word_1_187' title='bbox 539 1570 710 1629; x_wconf 74' lang='grc' dir='ltr'><em>ἄριστον</em></span> <span class='ocrx_word' id='word_1_188' title='bbox 740 1575 813 1614; x_wconf 85' lang='grc' dir='ltr'><em>καί</em></span> <span class='ocrx_word' id='word_1_189' title='bbox 851 1574 934 1614; x_wconf 75' lang='grc' dir='ltr'><strong>τῶν</strong></span> <span class='ocrx_word' id='word_1_190' title='bbox 963 1573 1099 1628; x_wconf 78' lang='grc' dir='ltr'><em>ὀρθῶν</em></span> <span class='ocrx_word' id='word_1_191' title='bbox 1135 1571 1332 1627; x_wconf 77' lang='grc' dir='ltr'><em>ἐχόμενον</em></span> <span class='ocrx_word' id='word_1_192' title='bbox 1361 1575 1588 1626; x_wconf 76' lang='grc' dir='ltr'><em>λογισμῶν,</em></span> <span class='ocrx_word' id='word_1_193' title='bbox 1630 1573 1726 1626; x_wconf 74' lang='grc' dir='ltr'><em>ἐμοὶ</em></span> 
     </span>
     <span class='ocr_line' id='line_1_23' title="bbox 292 1639 1724 1695; baseline -0.001 -14"><span class='ocrx_word' id='word_1_194' title='bbox 292 1642 581 1695; x_wconf 80' lang='grc' dir='ltr'><em>προσέχουσιν,</em></span> <span class='ocrx_word' id='word_1_195' title='bbox 616 1639 672 1688; x_wconf 73' lang='grc' dir='ltr'><strong>ὥς</strong></span> <span class='ocrx_word' id='word_1_196' title='bbox 700 1641 841 1680; x_wconf 77' lang='grc' dir='ltr'><em>δίκαια</em></span> <span class='ocrx_word' id='word_1_197' title='bbox 870 1641 943 1681; x_wconf 82' lang='grc' dir='ltr'><em>καί</em></span> <span class='ocrx_word' id='word_1_198' title='bbox 967 1640 1261 1681; x_wconf 77' lang='grc' dir='ltr'><em>λυσιτελοῦντα</em></span> <span class='ocrx_word' id='word_1_199' title='bbox 1287 1640 1370 1680; x_wconf 73' lang='grc' dir='ltr'><strong>τῶν</strong></span> <span class='ocrx_word' id='word_1_200' title='bbox 1381 1639 1648 1693; x_wconf 77' lang='grc' dir='ltr'><em>Χριστιανῶν</em></span> <span class='ocrx_word' id='word_1_201' title='bbox 1673 1641 1724 1695; x_wconf 78' lang='grc' dir='ltr'><strong>τῇ</strong></span> 
     </span>
     <span class='ocr_line' id='line_1_24' title="bbox 292 1698 1722 1763; baseline -0.001 -16"><span class='ocrx_word' id='word_1_202' title='bbox 292 1707 484 1763; x_wconf 73' lang='grc' dir='ltr'><em>ἐκκλησίᾳ</em></span> <span class='ocrx_word' id='word_1_203' title='bbox 525 1707 598 1746; x_wconf 83' lang='grc' dir='ltr'>καί</span> <span class='ocrx_word' id='word_1_204' title='bbox 623 1706 894 1763; x_wconf 78' lang='grc' dir='ltr'><em>προῃρημένῳ</em></span> <span class='ocrx_word' id='word_1_205' title='bbox 926 1707 1103 1760; x_wconf 78' lang='grc' dir='ltr'><em>ἑξαρχῆς</em></span> <span class='ocrx_word' id='word_1_206' title='bbox 1136 1703 1208 1745; x_wconf 82' lang='grc' dir='ltr'><em>καί</em></span> <span class='ocrx_word' id='word_1_207' title='bbox 1230 1701 1457 1760; x_wconf 76' lang='grc' dir='ltr'><em>πράττοντι.</em></span> <span class='ocrx_word' id='word_1_208' title='bbox 1501 1698 1596 1745; x_wconf 70' lang='grc' dir='ltr'><em>οὔτε</em></span> <span class='ocrx_word' id='word_1_209' title='bbox 1623 1706 1722 1757; x_wconf 77' lang='grc' dir='ltr'><em>γοῦν</em></span> 
     </span>
     <span class='ocr_line' id='line_1_25' title="bbox 291 1764 1722 1827; baseline -0.001 -15"><span class='ocrx_word' id='word_1_210' title='bbox 291 1786 364 1825; x_wconf 84' lang='grc' dir='ltr'><em>μοι</em></span> <span class='ocrx_word' id='word_1_211' title='bbox 404 1769 606 1827; x_wconf 85' lang='grc' dir='ltr'><em>πρότερον</em></span> <span class='ocrx_word' id='word_1_212' title='bbox 646 1773 824 1813; x_wconf 84' lang='grc' dir='ltr'><em>κέκλεικε</em></span> <span class='ocrx_word' id='word_1_213' title='bbox 871 1769 922 1813; x_wconf 82' lang='grc' dir='ltr'><strong>τὰ</strong></span> <span class='ocrx_word' id='word_1_214' title='bbox 970 1769 1184 1825; x_wconf 82' lang='grc' dir='ltr'><em>σπλάγχνα</em></span> <span class='ocrx_word' id='word_1_215' title='bbox 1211 1770 1237 1825; x_wconf 81' lang='grc' dir='ltr'><em>ἢ</em></span> <span class='ocrx_word' id='word_1_216' title='bbox 1267 1771 1483 1824; x_wconf 78' lang='grc' dir='ltr'><em>ἐκκλησία,</em></span> <span class='ocrx_word' id='word_1_217' title='bbox 1526 1764 1622 1811; x_wconf 68' lang='grc' dir='ltr'><em>οὔτε</em></span> <span class='ocrx_word' id='word_1_218' title='bbox 1647 1771 1722 1811; x_wconf 77' lang='grc' dir='ltr'><strong>νῦν</strong></span> 
     </span>
    </p>
   </div>
   <div class='ocr_carea' id='block_1_3' title="bbox 287 1875 1720 2806">
    <p class='ocr_par' dir='ltr' id='par_1_4' title="bbox 287 1875 1720 2806">
     <span class='ocr_line' id='line_1_26' title="bbox 291 1875 1719 1924; baseline -0.004 -11"><span class='ocrx_word' id='word_1_219' title='bbox 291 1880 415 1923; x_wconf 85' lang='lat' dir='ltr'><strong>magis,</strong></span> <span class='ocrx_word' id='word_1_220' title='bbox 439 1878 505 1924; x_wconf 90' lang='lat' dir='ltr'><strong>(sic</strong></span> <span class='ocrx_word' id='word_1_221' title='bbox 527 1879 623 1912; x_wconf 91' lang='lat' dir='ltr'><strong>enim</strong></span> <span class='ocrx_word' id='word_1_222' title='bbox 647 1879 756 1923; x_wconf 83' lang='lat' dir='ltr'><strong>magis</strong></span> <span class='ocrx_word' id='word_1_223' title='bbox 783 1877 942 1911; x_wconf 84' lang='lat' dir='ltr'><strong>vocanda</strong></span> <span class='ocrx_word' id='word_1_224' title='bbox 966 1877 1050 1922; x_wconf 81' lang='lat' dir='ltr'><strong>est‚)</strong></span> <span class='ocrx_word' id='word_1_225' title='bbox 1061 1887 1167 1922; x_wconf 87' lang='lat' dir='ltr'><strong>quam</strong></span> <span class='ocrx_word' id='word_1_226' title='bbox 1193 1877 1474 1910; x_wconf 85' lang='lat' dir='ltr'><strong>incuriositatem</strong></span> <span class='ocrx_word' id='word_1_227' title='bbox 1499 1875 1538 1908; x_wconf 93' lang='lat' dir='ltr'><strong>in</strong></span> <span class='ocrx_word' id='word_1_228' title='bbox 1563 1875 1719 1920; x_wconf 84' lang='lat' dir='ltr'><strong>negotiis</strong></span> 
     </span>
     <span class='ocr_line' id='line_1_27' title="bbox 292 1923 1719 1971; baseline -0.002 -13"><span class='ocrx_word' id='word_1_229' title='bbox 292 1926 481 1965; x_wconf 82' lang='lat' dir='ltr'><strong>admirari,</strong></span> <span class='ocrx_word' id='word_1_230' title='bbox 514 1926 636 1971; x_wconf 87' lang='lat' dir='ltr'><strong>quod,</strong></span> <span class='ocrx_word' id='word_1_231' title='bbox 673 1935 752 1957; x_wconf 90' lang='lat' dir='ltr'><strong>cum</strong></span> <span class='ocrx_word' id='word_1_232' title='bbox 778 1935 882 1970; x_wconf 81' lang='lat' dir='ltr'><strong>saepe</strong></span> <span class='ocrx_word' id='word_1_233' title='bbox 915 1935 955 1957; x_wconf 91' lang='lat' dir='ltr'><strong>ac</strong></span> <span class='ocrx_word' id='word_1_234' title='bbox 978 1924 1130 1957; x_wconf 90' lang='lat' dir='ltr'><strong>multum</strong></span> <span class='ocrx_word' id='word_1_235' title='bbox 1154 1934 1277 1968; x_wconf 82' lang='lat' dir='ltr'><strong>pacem</strong></span> <span class='ocrx_word' id='word_1_236' title='bbox 1300 1923 1514 1967; x_wconf 84' lang='lat' dir='ltr'><strong>rogaverim,</strong></span> <span class='ocrx_word' id='word_1_237' title='bbox 1541 1927 1578 1954; x_wconf 88' lang='lat' dir='ltr'><strong>et</strong></span> <span class='ocrx_word' id='word_1_238' title='bbox 1601 1923 1719 1966; x_wconf 89' lang='lat' dir='ltr'><strong>ipsum</strong></span> 
     </span>
     <span class='ocr_line' id='line_1_28' title="bbox 289 1968 1720 2018; baseline -0.004 -13"><span class='ocrx_word' id='word_1_239' title='bbox 289 1973 500 2018; x_wconf 88' lang='lat' dir='ltr'><strong>praesertim</strong></span> <span class='ocrx_word' id='word_1_240' title='bbox 518 1997 528 2013; x_wconf 90' lang='lat'>‚</span> <span class='ocrx_word' id='word_1_241' title='bbox 559 1977 599 2004; x_wconf 88' lang='lat' dir='ltr'><strong>ut</strong></span> <span class='ocrx_word' id='word_1_242' title='bbox 633 1972 835 2015; x_wconf 85' lang='lat' dir='ltr'>praesidem</span> <span class='ocrx_word' id='word_1_243' title='bbox 863 1981 902 2003; x_wconf 86' lang='lat' dir='ltr'><strong>ac</strong></span> <span class='ocrx_word' id='word_1_244' title='bbox 926 1976 1112 2014; x_wconf 87' lang='lat' dir='ltr'><strong>patronum</strong></span> <span class='ocrx_word' id='word_1_245' title='bbox 1139 1971 1236 2015; x_wconf 83' lang='lat' dir='ltr'>pacis</span> <span class='ocrx_word' id='word_1_246' title='bbox 1263 1974 1300 2002; x_wconf 88' lang='lat' dir='ltr'><strong>et</strong></span> <span class='ocrx_word' id='word_1_247' title='bbox 1323 1968 1486 2014; x_wconf 77' lang='lat' dir='ltr'>quotidie</span> <span class='ocrx_word' id='word_1_248' title='bbox 1505 1978 1630 2012; x_wconf 84' lang='lat' dir='ltr'><strong>pacem</strong></span> <span class='ocrx_word' id='word_1_249' title='bbox 1652 1979 1720 2014; x_wconf 81' lang='lat' dir='ltr'><strong>ap-</strong></span> 
     </span>
     <span class='ocr_line' id='line_1_29' title="bbox 289 2015 1718 2065; baseline -0.003 -13"><span class='ocrx_word' id='word_1_250' title='bbox 289 2025 495 2065; x_wconf 85' lang='lat' dir='ltr'><strong>precantem</strong></span> <span class='ocrx_word' id='word_1_251' title='bbox 521 2018 707 2059; x_wconf 88' lang='lat' dir='ltr'><strong>omnibus,</strong></span> <span class='ocrx_word' id='word_1_252' title='bbox 735 2023 810 2051; x_wconf 90' lang='lat' dir='ltr'><strong>tum</strong></span> <span class='ocrx_word' id='word_1_253' title='bbox 836 2017 980 2062; x_wconf 88' lang='lat' dir='ltr'><strong>quidem</strong></span> <span class='ocrx_word' id='word_1_254' title='bbox 1004 2015 1168 2061; x_wconf 84' lang='lat' dir='ltr'><strong>precibus</strong></span> <span class='ocrx_word' id='word_1_255' title='bbox 1193 2027 1376 2060; x_wconf 87' lang='lat' dir='ltr'><strong>nunquam</strong></span> <span class='ocrx_word' id='word_1_256' title='bbox 1420 2016 1567 2048; x_wconf 86' lang='lat' dir='ltr'><strong>cesserit</strong></span> <span class='ocrx_word' id='word_1_257' title='bbox 1597 2025 1718 2060; x_wconf 82' lang='lat' dir='ltr'><strong>neque</strong></span> 
     </span>
     <span class='ocr_line' id='line_1_30' title="bbox 289 2060 1719 2109; baseline -0.003 -10"><span class='ocrx_word' id='word_1_258' title='bbox 289 2066 424 2099; x_wconf 84' lang='lat' dir='ltr'><strong>viscera</strong></span> <span class='ocrx_word' id='word_1_259' title='bbox 453 2065 640 2099; x_wconf 87' lang='lat' dir='ltr'><strong>ecclesiam</strong></span> <span class='ocrx_word' id='word_1_260' title='bbox 672 2065 810 2109; x_wconf 88' lang='lat' dir='ltr'><strong>aperire</strong></span> <span class='ocrx_word' id='word_1_261' title='bbox 846 2064 993 2097; x_wconf 78' lang='lat' dir='ltr'><strong>dixerit:</strong></span> <span class='ocrx_word' id='word_1_262' title='bbox 1037 2063 1100 2096; x_wconf 89' lang='lat' dir='ltr'><strong>sed</strong></span> <span class='ocrx_word' id='word_1_263' title='bbox 1135 2068 1236 2095; x_wconf 89' lang='lat' dir='ltr'><strong>erant</strong></span> <span class='ocrx_word' id='word_1_264' title='bbox 1257 2061 1400 2095; x_wconf 83' lang='lat' dir='ltr'><strong>duriora</strong></span> <span class='ocrx_word' id='word_1_265' title='bbox 1426 2060 1595 2105; x_wconf 85' lang='lat' dir='ltr'><strong>chalybe:</strong></span> <span class='ocrx_word' id='word_1_266' title='bbox 1621 2071 1719 2094; x_wconf 83' lang='lat' dir='ltr'><strong>nunc</strong></span> 
     </span>
     <span class='ocr_line' id='line_1_31' title="bbox 290 2107 1716 2154; baseline -0.004 -9"><span class='ocrx_word' id='word_1_267' title='bbox 290 2112 356 2145; x_wconf 91' lang='lat' dir='ltr'><strong>ubi</strong></span> <span class='ocrx_word' id='word_1_268' title='bbox 389 2117 588 2146; x_wconf 85' lang='lat' dir='ltr'><strong>commenta</strong></span> <span class='ocrx_word' id='word_1_269' title='bbox 614 2116 650 2144; x_wconf 81' lang='lat' dir='ltr'><strong>et</strong></span> <span class='ocrx_word' id='word_1_270' title='bbox 673 2111 861 2144; x_wconf 82' lang='lat' dir='ltr'><strong>mendacia</strong></span> <span class='ocrx_word' id='word_1_271' title='bbox 896 2110 1069 2154; x_wconf 86' lang='lat' dir='ltr'><strong>praefecti</strong></span> <span class='ocrx_word' id='word_1_272' title='bbox 1109 2109 1269 2142; x_wconf 87' lang='lat' dir='ltr'><strong>cubiculi</strong></span> <span class='ocrx_word' id='word_1_273' title='bbox 1293 2107 1459 2148; x_wconf 88' lang='lat' dir='ltr'><strong>audivit,</strong></span> <span class='ocrx_word' id='word_1_274' title='bbox 1487 2107 1620 2153; x_wconf 85' lang='lat' dir='ltr'><strong>quibus</strong></span> <span class='ocrx_word' id='word_1_275' title='bbox 1644 2108 1716 2152; x_wconf 88' lang='lat' dir='ltr'><strong>ipsi</strong></span> 
     </span>
     <span class='ocr_line' id='line_1_32' title="bbox 291 2154 1716 2200; baseline -0.004 -8"><span class='ocrx_word' id='word_1_276' title='bbox 291 2158 388 2192; x_wconf 88' lang='lat' dir='ltr'><strong>nihil</strong></span> <span class='ocrx_word' id='word_1_277' title='bbox 422 2164 476 2192; x_wconf 83' lang='lat' dir='ltr'><strong>est</strong></span> <span class='ocrx_word' id='word_1_278' title='bbox 511 2157 727 2198; x_wconf 88' lang='lat' dir='ltr'><strong>iucundius,</strong></span> <span class='ocrx_word' id='word_1_279' title='bbox 764 2161 911 2200; x_wconf 79' lang='lat' dir='ltr'><strong>repente</strong></span> <span class='ocrx_word' id='word_1_280' title='bbox 945 2157 1042 2189; x_wconf 86' lang='lat' dir='ltr'><strong>mitis</strong></span> <span class='ocrx_word' id='word_1_281' title='bbox 1071 2166 1111 2188; x_wconf 92' lang='lat' dir='ltr'><strong>ac</strong></span> <span class='ocrx_word' id='word_1_282' title='bbox 1133 2159 1341 2188; x_wconf 84' lang='lat' dir='ltr'><strong>mansuetus</strong></span> <span class='ocrx_word' id='word_1_283' title='bbox 1379 2154 1593 2199; x_wconf 88' lang='lat' dir='ltr'><strong>apparuerit.</strong></span> <span class='ocrx_word' id='word_1_284' title='bbox 1643 2154 1716 2187; x_wconf 82' lang='lat' dir='ltr'><strong>Ta-</strong></span> 
     </span>
     <span class='ocr_line' id='line_1_33' title="bbox 291 2200 1718 2248; baseline -0.004 -10"><span class='ocrx_word' id='word_1_285' title='bbox 291 2205 398 2239; x_wconf 88' lang='lat' dir='ltr'><strong>metsi</strong></span> <span class='ocrx_word' id='word_1_286' title='bbox 429 2205 685 2248; x_wconf 81' lang='lat' dir='ltr'><strong>interrogarem</strong></span> <span class='ocrx_word' id='word_1_287' title='bbox 716 2204 893 2242; x_wconf 87' lang='lat' dir='ltr'><strong>libenter,</strong></span> <span class='ocrx_word' id='word_1_288' title='bbox 930 2213 1120 2247; x_wconf 83' lang='lat' dir='ltr'><strong>quamnam</strong></span> <span class='ocrx_word' id='word_1_289' title='bbox 1156 2201 1248 2234; x_wconf 89' lang='lat' dir='ltr'><strong>hanc</strong></span> <span class='ocrx_word' id='word_1_290' title='bbox 1283 2201 1469 2234; x_wconf 84' lang='lat' dir='ltr'><strong>ecclesiam</strong></span> <span class='ocrx_word' id='word_1_291' title='bbox 1511 2200 1616 2234; x_wconf 81' lang='lat' dir='ltr'><strong>dicat.</strong></span> <span class='ocrx_word' id='word_1_292' title='bbox 1676 2200 1718 2234; x_wconf 64' lang='lat' dir='ltr'><strong>Si&gt;</strong></span> 
     </span>
     <span class='ocr_line' id='line_1_34' title="bbox 293 2248 1713 2295; baseline -0.005 -10"><span class='ocrx_word' id='word_1_293' title='bbox 293 2253 392 2285; x_wconf 84' lang='lat' dir='ltr'><strong>enim</strong></span> <span class='ocrx_word' id='word_1_294' title='bbox 427 2252 630 2284; x_wconf 86' lang='lat' dir='ltr'><strong>universam</strong></span> <span class='ocrx_word' id='word_1_295' title='bbox 662 2251 911 2295; x_wconf 83' lang='lat' dir='ltr'><strong>episcoporum</strong></span> <span class='ocrx_word' id='word_1_296' title='bbox 948 2249 1230 2287; x_wconf 82' lang='lat' dir='ltr'><strong>fraternitatem,</strong></span> <span class='ocrx_word' id='word_1_297' title='bbox 1273 2248 1361 2281; x_wconf 85' lang='lat' dir='ltr'><strong>sciat</strong></span> <span class='ocrx_word' id='word_1_298' title='bbox 1396 2248 1495 2281; x_wconf 90' lang='lat' dir='ltr'><strong>illam</strong></span> <span class='ocrx_word' id='word_1_299' title='bbox 1530 2257 1713 2292; x_wconf 88' lang='lat' dir='ltr'><strong>nunquam</strong></span> 
     </span>
     <span class='ocr_line' id='line_1_35' title="bbox 291 2294 1713 2341; baseline -0.005 -8"><span class='ocrx_word' id='word_1_300' title='bbox 291 2299 428 2333; x_wconf 86' lang='lat' dir='ltr'><strong>viscera</strong></span> <span class='ocrx_word' id='word_1_301' title='bbox 459 2297 650 2336; x_wconf 83' lang='lat' dir='ltr'><strong>clausisse,</strong></span> <span class='ocrx_word' id='word_1_302' title='bbox 685 2296 749 2330; x_wconf 87' lang='lat' dir='ltr'><strong>sed</strong></span> <span class='ocrx_word' id='word_1_303' title='bbox 778 2302 899 2341; x_wconf 89' lang='lat' dir='ltr'><strong>aperta</strong></span> <span class='ocrx_word' id='word_1_304' title='bbox 931 2295 1116 2339; x_wconf 88' lang='lat' dir='ltr'><strong>hucusque</strong></span> <span class='ocrx_word' id='word_1_305' title='bbox 1143 2304 1162 2325; x_wconf 91' lang='lat' dir='ltr'><strong>a</strong></span> <span class='ocrx_word' id='word_1_306' title='bbox 1187 2295 1366 2339; x_wconf 85' lang='lat' dir='ltr'><strong>principio</strong></span> <span class='ocrx_word' id='word_1_307' title='bbox 1389 2294 1567 2327; x_wconf 89' lang='lat' dir='ltr'><strong>tenuisse:</strong></span> <span class='ocrx_word' id='word_1_308' title='bbox 1592 2294 1713 2338; x_wconf 79' lang='lat' dir='ltr'><strong>plures</strong></span> 
     </span>
     <span class='ocr_line' id='line_1_36' title="bbox 293 2340 1713 2390; baseline -0.003 -14"><span class='ocrx_word' id='word_1_309' title='bbox 293 2345 430 2390; x_wconf 88' lang='lat' dir='ltr'><strong>quippe</strong></span> <span class='ocrx_word' id='word_1_310' title='bbox 454 2355 576 2377; x_wconf 87' lang='lat' dir='ltr'><strong>eorum</strong></span> <span class='ocrx_word' id='word_1_311' title='bbox 621 2354 756 2376; x_wconf 89' lang='lat' dir='ltr'><strong>mecum</strong></span> <span class='ocrx_word' id='word_1_312' title='bbox 799 2344 982 2382; x_wconf 86' lang='lat' dir='ltr'><strong>sentiunt,</strong></span> <span class='ocrx_word' id='word_1_313' title='bbox 1027 2348 1161 2385; x_wconf 88' lang='lat' dir='ltr'><strong>eosque</strong></span> <span class='ocrx_word' id='word_1_314' title='bbox 1199 2346 1346 2386; x_wconf 87' lang='lat' dir='ltr'><strong>propter</strong></span> <span class='ocrx_word' id='word_1_315' title='bbox 1384 2340 1481 2374; x_wconf 87' lang='lat' dir='ltr'><strong>bella</strong></span> <span class='ocrx_word' id='word_1_316' title='bbox 1517 2345 1553 2374; x_wconf 90' lang='lat' dir='ltr'><strong>et</strong></span> <span class='ocrx_word' id='word_1_317' title='bbox 1586 2340 1713 2372; x_wconf 85' lang='lat' dir='ltr'><strong>caedes</strong></span> 
     </span>
     <span class='ocr_line' id='line_1_37' title="bbox 290 2387 1711 2425; baseline -0.004 -1"><span class='ocrx_word' id='word_1_318' title='bbox 290 2392 426 2424; x_wconf 88' lang='lat' dir='ltr'><strong>multae</strong></span> <span class='ocrx_word' id='word_1_319' title='bbox 461 2390 685 2423; x_wconf 85' lang='lat' dir='ltr'><strong>crudelitatis</strong></span> <span class='ocrx_word' id='word_1_320' title='bbox 722 2389 970 2423; x_wconf 87' lang='lat' dir='ltr'><strong>condemnant.</strong></span> <span class='ocrx_word' id='word_1_321' title='bbox 1032 2387 1098 2421; x_wconf 89' lang='lat' dir='ltr'><strong>Sin</strong></span> <span class='ocrx_word' id='word_1_322' title='bbox 1130 2391 1250 2420; x_wconf 89' lang='lat' dir='ltr'><strong>autem</strong></span> <span class='ocrx_word' id='word_1_323' title='bbox 1283 2398 1320 2420; x_wconf 93' lang='lat' dir='ltr'><strong>se</strong></span> <span class='ocrx_word' id='word_1_324' title='bbox 1353 2392 1390 2420; x_wconf 90' lang='lat' dir='ltr'><strong>et</strong></span> <span class='ocrx_word' id='word_1_325' title='bbox 1419 2387 1592 2421; x_wconf 84' lang='lat' dir='ltr'><strong>satellites</strong></span> <span class='ocrx_word' id='word_1_326' title='bbox 1619 2396 1711 2425; x_wconf 82' lang='lat' dir='ltr'><strong>suos,</strong></span> 
     </span>
     <span class='ocr_line' id='line_1_38' title="bbox 289 2432 1713 2483; baseline -0.004 -13"><span class='ocrx_word' id='word_1_327' title='bbox 289 2438 444 2480; x_wconf 81' lang='lat' dir='ltr'><strong>primum</strong></span> <span class='ocrx_word' id='word_1_328' title='bbox 479 2436 624 2483; x_wconf 87' lang='lat' dir='ltr'><strong>quidem</strong></span> <span class='ocrx_word' id='word_1_329' title='bbox 655 2446 722 2469; x_wconf 87' lang='lat' dir='ltr'><strong>nec</strong></span> <span class='ocrx_word' id='word_1_330' title='bbox 746 2436 815 2481; x_wconf 87' lang='lat' dir='ltr'><strong>ipsi</strong></span> <span class='ocrx_word' id='word_1_331' title='bbox 841 2445 960 2468; x_wconf 86' lang='lat' dir='ltr'><strong>omnes</strong></span> <span class='ocrx_word' id='word_1_332' title='bbox 984 2433 1186 2478; x_wconf 82' lang='lat' dir='ltr'><strong>approbant</strong></span> <span class='ocrx_word' id='word_1_333' title='bbox 1213 2445 1306 2478; x_wconf 87' lang='lat' dir='ltr'><strong>quae</strong></span> <span class='ocrx_word' id='word_1_334' title='bbox 1330 2434 1433 2474; x_wconf 87' lang='lat' dir='ltr'><strong>fiunt,</strong></span> <span class='ocrx_word' id='word_1_335' title='bbox 1454 2433 1516 2466; x_wconf 90' lang='lat' dir='ltr'><strong>sed</strong></span> <span class='ocrx_word' id='word_1_336' title='bbox 1539 2442 1615 2465; x_wconf 88' lang='lat' dir='ltr'><strong>sese</strong></span> <span class='ocrx_word' id='word_1_337' title='bbox 1641 2432 1713 2465; x_wconf 88' lang='lat' dir='ltr'><strong>cir—</strong></span> 
     </span>
     <span class='ocr_line' id='line_1_39' title="bbox 291 2477 1712 2524; baseline -0.003 -9"><span class='ocrx_word' id='word_1_338' title='bbox 291 2488 496 2516; x_wconf 84' lang='lat' dir='ltr'><strong>cumventos</strong></span> <span class='ocrx_word' id='word_1_339' title='bbox 538 2489 574 2516; x_wconf 88' lang='lat' dir='ltr'><strong>et</strong></span> <span class='ocrx_word' id='word_1_340' title='bbox 606 2482 732 2516; x_wconf 88' lang='lat' dir='ltr'><strong>eodem</strong></span> <span class='ocrx_word' id='word_1_341' title='bbox 783 2482 915 2514; x_wconf 87' lang='lat' dir='ltr'><strong>scelere</strong></span> <span class='ocrx_word' id='word_1_342' title='bbox 970 2480 1169 2524; x_wconf 86' lang='lat' dir='ltr'><strong>implicatos</strong></span> <span class='ocrx_word' id='word_1_343' title='bbox 1205 2480 1404 2524; x_wconf 85' lang='lat' dir='ltr'><strong>deplorant.</strong></span> <span class='ocrx_word' id='word_1_344' title='bbox 1463 2477 1604 2512; x_wconf 86' lang='lat' dir='ltr'><strong>Deinde</strong></span> <span class='ocrx_word' id='word_1_345' title='bbox 1638 2489 1712 2511; x_wconf 86' lang='lat' dir='ltr'><strong>non</strong></span> 
     </span>
     <span class='ocr_line' id='line_1_40' title="bbox 291 2525 1710 2573; baseline -0.003 -13"><span class='ocrx_word' id='word_1_346' title='bbox 291 2530 487 2563; x_wconf 86' lang='lat' dir='ltr'><strong>conficiunt</strong></span> <span class='ocrx_word' id='word_1_347' title='bbox 516 2529 586 2573; x_wconf 90' lang='lat' dir='ltr'><strong>ipsi</strong></span> <span class='ocrx_word' id='word_1_348' title='bbox 618 2529 824 2568; x_wconf 89' lang='lat' dir='ltr'><strong>ecclesiam,</strong></span> <span class='ocrx_word' id='word_1_349' title='bbox 870 2538 992 2561; x_wconf 89' lang='lat' dir='ltr'><strong>verum</strong></span> <span class='ocrx_word' id='word_1_350' title='bbox 1018 2531 1095 2559; x_wconf 88' lang='lat' dir='ltr'><strong>tota</strong></span> <span class='ocrx_word' id='word_1_351' title='bbox 1128 2526 1290 2560; x_wconf 84' lang='lat' dir='ltr'><strong>fidelium</strong></span> <span class='ocrx_word' id='word_1_352' title='bbox 1324 2526 1526 2571; x_wconf 84' lang='lat' dir='ltr'><strong>frequentia</strong></span> <span class='ocrx_word' id='word_1_353' title='bbox 1560 2525 1710 2558; x_wconf 85' lang='lat' dir='ltr'><strong>ecclesia</strong></span> 
     </span>
     <span class='ocr_line' id='line_1_41' title="bbox 289 2572 1711 2619; baseline -0.003 -12"><span class='ocrx_word' id='word_1_354' title='bbox 289 2582 456 2609; x_wconf 80' lang='lat' dir='ltr'><strong>vocatur:</strong></span> <span class='ocrx_word' id='word_1_355' title='bbox 490 2576 590 2608; x_wconf 88' lang='lat' dir='ltr'><strong>cuius</strong></span> <span class='ocrx_word' id='word_1_356' title='bbox 623 2577 722 2609; x_wconf 88' lang='lat' dir='ltr'><strong>velut</strong></span> <span class='ocrx_word' id='word_1_357' title='bbox 754 2576 967 2619; x_wconf 83' lang='lat' dir='ltr'><strong>praecipuae</strong></span> <span class='ocrx_word' id='word_1_358' title='bbox 1005 2579 1042 2606; x_wconf 84' lang='lat' dir='ltr'><strong>et</strong></span> <span class='ocrx_word' id='word_1_359' title='bbox 1067 2573 1218 2606; x_wconf 81' lang='lat' dir='ltr'><strong>eximiae</strong></span> <span class='ocrx_word' id='word_1_360' title='bbox 1244 2578 1361 2618; x_wconf 84' lang='lat' dir='ltr'><strong>partes</strong></span> <span class='ocrx_word' id='word_1_361' title='bbox 1382 2578 1466 2606; x_wconf 86' lang='lat' dir='ltr'><strong>sunt</strong></span> <span class='ocrx_word' id='word_1_362' title='bbox 1489 2572 1648 2616; x_wconf 87' lang='lat' dir='ltr'><strong>episcopi</strong></span> <span class='ocrx_word' id='word_1_363' title='bbox 1674 2575 1711 2604; x_wconf 87' lang='lat' dir='ltr'><strong>et</strong></span> 
     </span>
     <span class='ocr_line' id='line_1_42' title="bbox 289 2619 1708 2665; baseline -0.001 -13"><span class='ocrx_word' id='word_1_364' title='bbox 289 2622 545 2656; x_wconf 75' lang='lat' dir='ltr'><strong>monachorum</strong></span> <span class='ocrx_word' id='word_1_365' title='bbox 579 2627 699 2655; x_wconf 88' lang='lat' dir='ltr'><strong>coetus</strong></span> <span class='ocrx_word' id='word_1_366' title='bbox 733 2620 939 2655; x_wconf 86' lang='lat' dir='ltr'><strong>lectissimi:</strong></span> <span class='ocrx_word' id='word_1_367' title='bbox 969 2631 1118 2665; x_wconf 85' lang='lat' dir='ltr'><strong>quorum</strong></span> <span class='ocrx_word' id='word_1_368' title='bbox 1153 2626 1194 2653; x_wconf 88' lang='lat' dir='ltr'><strong>ut</strong></span> <span class='ocrx_word' id='word_1_369' title='bbox 1232 2621 1384 2665; x_wconf 86' lang='lat' dir='ltr'><strong>quisque</strong></span> <span class='ocrx_word' id='word_1_370' title='bbox 1414 2624 1466 2651; x_wconf 89' lang='lat' dir='ltr'><strong>est</strong></span> <span class='ocrx_word' id='word_1_371' title='bbox 1491 2619 1646 2663; x_wconf 85' lang='lat' dir='ltr'><strong>optimus</strong></span> <span class='ocrx_word' id='word_1_372' title='bbox 1672 2622 1708 2650; x_wconf 85' lang='lat' dir='ltr'><strong>et</strong></span> 
     </span>
     <span class='ocr_line' id='line_1_43' title="bbox 287 2662 1708 2711; baseline -0.005 -10"><span class='ocrx_word' id='word_1_373' title='bbox 287 2667 484 2701; x_wconf 82' lang='lat' dir='ltr'><strong>rectissime</strong></span> <span class='ocrx_word' id='word_1_374' title='bbox 510 2669 687 2709; x_wconf 89' lang='lat' dir='ltr'><strong>sentiens,</strong></span> <span class='ocrx_word' id='word_1_375' title='bbox 713 2670 763 2701; x_wconf 88' lang='lat' dir='ltr'><strong>ita</strong></span> <span class='ocrx_word' id='word_1_376' title='bbox 791 2668 943 2700; x_wconf 85' lang='lat' dir='ltr'><strong>maxime</strong></span> <span class='ocrx_word' id='word_1_377' title='bbox 964 2665 1179 2711; x_wconf 85' lang='lat' dir='ltr'><strong>idem‚quod</strong></span> <span class='ocrx_word' id='word_1_378' title='bbox 1208 2678 1283 2711; x_wconf 81' lang='lat' dir='ltr'><strong>ego,</strong></span> <span class='ocrx_word' id='word_1_379' title='bbox 1299 2668 1420 2705; x_wconf 86' lang='lat' dir='ltr'><strong>sentit,</strong></span> <span class='ocrx_word' id='word_1_380' title='bbox 1443 2670 1484 2698; x_wconf 91' lang='lat' dir='ltr'><strong>ut</strong></span> <span class='ocrx_word' id='word_1_381' title='bbox 1507 2663 1570 2709; x_wconf 85' lang='lat' dir='ltr'><strong>qui</strong></span> <span class='ocrx_word' id='word_1_382' title='bbox 1594 2662 1708 2696; x_wconf 87' lang='lat' dir='ltr'><strong>eccle-</strong></span> 
     </span>
     <span class='ocr_line' id='line_1_44' title="bbox 288 2712 1709 2757; baseline -0.004 -10"><span class='ocrx_word' id='word_1_383' title='bbox 288 2714 362 2747; x_wconf 77' lang='lat' dir='ltr'><strong>siae</strong></span> <span class='ocrx_word' id='word_1_384' title='bbox 401 2713 625 2748; x_wconf 86' lang='lat' dir='ltr'><strong>Christianae</strong></span> <span class='ocrx_word' id='word_1_385' title='bbox 668 2715 753 2748; x_wconf 82' lang='lat' dir='ltr'><strong>inde</strong></span> <span class='ocrx_word' id='word_1_386' title='bbox 787 2715 831 2747; x_wconf 88' lang='lat' dir='ltr'><strong>ab</strong></span> <span class='ocrx_word' id='word_1_387' title='bbox 866 2713 972 2747; x_wconf 89' lang='lat' dir='ltr'><strong>initio</strong></span> <span class='ocrx_word' id='word_1_388' title='bbox 996 2724 1150 2757; x_wconf 87' lang='lat' dir='ltr'><strong>aequum</strong></span> <span class='ocrx_word' id='word_1_389' title='bbox 1176 2718 1212 2746; x_wconf 86' lang='lat' dir='ltr'><strong>et</strong></span> <span class='ocrx_word' id='word_1_390' title='bbox 1232 2713 1356 2745; x_wconf 87' lang='lat' dir='ltr'><strong>utilem</strong></span> <span class='ocrx_word' id='word_1_391' title='bbox 1380 2722 1436 2745; x_wconf 91' lang='lat' dir='ltr'><strong>me</strong></span> <span class='ocrx_word' id='word_1_392' title='bbox 1461 2712 1646 2745; x_wconf 87' lang='lat' dir='ltr'><strong>voluntate</strong></span> <span class='ocrx_word' id='word_1_393' title='bbox 1672 2713 1709 2741; x_wconf 84' lang='lat' dir='ltr'><strong>et</strong></span> 
     </span>
     <span class='ocr_line' id='line_1_45' title="bbox 290 2757 1712 2806; baseline -0.002 -13"><span class='ocrx_word' id='word_1_394' title='bbox 290 2769 398 2806; x_wconf 85' lang='lat' dir='ltr'><strong>opere</strong></span> <span class='ocrx_word' id='word_1_395' title='bbox 419 2759 618 2798; x_wconf 80' lang='lat' dir='ltr'><strong>exhibeam.</strong></span> <span class='ocrx_word' id='word_1_396' title='bbox 666 2761 750 2795; x_wconf 86' lang='lat' dir='ltr'><strong>Non</strong></span> <span class='ocrx_word' id='word_1_397' title='bbox 775 2761 884 2806; x_wconf 85' lang='lat' dir='ltr'><strong>igitur</strong></span> <span class='ocrx_word' id='word_1_398' title='bbox 908 2759 1121 2805; x_wconf 86' lang='lat' dir='ltr'><strong>mihi-prius</strong></span> <span class='ocrx_word' id='word_1_399' title='bbox 1146 2761 1279 2796; x_wconf 82' lang='lat' dir='ltr'><strong>viscera</strong></span> <span class='ocrx_word' id='word_1_400' title='bbox 1303 2759 1430 2793; x_wconf 82' lang='lat' dir='ltr'><strong>clausit</strong></span> <span class='ocrx_word' id='word_1_401' title='bbox 1452 2757 1615 2798; x_wconf 88' lang='lat' dir='ltr'><strong>ecclesia,</strong></span> <span class='ocrx_word' id='word_1_402' title='bbox 1640 2766 1712 2790; x_wconf 68' lang='lat' dir='ltr'><strong>ne-r</strong></span> 
     </span>
    </p>
   </div>
  </div>
 </body>
</html>
