1800 3132
501 184 881 228 nis‘ronmnum
919 185 993 224 111.
1023 185 1092 231 59.
1405 157 1519 231 367

80 298 245 352 ἀγῶνας
272 289 538 340 διατιθέντες.
592 288 661 330 σοι’
685 289 763 340 μὲν
792 279 865 327 οὖν
892 282 1000 326 οὕτω
1029 282 1294 337 πανταχόθεν
1313 283 1530 339 περιέστη-
1541 284 1618 319 AC.
1637 284 1723 328 1343

82 379 127 404 κε
175 361 226 404 τὰ
271 356 497 414 πράγματα
541 352 664 397 στενὰ
701 354 776 395 καί
816 351 1054 405 συμβέβηκέ
1089 364 1155 390 σοι
1187 347 1235 391 τό
1263 350 1341 391 τοῦ
1365 345 1523 402 μόθου.

80 429 220 485 ἱξευτῇ
248 424 327 480 γάρ
359 423 473 479 φασί
500 437 582 464 τινι
610 420 840 475 στρουθίου
870 413 1166 471 κεκρατηκότι,
1205 417 1327 472 φωνῇ
1366 410 1530 470 χρησά-

80 508 206 547 μενον
231 490 277 533 τὸ
307 485 535 544 στρουθίον
563 482 822 541 ἀνθρωπίνῃ,
855 488 1107 537 προσειπεῖν,
1137 481 1192 530 ὥς
1210 477 1296 537 ἄρα
1314 483 1531 536 πέπρωται

56 555 215 615 ὄαῦτῷ,
261 553 437 610 δήσαντι
463 555 542 606 μὲν
568 554 640 594 καί
667 551 906 604 κατέχοντι,
946 546 1019 590 τὸν
1058 549 1188 589 παῖδα
1220 546 1523 601 ἀποθνήσκειν,

80 621 350 668 ἀπολελυκότι
382 621 447 672 δὲ,
473 617 549 674 την
575 622 777 672 γυναῖκα,
799 616 975 671 α’βουλίᾳ
1005 616 1052 656 δὲ
1082 615 1135 671 τῇ
1162 612 1336 670 μεγίστῃ
1360 629 1524 668 χρησα-

79 693 190 747 μένῳ
218 687 291 729 καί
316 687 542 738 κτείναντι,
573 681 706 725 αὐτὸν
734 678 886 724 αὐτίκα
916 678 1205 734 α’ποθνὴσκειν.
1261 679 1335 721 τὸν
1362 677 1528 734 ι’ξευτὴν

81 757 128 798 δὲ
168 753 243 808 τήν
276 749 542 805 πανταχόθεν
574 749 756 804 ἀπορίαν
783 747 1034 800 συνιδόντα,
1063 748 1170 800 μέγα
1200 747 1432 799 α’νοιμῶξαι
1461 743 1533 786 καί

80 821 158 876 τὴν
201 820 364 874 ἡμέραν
391 818 551 871 ἐκείνην
581 813 910 870 ἐπαράσασθαι,
941 814 988 855 ἐν
1017 808 1047 870 ᾗ
1074 811 1119 854 τὸ
1153 813 1373 867 στρουθίον
1399 807 1578 862 εἷλεν,ἱ)

34 887 139 936 ωώς
178 883 372 940 μεγάλων
414 881 546 924 αἴτιον
586 882 698 938 αὐτῷ
734 882 968 935 συμφορῶν
1007 881 1291 934 γεγενημένην.
1345 878 1467 919 τοῦτο
1498 877 1536 917 δ’

85 950 207 1006 οἶμαι
248 950 322 992 τὸν
360 946 660 991 συντεθεικότα
702 946 774 988 τὸν
811 947 955 999 μῦθον
997 943 1069 987 διὰ
1116 942 1269 987 τούτου
1307 942 1538 998 βούλεσθαι

85 1021 266 1074 δηλοῦν,
299 1015 359 1064 ὥς
387 1012 534 1056 πολλοὶ
574 1015 658 1055 τῶν
695 1008 935 1067 ἆνθρώπων
953 1044 964 1061 ,
1002 1013 1050 1054 ἐκ
1074 1012 1149 1053 τοῦ
1175 1012 1362 1063 μείζοσιν
1388 1009 1416 1066 ἢ
1443 1014 1543 1053 καθ’

85 1081 261 1131 ἑαυτούς
290 1078 538 1137 πράγμασιν
570 1081 829 1133 ἐπιχειρεῖν,
860 1076 1071 1126 α’κουσίοις
1099 1076 1172 1117 καί
1196 1076 1398 1131 μεγάλαις
1424 1092 1540 1131 περι-

85 1149 311 1191 πίπτουσιν
350 1143 574 1199 ἇνάγκαις·
633 1146 683 1186 αἳ
717 1146 793 1186 καί
820 1145 889 1186 σοι’
912 1141 1100 1196 μάλιστα
1126 1145 1361 1198 συνέβησαν
1390 1144 1434 1184 ἐκ
1461 1146 1539 1184 τοῦ

40 1215 296 1263 ιὸτοιούτου.
361 1211 456 1266 ἐμοὶ
487 1213 534 1253 δὲ
561 1210 808 1253 τούναντίον
838 1207 951 1251 ἅπαν
980 1210 1115 1250 πάντα
1146 1204 1306 1264 εὔπορα
1336 1209 1540 1263 καθέστη-

86 1297 167 1322 κεν.
223 1276 278 1321 ἄν
317 1294 360 1320 τε
403 1277 482 1333 γὰρ
523 1276 631 1331 πρὸς
659 1273 897 1326 Βυζάντιον
924 1273 1122 1331 έπανίῃς,
1162 1277 1243 1317 σοῦ’
1269 1274 1440 1317 κατόπιν
1467 1277 1543 1317 καί

87 1343 214 1393 αὐτὸς
252 1346 316 1385 ἐπ’
355 1345 486 1385 ἐκεῖνο
526 1344 784 1396 βαδιοῦμαι·
829 1336 883 1383 ἄν
918 1356 964 1382 τε
992 1343 1119 1397 μένῃς
1146 1343 1191 1384 ἐν
1224 1342 1539 1398 Θεσσαλονίκῃ,

89 1411 267 1462 ου’δεμία
294 1425 356 1457 τις
383 1407 524 1463 ἐζιιοιγε
558 1408 696 1450 ἔσεται
726 1407 863 1462 βλάβη
904 1407 930 1462 ἧ
961 1407 1147 1462 α’πορία,
1189 1410 1264 1462 τῆς
1303 1409 1397 1460 ἐμοὶ
1439 1424 1540 1449 συν-

91 1474 218 1530 ούσης
259 1476 458 1529 στρατιᾶς
498 1474 542 1514 ἐν
570 1474 719 1521 οἰκίαις
748 1473 974 1527 διαγούσης
1001 1475 1072 1514 καί
1098 1475 1355 1529 τρεφομένης
1382 1475 1428 1516 ἐκ
1456 1476 1540 1515 τῶν

38 1538 339 1597 ποπροσόδων,
382 1538 433 1587 ἂς
472 1539 659 1593 ἐτησίους
698 1537 882 1591 ἔχουσιν.
947 1541 986 1580 εἰ
1012 1541 1059 1579 δὲ
1087 1540 1161 1579 καί
1186 1540 1246 1588 εἰς
1273 1545 1425 1593 χεῖρας
1454 1539 1669 1592 ε’μοίΡ,554

90 1608 198 1650 ἰέναι
226 1607 295 1647 σοι’
321 1604 456 1661 φιλον,
478 1605 607 1656 κᾶμοί
634 1605 830 1659 φίλτερον
859 1604 981 1645 οὐδὲν
1001 1602 1135 1655 ἔσται,
1166 1605 1264 1645 οὐδὲ
1291 1606 1451 1656 μᾶλλον
1476 1603 1545 1646 αἱ-

91 1670 229 1727 ρετὸν,
258 1669 387 1723 μόνον
416 1671 456 1711 εἰ
482 1669 612 1718 αὐτὸς
639 1670 908 1724 στρατηγοίης
935 1667 1040 1724 πρὸς
1068 1667 1143 1710 τὸν
1162 1668 1360 1722 πόλεμον.
1390 1668 1444 1711 σύ
1466 1672 1546 1722 μὲν

91 1733 168 1779 οὖν
200 1734 286 1787 ὃ,τι
314 1736 568 1788 διανοοῦμαι
597 1732 796 1789 πράττειν
831 1730 938 1789 ἤρου
981 1737 1081 1791 περὶ
1118 1736 1329 1788 ἐμαυτοῦ·
1362 1733 1467 1789 ,ἐγώ
1498 1737 1546 1777 δέ

91 1818 160 1845 σοι
188 1805 260 1844 καί
285 1798 315 1843 ιῖ
344 1803 392 1844 σὲ
421 1802 582 1843 δίκαιον
610 1804 743 1841 ποιεῖν
775 1802 1033 1855 προσέθηκα,
1059 1801 1220 1853 μᾶλλον
1241 1802 1289 1842 δὲ
1305 1801 1545 1855 ἀναγκαῖον.

187 1885 221 1919 8.
247 1873 315 1922 τὴν
339 1892 407 1914 om.
433 1881 466 1913 P.
567 1880 617 1914 16.
643 1874 720 1925 γοὶρ
745 1889 813 1912 om.
842 1880 880 1917 Ρ.
1031 1880 1081 1914 18.
1108 1875 1129 1922 ἢ
1153 1879 1201 1913 Μ.

91 1956 199 1991 ludos
237 1955 422 2000 gymnicos
465 1953 691 1993 instituunt,
735 1953 872 1986 otiosus
916 1955 1097 1996 spectator
1128 1952 1263 1986 sedeas.
1328 1953 1383 1987 'ru
1416 1954 1541 1999 itaque

91 2004 191 2037 hunc
215 2003 252 2034 in
278 2001 425 2034 modum
450 2000 614 2045 undique
641 1998 777 2043 urgeris
804 2008 845 2031 ac
865 2000 1052 2043 premeris,
1068 2003 1106 2032 et
1127 1999 1228 2044 quod
1249 2004 1305 2033 est
1328 2001 1367 2031 in
1394 2000 1541 2039 fabella,

92 2050 164 2084 tibi
195 2059 261 2081 usu
293 2048 406 2081 venit.
462 2047 577 2080 Aiunt
609 2046 727 2086 enim,
764 2056 945 2091 passerem
972 2050 1114 2090 captum
1146 2046 1281 2090 aucupi
1317 2045 1477 2088 dixisse,
1504 2047 1543 2079 in

94 2097 180 2130 fatis
214 2094 271 2128 ini
306 2105 407 2134 esse,
441 2094 471 2126 si
507 2104 544 2127 se
569 2093 718 2137 ligatum
754 2093 947 2132 retineret,
984 2093 1076 2127 mori
1104 2092 1277 2132 filium,si
1300 2091 1457 2126 liberum
1483 2093 1543 2125 di-

90 2142 285 2181 mitteret,
321 2140 472 2175 interire
511 2150 681 2179 uxorem,
718 2138 748 2171 si
776 2150 842 2183 per
864 2149 1040 2171 summam
1066 2141 1308 2173 temeritatem
1334 2150 1372 2172 se
1397 2139 1543 2174 occide-

98 2194 172 2228 ret,
200 2188 318 2232 ipsum
343 2187 517 2220 continuo
540 2191 655 2219 morte
682 2184 875 2230 exstingui.
923 2185 1107 2230 Aucupem
1134 2197 1179 2219 ex
1203 2185 1302 2219 omni
1323 2190 1425 2230 parte
1448 2186 1543 2220 diffi-

98 2236 272 2268 cultatem
308 2234 539 2274 intuentem,
575 2232 690 2265 altum
729 2231 874 2265 dedisse
920 2232 1094 2277 gemitum
1126 2236 1163 2265 et
1197 2237 1403 2265 execratum
1443 2233 1543 2267 diem

99 2283 225 2320 illum,
249 2291 321 2325 quo
344 2290 522 2324 passerem
545 2279 719 2323 cepisset:
744 2280 882 2324 quippe
907 2279 972 2324 qui
999 2278 1199 2323 singulares
1221 2279 1294 2312 sibi
1320 2280 1543 2313 calamitates

99 2330 341 2373 apportasset,
367 2326 451 2359 Hoc.
466 2330 586 2359 autem
600 2330 689 2370 puto
716 2330 899 2358 auctorem
923 2324 1033 2359 huius
1058 2326 1203 2372 apologi
1227 2325 1358 2359 docere
1373 2326 1543 2365 voluisse,

101 2374 236 2409 multos
262 2372 430 2406 mortales
455 2373 591 2406 maiora
615 2371 754 2406 viribus
779 2372 852 2405 suis
876 2371 1075 2411 audentes,
1096 2383 1162 2417 per
1186 2372 1467 2418 imprudentiam
1496 2371 1543 2406 ad

100 2419 333 2454 inevitabiles
366 2419 598 2452 necessitates
632 2417 771 2463 redigi:
804 2417 904 2464 quod
937 2418 1009 2451 tibi
1043 2419 1213 2452 similiter
1250 2430 1270 2452 e
1301 2420 1414 2452 simili
1451 2420 1542 2454 vitio

100 2467 268 2511 contigit.
331 2464 425 2497 Mihi
450 2475 535 2499 vero
571 2470 697 2498 contra
740 2464 848 2508 plane
881 2466 1003 2498 omnia
1044 2465 1134 2498 haec
1159 2465 1282 2499 facilia
1306 2475 1344 2500 ct
1370 2465 1542 2511 expedita

102 2520 199 2549 sunt.
248 2511 330 2546 Sive
351 2512 449 2545 enim
470 2511 680 2554 Byzantium
705 2510 801 2545 redis
818 2536 828 2552 ,
860 2516 897 2544 te
924 2512 1051 2545 eodem
1074 2523 1223 2557 sequar:
1247 2513 1323 2546 sive
1346 2512 1543 2546 Thessalo-

102 2561 208 2594 nicae
236 2568 379 2597 manes,
403 2557 543 2591 nullum
568 2557 654 2591 inde
683 2556 853 2591 damnum
881 2558 1010 2591 faciam
1037 2568 1081 2590 ex
1107 2558 1258 2603 inopia,
1298 2570 1379 2592 cum
1406 2561 1541 2592 milites

102 2607 174 2639 mei
213 2605 311 2639 domi
346 2603 516 2648 degentes
543 2603 589 2638 de
619 2603 748 2638 annuis
783 2605 857 2639 suis
894 2603 1073 2637 reditibus
1114 2606 1246 2638 vivant.
1316 2605 1459 2650 Quodsi
1495 2605 1543 2638 ad

103 2663 230 2686 manus
256 2661 397 2684 mecum
420 2650 544 2684 venire
569 2650 662 2685 libet
677 2675 688 2692 ,
713 2650 808 2684 nihil
832 2650 901 2683 hoc
924 2649 1014 2683 mihi
1042 2650 1176 2695 gratius
1211 2656 1275 2686 aut
1297 2652 1541 2697 expetendum

103 2700 235 2743 magis:
267 2697 376 2732 modo
409 2701 449 2730 tu
485 2698 564 2740 ipse
596 2697 670 2731 dux
704 2696 813 2730 simul
835 2698 972 2732 venias.
1021 2697 1078 2730 Τιι
1109 2708 1194 2743 crgo
1228 2697 1319 2744 quid
1344 2710 1399 2732 me
1426 2699 1543 2732 facere

102 2745 312 2785 meditarer,
327 2742 593 2786 interrogabas:
627 2755 646 2777 e
671 2755 692 2776 ο
727 2754 810 2778 vcro
836 2754 929 2788 quae
957 2747 993 2774 te
1020 2743 1136 2777 facere
1165 2746 1318 2783 iustum,
1340 2746 1450 2778 immo
1475 2756 1542 2778 ne-

103 2792 296 2826 cessarium
347 2795 423 2833 est,
446 2791 614 2836 (praeter
681 2801 745 2825 aec
791 2790 890 2824 enim
936 2789 1032 2822 nihil
1071 2790 1173 2825 aliud
1225 2791 1355 2826 licebit
1392 2790 1538 2835 ἔπειτα)
