1800 3138
246 171 274 205 2
292 169 351 204 12
759 162 1125 211 CANTACUZENI

49 270 229 315 A.C.1342
241 268 386 309 ἐκεῖνοι
406 265 451 305 δὲ
483 261 678 318 ὁρῶντες,
724 261 781 310 ὥς
810 263 965 314 μᾶλλον
1002 263 1144 310 αὐτοῖς
1183 261 1362 315 αἱρετέος
1401 262 1512 304 ἐστίν
1540 257 1562 301 ὅ
1587 262 1663 302 πό-

240 335 387 381 λεμος,
435 324 463 382 ἢ
495 328 521 381 ἡ
559 325 724 381 εἰρήνη,
763 324 869 378 μετὰ
909 325 953 367 τὸ
984 324 1114 367 πολλοὶ
1144 327 1343 380 δεηθῆναι
1371 328 1469 379 περὶ
1513 327 1662 380 αὕτῆς,

241 395 334 436 ἐπεὶ
375 391 479 447 πρὸς
519 389 691 445 σκήψεις
731 390 805 432 καί
842 391 1073 446 προφάσεις
1107 389 1180 431 καὶ
1218 387 1339 432 οὐδὲν
1383 391 1495 443 ὑγιὲς
1525 388 1666 444 ἑώρων

241 455 597 513 καταφεύγοντας,
644 453 718 509 τὴν
753 453 953 497 ἐπάνοδον
980 451 1166 509 ᾐτοῦντο.
1231 460 1317 504 τοῖς
1345 456 1390 496 δὲ
1419 455 1517 496 οὐδὲ
1543 456 1666 496 τοῦτο

241 526 464 564 λυσιτελεῖν
502 520 660 572 ἐδόκει,
707 515 809 560 ὥστε
846 517 1101 568 ἀπελθόντας
1138 517 1236 566 τούς
1270 517 1482 572 μοναχούς
1527 519 1692 566 αὕτοῖςό

239 590 318 641 μὲν
345 587 589 627 ἀνατιθέναι
632 583 707 638 τήν
751 585 885 626 αἰτίαν
922 584 994 624 τοῦ
1021 584 1224 635 πολέμου,
1262 584 1595 640 Καντακουζηνῷ
1618 583 1666 624 δὲ

240 654 297 708 τῷ
327 654 497 704 βασιλεῖ
510 647 555 690 τό
584 651 742 701 μᾶλλον
769 648 982 703 αἱρεῖσθαι
1006 647 1082 701 τὴν
1110 646 1275 701 εἰρήνην
1316 648 1388 689 καί
1426 647 1565 689 δίκαια
1595 646 1671 689 καί

240 718 507 771 συμφέροντα
548 719 631 761 τοῖς
669 715 796 754 πᾶσιν
823 713 968 761 ἀξιοῦν
994 718 1314 766 συμμαρτυρεῖν.
1367 713 1463 753 ου’δὲ
1482 710 1562 767 γὰρ
1588 712 1664 764 με’-

238 780 332 836 τριά
360 796 449 821 τινα
480 778 786 833 προστήσεσθαι
815 778 957 824 αὕτοῖς
987 774 1172 828 ἐνόμιζον
1198 775 1301 830 πρὸς
1327 773 1373 818 τὸ
1393 775 1488 824 τούς
1508 776 1665 830 δήμους

241 845 498 898 ἐκταράττειν
527 842 599 883 καί
634 841 707 883 τὸν
747 839 921 894 πόλεμον
959 846 1096 882 κινεῖν.
1151 842 1384 895 ἐξεπίτηδες
1420 839 1500 896 γαρ
1542 841 1717 882 adraim

198 910 392 957 Βλάλους
417 907 533 956 τινὰς
557 906 757 948 καθίεσαν
784 908 843 954 εἰς
870 904 943 953 τὰς
968 903 1108 953 πόλεις
1135 902 1434 960 κηρύττοντας,
1463 905 1518 955 ὥς
1546 909 1665 947 Καν-

239 971 486 1028 τακουζηνὸς
516 972 605 1012 οὐδ’
634 966 774 1026 ἄκροις
802 967 883 1011 αἷσί
913 967 987 1024 τήν
1018 967 1181 1024 εἰρήνην
1206 971 1507 1024 παραδέχοιτο,
1556 967 1664 1012 οἷλλοὶ

237 1039 290 1080 τὰ
319 1038 531 1081 δεινότατα
566 1034 662 1084 τούς
703 1037 905 1088 βασιλέως
947 1036 1101 1082 παῖδας
1146 1033 1364 1089 διαθήσειν
1391 1031 1556 1076 ἀπειλεῖ
1562 1066 1574 1087 ,
1627 1036 1666 1077 εἰ

237 1106 488 1158 περιγένοιτο
516 1104 559 1143 ἐν
601 1103 658 1158 τῷ
685 1102 848 1157 πολέμῳ
867 1132 877 1150 ,
906 1099 1001 1140 ..καί
1042 1099 1141 1148 τούς
1174 1094 1352 1152 ἄλλους,
1395 1095 1481 1141 ὅσοι
1521 1100 1682 1141 δίκαια,

237 1170 446 1215 ποιοῖντες
494 1164 631 1223 ἐκείνῳ
670 1163 999 1218 πεπολεμήκασιν
1040 1164 1145 1218 ὑπὲρ
1185 1164 1337 1209 αὐτῶν.
1407 1163 1720 1220 παρεκάλουνι5

237 1249 282 1274 τε
309 1230 406 1279 τούς
434 1230 592 1285 δήμους
624 1231 726 1284 ὑπὲρ
764 1232 847 1271 τῶν
882 1231 1085 1282 βασιλέως
1125 1231 1286 1270 παίδων
1314 1229 1511 1285 ὀρφανῶν
1538 1224 1666 1270 ὄντων

238 1296 392 1350 πατρὸς
407 1297 649 1349 ἀγανακτεῖν
678 1297 748 1336 καί
775 1292 1010 1347 ἀμύνεσθαι
1037 1293 1108 1335 τὸν
1136 1294 1369 1336 ἀδικοῦντα.
1424 1289 1474 1334 οὗ
1505 1292 1555 1348 δή
1578 1295 1666 1336 ἓνε-

239 1378 291 1402 κα
320 1362 545 1413 ἐσκέψαντο
569 1357 811 1413 συγκρούειν
853 1357 957 1413 πρὸς
983 1356 1161 1406 ἑαυτούς
1201 1357 1300 1407 τούς
1317 1357 1540 1411 μοναχούς.
1595 1361 1667 1400 καὶ

241 1426 468 1479 Μακάριον
493 1416 575 1477 μὲν
598 1424 670 1466 τὸν
700 1421 879 1478 Λαύρας
907 1422 1156 1477 ἡγούμενον,
1190 1423 1488 1477 Θεσσαλονίκης
1513 1439 1668 1478 μητρο-

241 1492 408 1544 πολίτην
445 1491 760 1540 ἀποδείξαντες,
803 1487 970 1529 ἔπεισαν
998 1487 1048 1528 οὔ
1086 1485 1186 1540 πρὸς
1223 1485 1317 1535 τοὺς
1359 1482 1507 1536 ἄλλους
1543 1485 1719 1540 μόνοναο

117 1554 505 1610 Ρ,464διενεχθῆναι
535 1551 746 1605 μοναχούς
787 1554 858 1594 καί
884 1554 1307 1606 Καντακουζηνισμόν
1336 1553 1471 1593 αὐτῶν
1493 1567 1667 1607 κατηγο-

242 1625 349 1674 ρεῖν,
396 1615 462 1659 ὅτι
490 1616 539 1671 δή
570 1616 640 1658 τὸν
671 1617 792 1673 φίλον
823 1616 998 1669 ὅρῶντες
1027 1614 1276 1658 ἀπολεῖσθαι
1310 1615 1392 1657 ὑπὸ
1425 1618 1501 1658 τοῦ
1526 1619 1666 1658 κοινοῦ

241 1684 419 1737 πολέμου
448 1680 754 1731 κινδυνεύοντα,
785 1683 830 1725 ἐν
859 1683 982 1738 ζήλου
1010 1684 1135 1739 μοίρᾳ
1173 1682 1245 1723 καί
1268 1684 1338 1736 τῆς
1367 1680 1470 1737 πρὸς
1490 1679 1541 1724 ul
1569 1684 1666 1735 βελ-

336 1788 365 1822 3.
392 1786 444 1825 εἰς
466 1784 545 1820 add.
570 1785 618 1819 M.
644 1790 727 1820 ante
751 1784 890 1822 otiatus

244 1907 347 1932 curae
373 1903 483 1933 erant.
531 1897 605 1941 Qui
629 1902 837 1937 cernentes,
870 1907 930 1930 eos
953 1896 1050 1929 bello
1083 1907 1190 1941 quam
1225 1905 1311 1941 pace
1347 1895 1498 1939 gaudere
1528 1896 1662 1939 magis,

243 1957 320 1978 cum
344 1945 452 1979 toties
473 1955 578 1987 super
602 1953 642 1975 ea
667 1944 804 1986 rogati,
833 1942 878 1975 ad
897 1941 1066 1976 obtentus
1089 1942 1259 1986 quosdam
1285 1946 1322 1976 et
1339 1951 1458 1974 causas
1481 1951 1663 1974 commen-

242 1993 342 2024 titias
375 1989 627 2034 confugerent,
666 1988 866 2021 revertendi
899 1992 1111 2032 potestatem
1147 1990 1358 2032 petiverunt.
1405 1987 1451 2020 At
1482 1987 1559 2019 istis
1596 1997 1664 2020 nec

243 2037 312 2070 hoc
335 2037 533 2070 conducere
557 2036 672 2068 visum
701 2039 772 2074 est,
798 2038 838 2066 ut
862 2033 1008 2078 digressi
1035 2034 1199 2066 monachi
1223 2034 1318 2077 ipsos
1340 2033 1449 2073 belli,
1482 2033 1666 2068 cautam-2

243 2093 368 2116 zenum
400 2082 495 2126 pacis
527 2086 705 2112 auctorem
731 2079 976 2124 praedicarent
1011 2080 1331 2124 testimoniumque
1367 2079 1523 2118 ferrent,
1557 2079 1662 2111 illum

243 2128 405 2162 iustitiae
420 2131 669 2160 momentanea
697 2130 732 2158 et
756 2125 977 2158 universitati
1006 2124 1185 2159 fructuosa
1210 2124 1404 2169 postulare.
1459 2125 1540 2157 Non
1565 2126 1663 2158 enim

246 2173 459 2220 quibusdam
482 2172 622 2206 levibus
649 2171 857 2204 ratiunculis
883 2180 1005 2203 usuros
1029 2169 1311 2208 arbitrabantur,
1351 2169 1482 2214 quibus
1509 2171 1662 2214 populos

244 2219 497 2264 perturbarent
520 2223 628 2262 atque
652 2216 697 2249 ad
721 2226 816 2248 arma
839 2216 1092 2255 incenderent,
1123 2226 1200 2248 cum
1227 2216 1296 2260 ipsi
1322 2226 1365 2248 ex
1392 2216 1558 2249 instituto
1584 2214 1662 2248 bla-

246 2271 388 2298 terones
413 2264 584 2311 quosdam
599 2262 809 2296 subornatos
825 2271 888 2306 per
902 2261 1033 2305 oppida
1056 2260 1285 2300 dimisissent,
1312 2262 1372 2306 qui
1389 2262 1663 2306 proclamarent,

247 2311 528 2344 Cantacuzenum
553 2308 599 2341 ab
622 2308 804 2340 atulitione
839 2308 933 2350 pacis
957 2306 1149 2340 abhorrere
1174 2312 1210 2339 et
1232 2307 1374 2347 minari,
1403 2318 1439 2340 se
1466 2307 1578 2340 relata
1604 2307 1662 2341 vi-

247 2358 358 2389 ctoria
381 2356 602 2400 imperatoris
629 2353 760 2386 liberos
785 2353 958 2386 factm-um
990 2352 1157 2385 mortales
1188 2353 1428 2393 miserrimos,
1462 2363 1502 2384 ac
1537 2362 1663 2396 perae—

247 2413 318 2447 que
350 2402 458 2440 εἰὶσε,
487 2404 664 2447 quotquot
691 2409 810 2432 amore
833 2398 991 2431 iustitiae
1015 2409 1077 2442 pro
1101 2399 1188 2440 ipsis
1215 2403 1334 2431 contra
1357 2409 1395 2432 se
1415 2398 1661 2443 pugnaverint.

246 2447 451 2480 Incitabant
473 2447 581 2490 igitur
603 2445 779 2489 populos,
812 2448 852 2476 ut
874 2444 1027 2476 filiorum
1061 2444 1283 2486 imperatoris
1319 2445 1389 2476 iam
1424 2445 1664 2488 orphanorum

246 2493 358 2525 vicem
392 2492 572 2532 dolentes,
607 2490 652 2522 ab
678 2501 796 2522 eorum
825 2489 1000 2532 capitibus
1037 2487 1192 2521 hominis
1226 2490 1372 2522 iniurias
1404 2491 1663 2534 propulsarent.

247 2538 306 2571 Oh
331 2538 400 2570 hoc
422 2538 544 2582 itaque
576 2534 925 2574 commentabantur,
955 2534 1135 2578 quomodo
1163 2535 1254 2567 inter
1277 2535 1467 2568 monachos
1500 2535 1601 2568 litem
1626 2538 1664 2568 et

250 2584 507 2617 dissensionem
545 2586 712 2615 sererent.
761 2581 809 2613 Ac
836 2581 1030 2613 Macarium
1062 2579 1234 2623 quidem,
1267 2580 1402 2614 Laurae
1426 2581 1663 2624 praesectum,

249 2628 512 2672 metropolitam
534 2627 884 2660 Thessalonicensem
910 2625 1153 2670 designantes,
1178 2637 1220 2658 eo
1241 2626 1502 2670 perduxerunt,
1525 2631 1567 2659 ut
1589 2635 1664 2659 non

250 2680 388 2708 tantum
413 2674 458 2706 ab
484 2673 563 2706 aliis
590 2672 766 2705 monachis
796 2671 1006 2710 dissideret,
1037 2681 1170 2715 eosque
1206 2671 1512 2705 Cantacuzenismi
1536 2681 1663 2715 argue·

253 2726 321 2762 ret,
341 2721 446 2768 (quia
474 2718 643 2752 nimirum
677 2718 826 2752 amicum
852 2717 898 2751 ob
925 2727 1018 2751 arma
1047 2719 1247 2752 communia
1272 2719 1432 2764 periculo
1455 2716 1663 2756 conflictam
