1800 3138
537 178 918 222 msTomARUM
957 183 1030 222 ιιι.
1060 182 1129 226 ao.
1430 179 1541 235 279

97 279 195 320 ου’δὲ
223 279 487 321 τῶνλοιπαῖν
507 278 738 332 Ῥωμαιων
766 279 866 322 οὐδὲ
892 275 962 330 εἷς.
1020 281 1239 338 Μακρηνῷ
1264 279 1345 335 γάρ
1375 280 1627 334 πρῶτονᾼᾯ.
1648 289 1735 335 ¹34²

97 344 290 399 χρήματά
326 360 442 393 τινας
482 342 767 400 εἰσπράττοντι
808 345 1040 401 γεωργοὺς,
1087 346 1228 400 ὀλίγον
1269 348 1390 388 ἕνεκα
1418 343 1540 388 ’ἐδού-

95 413 248 458 λευσας
270 411 454 463 μισθοῦ,
511 410 585 452 καί
608 416 697 465 μετ’
721 414 876 454 ἐκεῖνον
904 409 1078 467 ἄρχοντι
1117 413 1173 470 τῶ
1201 410 1419 469 Νικολάω,
1445 411 1574 453 τῶνΡ-
1591 413 1660 448 502

97 474 239 516 αὐτῶν
260 472 432 532 κάκείνω
452 478 640 535 ἐχομένω
670 476 1026 532 ἐπιτηδευμάτων,
1057 494 1126 519 και
1154 480 1277 535 τρίτω
1303 479 1398 531 μετ’
1429 475 1583 520 ἐκεί-Ὗ·
1594 475 1662 520 404

67 537 192 588 5νους
210 541 268 597 τεῦ
279 542 504 599 Στρατηγῷ
522 543 815 601 ω’νομασμένω,
844 559 939 621 περι
968 542 1067 593 τούς
1097 539 1204 593 α’λας
1231 545 1304 585 καί
1330 542 1406 597 την
1435 543 1539 584 ἑκεί-

94 622 175 647 νων
215 604 409 648 διάθεσιν
441 607 709 666 ησχολημέιω
736 609 850 662 τότε,
890 607 935 651 ὃν
963 626 1031 652 και
1062 617 1147 658 τοῖς
1176 610 1298 660 ἰδίοις
1323 609 1540 664 χρήμασιν

93 669 252 722 ἑξώσας
287 675 360 727 τῆς
386 669 549 728 ἀρχῆς,
590 677 809 728 διαβολαῖς
835 678 909 717 καί
935 678 1236 731 συκοφαντίαις
1262 678 1335 718 καί
1363 672 1539 728 ψεύδεσι

90 737 259 792 μυρίοις
289 737 363 778 καί
385 738 614 793 ἐπιορκίαις
644 747 737 790 ταῖς
766 741 909 797 φίλαις
938 740 1202 797 χρησάμενος
1229 740 1333 796 πρὸς
1359 742 1537 793 βασιλέα

91 803 165 843 τὸν
193 801 472 858 πρεσβύτερον
506 805 792 859 Ἀνδρόνικον,
821 806 948 856 αὐτὸς
992 802 1137 861 ἄρχων
1174 803 1429 861 ἀπεδείχθης
1456 809 1537 849 τῶν
1587 840 1593 843 -

44 868 218 914 zoam».
273 869 347 911 καί
375 872 507 925 μέχρι
543 871 690 914 τούτου
729 888 797 914 σοι
836 872 888 914 τὰ
928 874 1003 927 τῆς
1033 873 1259 928 εὐημερίας
1285 871 1394 927 ἔστη.
1449 889 1536 914 κιν-

91 933 306 976 δυνεύοντι
345 937 392 978 δὲ
425 932 505 991 ἤδη
535 938 767 980 ἀπολέσθαι
799 937 869 980 διὰ
900 942 983 980 τῶν
1010 937 1175 994 τρόπων
1204 938 1280 992 την
1308 937 1535 992 σκαιότητα

90 1001 165 1041 καί
197 1001 438 1057 μοχθηρίαν
474 1005 547 1045 καί
588 1002 633 1045 τό
667 1002 867 1058 χρήματα
900 1007 1033 1059 μυρία
1063 1005 1121 1062 τῷ
1148 1005 1335 1060 δημοσίῳ
1364 1000 1533 1059 ὄφλειν,

91 1065 112 1108 ὃ
150 1065 351 1120 ἡμέτερος
386 1066 586 1121 βασιλεύς
621 1069 643 1111 ὅ
674 1068 1024 1125 Καντακουζηνὸς
1050 1068 1284 1125 Συργιάννη
1315 1071 1575 1124 δεηθέντοςΒ

90 1131 360 1186 παραλαβών,
388 1134 434 1184 ἐξ
464 1131 614 1187 οἷτίμου
644 1137 718 1176 καί
735 1138 1131 1191 καταφρονουμένου
1162 1138 1430 1190 περίβλεπτον
1460 1149 1534 1174 πε-

41 1195 254 1251 ι5ποίηκεν
282 1198 360 1239 οὐκ
394 1200 440 1241 ἐν
465 1204 640 1257 μακρῷ·
700 1203 758 1242 δι’
783 1199 815 1242 οἳ
843 1201 916 1243 καί
941 1204 1026 1243 τῶν
1052 1201 1349 1255 εὖγενεοτὲρων
1381 1199 1458 1240 οὐκ
1487 1200 1531 1240 o’-

86 1265 194 1318 λίγοι
236 1258 421 1318 ἤχθοντο
461 1267 631 1314 δικαίως
667 1266 740 1308 καί
774 1267 1103 1321 ἐδυσχέραινον,
1144 1263 1212 1307 ὅτι
1248 1264 1323 1308 τὸν
1353 1262 1532 1321 μηδενὸς

88 1324 205 1381 ἄξιον
232 1329 424 1383 μεγάλων
450 1333 575 1373 τινῶν
602 1333 753 1386 η’ξάυσε
780 1333 854 1375 καί
883 1332 1153 1383 θαυμασίων.
1212 1326 1271 1373 ὧν
1299 1330 1375 1386 την
1403 1331 1531 1383 ὑπερ-

85 1393 215 1450 βολήν
241 1397 340 1439 οὐδὲ
364 1395 488 1446 αὐτὸς
521 1399 665 1454 φέρειν
693 1397 899 1454 δυνηθείς,
928 1396 1032 1440 κατα
1060 1400 1135 1439 τοῦ
1160 1397 1269 1450 μετά
1295 1397 1397 1439 θεὸν
1425 1395 1531 1437 πλά-

86 1476 235 1509 σαντος
271 1461 346 1503 κατ’
379 1464 426 1503 ἐκ
463 1466 638 1519 κοπρίας
678 1461 980 1518 ἀναγαγόντος,
1016 1460 1155 1518 ὥσπερ
1193 1462 1215 1505 ὅ
1255 1461 1397 1505 Σατὰν
1423 1459 1530 1503 κατὰ

34 1528 190 1566 Ἄοθεοῦ
216 1523 397 1579 πόλεμον
422 1528 660 1582 κεκίνηκας,
701 1528 748 1570 τὸ
779 1529 961 1583 ὑπήκοον
988 1527 1302 1581 ἐκπολεμώσας,
1360 1525 1530 1582 προφά-

87 1607 152 1634 σει
178 1594 281 1645 μὲν,
311 1589 450 1648 ὥσπερ
478 1596 644 1646 ἐκεῖνος,
677 1597 752 1636 τοῦ
780 1594 982 1649 πρόνοιάν
1011 1612 1103 1636 τινα
1133 1595 1274 1637 αὐτῶν
1301 1596 1532 1645 ποιεῖσθαι,

87 1659 136 1714 τῇ
165 1659 205 1699 d’
232 1658 408 1716 ἀληθείᾳ
436 1662 607 1715 φθονῶν
634 1661 779 1709 αὐτοῖς
806 1662 881 1714 τῆς
900 1663 1123 1715 σωτηρίας.
1180 1661 1254 1700 καί
1279 1660 1354 1699 νῦν
1376 1656 1533 1708 ἔξεστιν

86 1720 201 1780 ὄρᾷν,
230 1722 288 1772 ὥς
316 1721 506 1776 αἱμάτων
531 1727 610 1778 μὲν
638 1726 918 1782 ἀνθρωπίνων
944 1727 1172 1782 ἐνέπλησας
1197 1722 1272 1772 τὰς
1292 1722 1432 1774 πόλέίς
1449 1722 1530 1764 πά-

85 1804 163 1840 σας
193 1787 441 1844 (Ρωμαίωιν
500 1792 765 1848 δεσμωτήρια
798 1793 858 1845 δὲ,
887 1791 1026 1834 καίτοι
1053 1790 1158 1848 πρὸς
1185 1798 1274 1841 τοῖς
1300 1786 1398 1833 οὖσι
1425 1794 1567 1832 πολ-0

179 1871 212 1904 5.
239 1869 490 1916 ὄνομασμένῳ
514 1870 550 1905 Ρ.

86 1939 252 1983 agricolis
276 1940 440 1984 cogenti,
463 1941 722 1974 mercenariam
748 1939 885 1974 dedisti
913 1950 1084 1984 operam;
1113 1944 1149 1973 et
1173 1943 1257 1985 post
1280 1938 1385 1972 illum
1418 1947 1526 1984 prae-⁸

85 1987 182 2020 fecto
207 1986 381 2027 Nicolao,
406 1989 507 2021 cuius
531 1986 628 2020 idem
654 1987 862 2020 institutum
888 1987 978 2020 fuit:
1005 1991 1043 2020 et
1068 1986 1179 2019 tertio
1205 1989 1287 2029 post
1313 1986 1398 2019 illos
1424 1986 1525 2019 Stra-

84 2037 167 2076 tego
205 2032 416 2078 appellato,
449 2034 534 2068 salis
566 2034 744 2074 curatori3
785 2045 894 2079 quem
932 2038 974 2067 ut
1009 2037 1157 2077 argento
1183 2043 1248 2066 suo
1273 2038 1310 2066 et
1333 2033 1526 2066 calumniis

85 2091 125 2112 ac
157 2079 402 2125 sycophantiis
437 2080 611 2125 milleque
641 2080 840 2114 mendaciis
875 2091 917 2113 ac
948 2080 1118 2125 periuriis
1155 2078 1226 2111 tibi
1249 2079 1392 2113 usitatis
1417 2089 1525 2123 prae-

85 2125 223 2159 fectura
248 2126 345 2170 apud
368 2127 629 2180 imperatorem
649 2127 895 2161 Andronicum
922 2127 1100 2160 seniorem
1126 2125 1314 2169 depulisti,
1337 2127 1417 2170 ipse
1442 2136 1523 2158 eam

84 2183 122 2205 es
157 2178 380 2211 consecutus
436 2176 554 2220 Atque
579 2173 632 2206 ibi
664 2174 790 2207 felices
813 2175 869 2207 tui
903 2183 1087 2206 successus
1120 2172 1373 2209 constiterunt.
1431 2171 1522 2205 Cum

82 2220 152 2252 iam
181 2224 330 2264 propter
352 2231 469 2253 mores
495 2226 650 2263 agrestes
689 2224 726 2253 et
751 2219 935 2266 improbos
971 2226 1008 2253 et
1041 2219 1185 2252 infinita
1221 2220 1392 2258 nomina,
1425 2228 1521 2263 quae

81 2266 231 2309 publice
256 2264 440 2307 debebas,
465 2268 535 2301 tibi
559 2266 784 2311 pereundum
814 2273 931 2306 esset,
958 2267 1158 2311 imperator
1181 2270 1306 2299 noster
1342 2265 1523 2299 Cantacu-

82 2324 214 2353 zenus,
250 2313 447 2357 Syrgianne
478 2315 646 2358 parario,
689 2320 726 2346 te
760 2313 979 2346 inhonorum
1015 2323 1161 2356 prorsus
1199 2316 1236 2344 et
1275 2317 1520 2367 contemptum

78 2359 182 2393 brevi
208 2361 440 2405 conspicuum
468 2359 652 2400 reddidit,
675 2370 750 2392 non
776 2361 899 2404 paucis
923 2359 968 2392 de
992 2359 1188 2393 nobilitate
1212 2357 1251 2391 id
1287 2358 1518 2414 iniquissime

78 2406 307 2440 ferentibus:
335 2411 371 2439 et
394 2408 472 2440 iure
497 2407 668 2452 quidem,
693 2406 792 2452 quod
830 2406 1014 2439 hominem
1059 2405 1196 2439 nullius
1231 2405 1341 2449 pretii
1387 2404 1516 2461 amplis

78 2453 296 2498 quibusdam
322 2458 360 2486 et
383 2454 524 2487 eximiis
559 2454 780 2487 ornamentis
817 2453 1038 2494 cumularet3
1073 2461 1226 2498 quorum
1263 2452 1519 2496 praestantiam

78 2510 158 2532 cum
188 2510 256 2533 nec
293 2501 372 2542 ipse
405 2511 527 2544 posses
551 2503 669 2540 ferre,
693 2499 861 2533 adversus
888 2510 995 2538 eum,
1021 2499 1085 2543 qui
1111 2503 1147 2530 te
1178 2497 1375 2531 secuudum
1401 2499 1519 2532 Deum

79 2546 347 2590 quodammodo
373 2546 477 2580 finxit
501 2552 537 2580 et
561 2548 606 2580 de
631 2550 788 2580 stercore
813 2547 949 2586 crexit,
975 2546 1074 2578 velut
1100 2544 1210 2578 Satan
1239 2550 1361 2578 contra
1400 2546 1518 2579 Deum

79 2602 177 2626 arma
200 2593 366 2631 movisti,
401 2605 480 2627 cum
507 2594 689 2627 subiectos
721 2593 762 2626 in
798 2593 900 2626 illum
941 2591 1186 2631 exacerbasti,
1224 2592 1369 2636 specie,
1412 2591 1518 2638 quasi

78 2637 152 2671 iuis
181 2639 409 2679 consuleres,
451 2651 530 2672 cum
559 2651 682 2672 revera
707 2640 858 2672 salutem
886 2639 973 2683 ipsis
1000 2644 1036 2671 et
1060 2638 1346 2672 incolumitatem
1371 2638 1518 2671 invide-

77 2696 142 2717 res.
193 2685 238 2718 Et
271 2695 367 2718 nunc
391 2688 429 2719 in
454 2687 645 2731 propatulo
671 2691 744 2723 est.
781 2684 963 2733 quomodo
994 2684 1152 2717 humano
1185 2685 1358 2728 sanguine
1391 2694 1516 2719 omnes

77 2731 316 2765 Romanorum
356 2733 520 2767 civitates
562 2733 755 2777 repleveris
846 2733 1040 2770 Carceres,
1079 2733 1242 2775 quamvis
1250 2709 1392 2764 ¹⁵multo
1432 2732 1517 2776 plu-

77 2787 159 2820 rcs,
186 2788 293 2823 quam
344 2785 468 2821 erant,
499 2779 563 2813 abs
598 2786 633 2814 te
660 2778 857 2813 constructi
881 2779 972 2819 sint,
1011 2778 1213 2812 vinctorum
1244 2777 1518 2813 multitudinem
