1800 3138
278 185 312 221 2
322 165 394 221 56
805 184 1175 228 CANTAcqum

81 285 554 339 Δ.0.ι34ειστρατόπεδον
590 282 831 340 ἐπόρθησαν
869 290 948 329 τῶν
990 290 1219 340 πολεμίων,
1248 288 1320 329 καί
1346 287 1481 329 ἳππων
1508 301 1553 329 τε
1581 287 1704 343 ἐκρά-

274 366 406 404 τησαν
449 346 524 391 οὔκ
554 345 700 404 ὀλίγων
737 354 809 393 καί
847 355 920 406 τῆς
957 347 1083 407 ἄλλης
1121 348 1355 406 ἀποσκευῆς
1394 354 1467 407 τῆς
1496 353 1707 406 στρατιᾶς.

275 414 630 469 ἐλευθερώσαντες
659 417 705 456 δὲ
734 419 807 458 καί
831 420 903 471 τῆς
935 416 1172 471 πολιορκίας
1200 415 1299 466 τούς
1326 418 1371 459 ἐν
1398 418 1588 473 Ἐδέσσῃ,
1627 412 1708 458 αὖ-

273 482 344 528 θις
373 479 609 533 α’νεχώρουν
649 482 706 530 εἰς
737 482 1052 536 Θεσσαλονίκην.
1108 483 1152 523 ἐν
1181 474 1214 538 ᾧ
1243 483 1291 523 δὲ
1320 480 1372 523 τοὶ
1414 483 1587 523 τοιαῦτα
1619 482 1707 522 ἑτε-

278 549 385 586 λεῖτο
405 576 416 598 ,
463 546 535 585 καί
563 547 646 586 τῶν
674 545 861 597 νομάδων
895 548 1111 601 Τριβαλῶν
1149 562 1210 594 τις
1248 548 1346 600 περὶ
1371 544 1610 600 Πρόσοικον
1650 541 1733 586 οἷ·5

276 611 357 650 κῶν
377 610 420 650 ἐν
438 610 552 665 κώμῃ
580 613 653 651 τοῦ
680 612 818 662 Δαβίδ
843 611 1254 667 προσαγορευομένῃ,
1300 609 1532 663 Τζιμπάνος
1559 604 1704 662 ὄνομα,

276 672 329 715 τοὶ
360 673 456 729 περὶ
484 673 830 730 Καντακουζηνὸν
855 674 926 718 τὸν
952 678 1129 728 βασιλέα
1158 677 1203 718 ἐν
1230 678 1271 717 Γ
1269 675 1570 732 υναικοκάστρῳ
1599 691 1707 726 συμ-

277 738 408 792 βάντα
434 741 692 793 πεπυσμένος
713 774 725 793 ,
766 741 856 783 ἐπεὶ
890 744 987 796 παρ’
1025 742 1138 798 αὐτῷ
1167 741 1206 782 οἱ
1235 742 1425 794 πρέσβεις
1453 742 1706 790 έξενίζοντο.

279 803 353 854 οὒς
392 806 593 860 πρότερον
630 803 789 859 ἔπεμψε
830 807 930 861 πρὸς
959 806 1134 862 Κράλην
1176 807 1351 848 κελεύων
1385 807 1575 858 ἐμμένειν
1612 810 1705 853 ταῖς
1734 860 1735 863 ¹

277 872 476 919 σπονδαῖς
503 878 595 919 ταῖς
622 870 726 926 πρὸς
753 871 883 912 αὐτὸν
903 903 915 924 ,
946 871 988 913 οἳ
1015 870 1333 919 Κωνσταντῖνός
1359 887 1404 912 τε
1430 867 1538 925 ἦσαν
1570 869 1590 911 ὅ
1605 874 1758 912 ssot-10

147 935 268 983 V·394
281 933 512 988 λαιολόγος,
541 934 615 990 τὴν
643 932 762 986 ἀξίαν
789 934 1131 990 πρωτοσεβαστὸς
1147 968 1159 989 ‚
1188 938 1261 977 καί
1281 935 1495 990 Ἀρσένιος
1522 934 1706 986 ὃΤζαμ-

208 1054 213 1058 ‚
276 1000 455 1041 πλακων·
486 1002 584 1055 περὶ
606 998 776 1049 τούτους
797 999 845 1055 δὴ
876 1001 898 1041 ὃ
922 999 1155 1054 Τζιμπάνος
1171 1003 1438 1055 βαρβαρικῶς
1473 997 1704 1050 διατεθεὶς,

152 1072 187 1106 Ρ.
199 1072 267 1118 489
279 1064 351 1106 καί
375 1066 511 1108 ἵππων
538 1068 619 1107 τῶν
646 1063 825 1119 α’γόντων
852 1065 1117 1120 ἐπιθυμήσας
1146 1068 1219 1108 καί
1245 1068 1316 1119 τῆς
1342 1059 1470 1119 ἄλλης
1500 1065 1706 1106 ἀποσκευ-

278 1132 328 1184 ἧς
355 1126 478 1185 οἷὲσης
519 1131 592 1172 οὐκ
620 1130 781 1186 ὀλίγης,
826 1129 913 1184 ἅμα
957 1132 1124 1180 ἐκείνοις
1163 1133 1237 1173 καί
1274 1132 1395 1173 τέκνα
1422 1129 1496 1171 καί
1521 1135 1692 1184 γυναῖκα

278 1197 351 1239 καί
374 1195 643 1250 βοσκήματα,
674 1195 702 1237 οἳ
732 1193 782 1250 ἦν
808 1198 924 1251 αὐτῷ
950 1195 1167 1251 περιουσία
1184 1229 1196 1249 ‚
1224 1193 1500 1249 παραλαβών,
1527 1187 1757 1250 nummi-15

277 1266 375 1315 λησε
406 1259 509 1315 πρὸς
543 1263 673 1314 μέγαν
702 1263 827 1302 δοῦκα
869 1262 913 1302 ἐν
954 1262 1230 1318 Θεσσαλονίκῃ
1265 1261 1338 1302 καί
1371 1259 1470 1310 τούς
1502 1262 1706 1313 βασιλέως

277 1320 535 1380 πρεσβευτὰς
564 1323 700 1382 ὥσπερ
740 1342 781 1368 τι
811 1328 944 1382 δῶρον
984 1325 1216 1381 προσήγαγε
1245 1326 1474 1378 δεσμώτας.
1529 1324 1549 1365 ὃ
1580 1326 1626 1366 δὲ
1654 1319 1705 1365 t'ae‘-

277 1407 354 1445 γαν
379 1391 645 1446 ὖπερησθείς,
685 1390 754 1433 τὸν
796 1393 872 1444 μὲν
896 1389 1111 1446 βάρβαρον
1140 1393 1328 1445 ἠμείβετο
1358 1393 1609 1446 φιλοτίμως,
1640 1391 1703 1431 οἰ-

278 1459 377 1498 κιῶν
406 1456 555 1497 αὐτίκα
583 1457 655 1498 καί
681 1456 859 1510 κτήσεων
883 1457 1097 1510 μεγάλων,
1128 1456 1175 1497 αἳ
1194 1457 1495 1508 Τζαμπλάκωνι
1524 1450 1630 1509 ἦσαν
1657 1456 1701 1496 έν

281 1521 559 1578 Θεσσαλονίκῃ
578 1555 589 1574 ,
621 1519 762 1575 κυρῶν
791 1521 1026 1572 ἀποδείξας.
1081 1523 1140 1570 εἷς
1166 1520 1262 1570 τούς
1291 1519 1501 1574 δεσμώτας
1529 1522 1574 1562 δὲ
1603 1519 1754 1574 πρό-20

278 1601 398 1640 τερον
429 1585 555 1634 αὐτὸς
585 1588 638 1626 δι’
684 1582 838 1627 ἑαυτοῦ
872 1584 1008 1637 >πολλὰ
1040 1586 1261 1641 ἐνυβρίσας
1297 1585 1369 1627 καί
1394 1587 1532 1627 πᾶσαν
1549 1586 1704 1627 ἐπιδει-

278 1650 450 1703 ξάμενος
492 1649 679 1706 πικρίαν,
722 1649 1062 1705 πρωτοσεβαστὸν
1087 1651 1165 1702 μὲν
1191 1651 1377 1692 ἐκέλευεν
1407 1651 1465 1699 εἷς
1493 1649 1703 1703 δεσμωτή-

241 1718 268 1751 Β
284 1731 372 1771 ριον
401 1714 595 1770 α’πάγειν,
639 1713 952 1769 Τζαμπλάκωνα
981 1716 1026 1756 δὲ
1053 1722 1138 1764 τοῖς
1164 1714 1439 1770 τριηράρχαις
1459 1714 1700 1769 παρεδίδου,

284 1781 340 1829 ὥς
365 1780 453 1834 ἅμα
480 1787 564 1830 τοῖς
589 1780 760 1829 ναύταις
788 1778 969 1830 α’τάκτως
1009 1782 1309 1835 ένυβρίσουσγιν.
1364 1778 1402 1821 οἱ
1423 1781 1477 1824 ,δὲ
1503 1781 1575 1821 ἐπὶ
1598 1781 1700 1831 μιάν

281 1848 364 1889 τῶν
386 1849 589 1902 τριηρέων
617 1843 909 1900 ἀναγαγόντες,
940 1847 1013 1887 καί
1037 1849 1113 1887 τοῦ
1140 1844 1274 1900 δήμου
1300 1843 1447 1899 σχεδὸν
1477 1847 1560 1887 τῶν
1588 1844 1748 1887 &so-25

373 1973 407 2006 6.
436 1971 619 2012 Τζιπάνος
648 1972 681 2005 Ρ.
705 1971 765 2005 hic
788 1976 826 2006 et
852 1972 956 2005 infra.

283 2079 574 2113 Thessalonicam
611 2079 767 2112 reditum
805 2083 868 2112 est.
917 2080 1056 2112 Interea
1090 2079 1275 2124 pecuarius
1312 2077 1458 2123 quidam
1491 2077 1696 2119 Triballus,

281 2127 382 2158 iuxta
406 2126 589 2158 Prosacum
615 2127 653 2159 in
676 2126 753 2158 vico
777 2125 922 2158 navidis
951 2130 1156 2169 nuncupato
1181 2124 1369 2165 habitans,
1414 2124 1602 2168 Zimpanus
1626 2135 1714 2158 no--
1738 2160 1741 2163 ,

281 2172 398 2211 mine,
423 2172 576 2213 auditis,
601 2182 693 2217 quae
713 2172 961 2205 Cantacuzeno
986 2171 1081 2215 apud
1106 2171 1425 2214 Gynaecocastrum
1453 2170 1697 2215 contigissent,

281 2223 471 2263 postquam
495 2218 540 2251 ad
564 2229 600 2251 se
624 2218 756 2261 legati,
793 2228 881 2262 quos
904 2218 966 2250 ille
992 2216 1037 2249 ad
1056 2217 1192 2249 Crnlem
1218 2215 1372 2249 foederis
1398 2216 1560 2249 servandi
1586 2217 1694 2249 mise-

282 2269 360 2303 rat,
389 2264 610 2298 diverterunt
633 2264 750 2307 (erant
774 2268 893 2295 autem
909 2264 1161 2296 Constantinus
1183 2262 1431 2307 palaeologus,
1457 2262 1593 2296 honore
1611 2271 1696 2307 pro-

282 2310 494 2351 tosebastus‚
520 2316 556 2343 ct
579 2310 746 2343 Arsenius
769 2310 980 2354 Za1nplaco‚)
1003 2308 1184 2342 barbarico
1207 2309 1246 2341 in
1271 2318 1330 2341 eos
1356 2309 1474 2341 furore
1502 2313 1697 2352 correptus,

283 2361 320 2388 et
343 2367 465 2389 eorum
496 2368 604 2401 equos
644 2356 898 2400 reliquumque
931 2360 1136 2399 apparatum
1159 2365 1232 2386 non
1265 2354 1444 2387 modicum
1468 2355 1539 2388 sibi
1563 2365 1695 2387 concu-

282 2402 445 2445 piscens,
474 2413 553 2435 cum
578 2402 650 2435 illis
667 2426 676 2442 ,
704 2403 790 2435 item
815 2412 893 2434 cum
918 2402 1023 2440 filiis,
1059 2411 1167 2433 uxore
1195 2405 1231 2432 ct
1254 2400 1444 2441 iumentis,
1479 2410 1571 2446 quae
1595 2403 1697 2433 erant

285 2448 361 2479 eius
386 2448 552 2489 divitiae,
586 2447 629 2480 ad
655 2459 817 2493 magnum
844 2447 968 2480 ducem
992 2445 1282 2479 Thessalonicam
1308 2447 1516 2492 transfugit,
1539 2447 1698 2490 impera-

279 2494 367 2525 toris
393 2494 526 2537 legatos
550 2494 703 2527 vinculis
727 2494 935 2527 constrictos
968 2492 1006 2524 in
1038 2493 1193 2524 muneris
1220 2492 1298 2524 loco
1333 2494 1447 2530 offert,
1493 2493 1542 2525 Ea
1567 2502 1605 2525 re
1631 2502 1696 2524 ve-

283 2538 469 2572 hementer
496 2541 674 2573 exsultans
689 2538 927 2584 'Apocauchus
951 2537 1140 2571 barbarum
1165 2537 1362 2571 honorifice
1387 2539 1522 2579 donat,
1557 2537 1698 2571 statim-

283 2595 353 2628 que
379 2585 520 2617 aedium
547 2590 582 2618 et
609 2586 892 2630 possessionum,
929 2595 1015 2629 quas
1048 2583 1323 2617 Thessalonicae
1356 2585 1537 2630 Zamplaco
1561 2582 1694 2626 amplas

281 2629 441 2663 habebat
455 2655 462 2669 ‚
487 2631 670 2664 dominum
687 2632 880 2664 constituit.
914 2630 957 2663 Et
973 2640 1051 2661 cum
1071 2629 1109 2662 in
1125 2630 1262 2662 vinctos
1285 2632 1384 2675 prius
1408 2633 1559 2676 ipsemet
1580 2629 1693 2661 multa

281 2686 346 2720 per
370 2687 539 2708 summam
557 2677 809 2710 contumeliam
833 2676 1062 2715 evomuisset,
1086 2676 1370 2719 protosebastum
1392 2676 1534 2722 quidem
1559 2675 1598 2707 in
1617 2684 1694 2707 car-
1721 2674 1733 2702 Γ

283 2731 396 2754 cerem
423 2721 551 2754 abduci
579 2724 784 2767 praecepit,
809 2722 1076 2767 Zamplaconem
1100 2721 1302 2755 trierarchis
1328 2722 1492 2762 dedidit,
1513 2726 1555 2755 ut
1577 2719 1621 2752 ab
1646 2719 1692 2752 iis
1729 2719 1731 2722 ⁴

283 2771 320 2802 et
341 2767 533 2813 remigibus
558 2768 754 2803 insolenter
777 2773 973 2806 vexaretur.
1022 2766 1138 2812 Quem
1162 2768 1201 2801 in
1238 2779 1342 2803 unam
1375 2770 1554 2804 triremem
1579 2764 1694 2800 abdu-
