1800 3132
241 163 256 169 ι
287 121 356 176 50
805 131 1173 181 CANTAcquNl

87 253 168 291 An,
184 254 266 299 134.
280 235 484 293 οὔθ’ὖμῖν
506 239 734 294 συμφέρον,
753 239 938 281 ἐνταῦθα
961 236 1195 294 καθήμενον
1210 240 1406 297 περιορᾷν
1427 237 1524 287 τοὺς
1544 241 1713 293 πολεμί·

284 323 356 356 ους
370 303 468 354 τούς
493 302 645 360 α’γρούς
658 306 829 358 πορθεῖν
846 302 945 353 τούς
965 303 1189 359 ἡμετέρους
1209 303 1282 346 καί
1294 301 1370 353 τας
1387 301 1528 352 πόλεις
1551 307 1715 360 πολιορ-

284 377 368 413 κεῖν
389 372 461 412 καί
481 370 907 424 ἐξανδραποδίζεσθαι
931 368 1028 418 τούς
1055 367 1386 426 ἐπυχάνοντας,)
1400 370 1608 424 μηδεμίαν
1627 370 1716 411 δοῦ-

284 453 353 479 ναι
381 436 525 492 χώραν
559 440 643 483 τοῖς
665 432 944 491 συκοφάνταις
967 437 1039 476 καί
1061 436 1246 487 λυμεῶσι
1267 436 1337 475 καί
1354 440 1505 484 κοινοῖς
1524 432 1725 490 ἐχθροῖς,’

284 502 354 545 τὸν
376 503 445 542 αἐἰ
456 501 610 556 χρόνον
629 502 812 542 ἐνταῦθα
834 498 1106 553 συνεσόμενον
1132 502 1182 556 τῇ
1193 501 1392 553 βασιλίδι,
1417 495 1524 542 ὥστε
1539 496 1744 556 δὐνηθῆ-5

287 583 357 609 ναι
395 564 651 608 συσκευάσαι
687 567 774 606 κατ’
814 567 918 618 ἐμοῦ
965 563 1163 619 διαβολὰς
1203 565 1276 606 καί
1317 570 1459 606 πεῖσαι
1499 566 1718 619 προσέχειν

290 631 445 684 αὐτοῖς,
465 630 519 679 (ὃς
537 631 676 685 ὀρθῶς
706 632 777 671 καί
801 631 1026 679 λυσιτελῶς
1053 630 1391 682 βουλευομένοις,
1421 631 1493 683 ἐμὲ
1523 632 1568 671 δὲ
1598 631 1720 671 πολέ-

288 712 384 749 μιον
415 696 595 748 νομίζειν
622 697 695 736 καί
719 693 1043 747 ἐπιβουλεύοντα
1074 691 1182 750 αύτῇ
1209 691 1315 748 πρὸς
1341 692 1415 750 τὴν
1435 693 1590 750 ἀρχήν·
1611 690 1719 736 ἀλλὰ

164 771 199 806 P.
215 762 373 817 370‘m3v
402 758 504 816 ὑπὲρ
538 761 642 813 ἐμοῦ
670 760 839 800 δικαίων
869 758 1137 812 ἀντεχόμενον
1163 757 1350 800 διαλύειν
1377 760 1517 808 αὐτοῖς
1541 758 1616 809 τὰς
1641 776 1722 814 μη-

286 825 423 881 χανὰς
449 824 521 867 καί
549 823 786 881 α’πράκτους
815 825 1015 880 καθιστᾷν
1042 821 1118 872 τας
1147 826 1399 879 πανουργίας
1429 823 1619 874 καὶτοὺς
1648 821 1772 865 δό-ιο

288 895 412 945 λους,
443 891 563 932 οὐδὲν
588 892 725 945 ἕτερον
762 889 962 931 πείθοντα
986 887 1061 943 τὴν
1088 891 1310 942 βασιλίδα,
1340 885 1368 945 ἢ
1393 888 1452 944 μὴ
1481 890 1724 945 καταψηφί-

291 958 441 1008 ζεσθαι
465 952 638 1003 ἀπόντος
650 988 661 1007 ,
695 952 801 996 α’λλὰ
818 956 1017 1008 κληθέντα
1039 952 1140 1009 πρὸς
1160 952 1235 1009 τήν
1260 955 1375 1009 δίκην
1393 953 1465 996 καί
1485 956 1635 1010 καιροῦ
1653 971 1725 996 τυ·-

290 1018 417 1075 χόντα
445 1018 549 1074 πρὸς
581 1020 806 1072 ἀπολογίαν
823 1053 835 1072 ‚
871 1014 898 1073 ἢ
929 1018 1179 1060 διαλύεσθαι
1207 1017 1256 1060 τοὶ
1287 1018 1542 1075 ἐγκλήματα,
1571 1015 1624 1061 ἂν
1651 1016 1726 1060 δύ-

291 1101 428 1139 νωμαι
447 1081 503 1140 ,ἢ
535 1082 700 1126 διδόναι
729 1085 845 1133 δίκας
872 1085 944 1138 τῆς
971 1080 1149 1136 ἀδικίας,
1182 1078 1233 1125 ἂν
1261 1083 1494 1137 ἁλίσκωμαι
1512 1085 1727 1139 ἐπιορκῶν.

292 1152 367 1205 τῆς
397 1147 591 1204 τοιαύτης
619 1150 665 1190 δὲ
692 1150 874 1204 σπουδῆς
901 1150 1019 1190 ἕνεκα
1051 1147 1125 1190 καί
1149 1151 1389 1205 προθυμίας
1414 1148 1462 1191 οὖ
1480 1148 1594 1206 παρὰ
1623 1149 1781 1192 ,9εοῦιό

293 1213 423 1270 μόνου
446 1213 660 1270 λήψεσθαι
676 1212 749 1263 τὰς
773 1210 978 1268 ἀμοιβάς,
1014 1212 1070 1263 ὥς
1096 1214 1201 1270 ὑπὲρ
1230 1213 1394 1271 εἰρήνης
1422 1216 1495 1257 καί
1519 1212 1728 1270 σωτηρίας

292 1283 368 1336 ’τῆς
402 1283 539 1335 κοινῆς
578 1278 650 1321 καί
688 1280 821 1320 αὐτοῦ
865 1281 1153 1321 ἐσπουδακότα
1187 1282 1261 1321 τοῦ
1292 1281 1452 1321 δικαίου
1472 1314 1484 1332 ,
1527 1277 1732 1329 ἀλλὰκαὶ

296 1344 427 1388 αὐτὸν
460 1345 572 1402 αὐτῷ
605 1344 757 1399 πολλὴν
784 1343 965 1399 εἰδήσειν
988 1342 1115 1400 χάριν
1136 1347 1208 1386 καί
1247 1342 1401 1394 πάντας
1428 1343 1525 1394 τούς
1555 1346 1600 1387 ἐν
1627 1341 1729 1402 λόγῳ

297 1411 621 1462 ἐπαινέσεσθαι,
670 1405 734 1450 ὅτι
771 1409 823 1450 τά
868 1408 1105 1465 προστάτου
1144 1415 1260 1450 ποιεῖ’
1291 1411 1364 1452 καί
1398 1409 1621 1464 κηδεμόνος
1649 1411 1732 1451 τῶν

265 1477 483 1529 Βψυχῶν,
516 1474 651 1528 ἔργοις
679 1472 818 1524 αὐτοῖς
847 1473 1204 1528 ἐπιδεικνύμενος,
1239 1475 1294 1524 ὥς
1323 1474 1413 1517 ἔστι
1439 1474 1633 1531 μαθητής
1658 1476 1786 1517 τοῧαο

300 1542 563 1596 εἰρηνοποιοῦ
591 1538 663 1580 καί
688 1541 746 1589 εἰς
779 1538 956 1592 δύναμιν
983 1541 1097 1598 αὐτῷ
1120 1541 1383 1594 ἐξομοιοῦται
1401 1574 1414 1593 ,
1446 1539 1538 1594 τόγε
1568 1542 1627 1589 εἰς
1656 1540 1735 1581 αὕ-

300 1603 372 1647 τὸν
402 1600 517 1660 ἧκον,
551 1607 691 1646 πᾶσαν
718 1603 933 1660 πρόφασιν
961 1607 1143 1658 πολέμου
1171 1607 1378 1661 ἐμφυλίου
1410 1604 1607 1651 διαλύων.
1649 1620 1735 1647 τοι-

302 1671 410 1712 αῦτα
448 1671 521 1711 καί
560 1667 661 1724 πρὸς
700 1667 961 1726 πατριάρχην
989 1672 1266 1725 διειλεγμένου
1295 1672 1370 1712 τοῦ
1398 1668 1584 1726 μεγάλου
1614 1671 1735 1725 δομε-

419 1782 453 1814 3.
488 1778 849 1825 προστυγχάνοντας
873 1780 907 1812 Ρ.

302 1882 372 1915 hoc
404 1885 479 1913 est:
512 1885 553 1913 ut
585 1881 692 1913 simul
725 1892 764 1913 ac
800 1881 960 1914 debuero
993 1882 1080 1915 soris
1118 1882 1253 1916 bellum
1292 1894 1413 1928 gerere
1449 1884 1530 1928 (nec
1555 1883 1651 1916 enim
1679 1883 1737 1922 vel

303 1927 395 1960 mihi
426 1926 663 1960 honorificum
701 1929 758 1960 vel
789 1928 891 1961 vobis
928 1929 1040 1969 utile,
1076 1928 1135 1961 hic
1160 1929 1346 1963 sedentem
1371 1931 1426 1962 abv
1444 1930 1611 1964 hostibus
1635 1939 1736 1974 agros

305 1978 447 2007 nostros
476 1975 607 2006 vastari
629 1999 637 2013 ,
662 1974 824 2006 civitates
849 1974 1028 2014 obsideri,
1053 1975 1178 2010 obvios
1203 1977 1240 2008 in
1266 1978 1475 2009 servitutem
1498 1976 1627 2009 abduci
1653 1986 1738 2019 per-
1786 1997 1797 2002 -

304 2019 477 2063 mittere,)
501 2019 595 2052 nihil
612 2019 682 2052 loci
702 2019 763 2052 des
782 2019 1024 2063 sycophantis,
1051 2020 1261 2055 hominibus
1279 2023 1430 2067 perditis
1451 2029 1488 2056 et
1503 2023 1554 2055 rei
1571 2021 1739 2066 publicae

307 2065 486 2106 inimicis,
514 2068 578 2110 qui
597 2065 656 2097 hic
678 2076 758 2098 cum*
777 2066 932 2109 Augusta
956 2067 1155 2100 versaberis
1181 2079 1343 2113 semper,
1366 2074 1407 2102 ut
1425 2074 1547 2102 contra
1565 2078 1620 2100 me
1639 2068 1741 2101 calu-

306 2113 422 2145 mnias
446 2112 665 2144 comminisci
685 2117 721 2144 et
741 2111 838 2144 illam
854 2111 900 2144 ad
925 2113 1184 2148 obtrectatores
1202 2119 1243 2147 ut
1268 2114 1362 2147 bene
1387 2116 1615 2149 consulentes
1633 2114 1742 2148 audi-

310 2157 438 2198 endos,
463 2168 504 2191 ac
520 2168 576 2189 me
597 2169 663 2201 pro
683 2157 787 2190 hoste
806 2162 843 2189 et
859 2158 1071 2192 insidiatore
1090 2172 1152 2193 suo
1169 2166 1314 2205 propter
1327 2161 1519 2206 imperium
1533 2160 1742 2194 habendum

311 2203 484 2238 inducere
503 2205 637 2248 possis3
667 2203 728 2236 sed
749 2205 803 2236 ius
822 2214 940 2238 meum
956 2211 1099 2247 tueare,
1121 2207 1264 2240 illorum
1284 2207 1465 2244 machinas
1475 2206 1647 2251 dissipes,
1671 2206 1744 2241 cal-

309 2250 491 2284 liditatem
508 2260 549 2282 ac
566 2249 666 2283 dolos
685 2249 841 2283 infirmes
860 2256 897 2283 et
912 2250 980 2284 hoc
993 2253 1105 2285 solum
1121 2253 1237 2287 eidem
1254 2253 1480 2298 persuadeas,
1496 2264 1541 2286 ne
1559 2254 1744 2287 absentem

315 2295 480 2337 damnet,
506 2295 569 2329 sed
589 2297 627 2329 in
642 2295 816 2329 iudicium
832 2302 935 2329 vocet
949 2310 956 2330 ε
983 2305 1023 2332 ut
1036 2304 1177 2343 tempus
1193 2299 1238 2332 ad
1253 2299 1500 2333 defensionem
1518 2305 1657 2340 nactus,
1681 2302 1745 2332 aut

315 2341 458 2375 obiecta
476 2342 651 2383 refellam,
671 2343 701 2374 si
718 2348 843 2386 potero
855 2367 865 2384 ,
888 2349 950 2376 aut
964 2346 993 2377 si
1010 2346 1188 2389 peierasse
1206 2345 1465 2390 deprehendar,
1483 2357 1637 2390 poenam
1655 2343 1743 2379 sub-

317 2398 406 2420 eam.
435 2389 499 2422 Pro
517 2387 583 2420 hac
599 2388 747 2433 impigra
767 2388 954 2433 diligentia
975 2396 1036 2424 tua
1054 2403 1127 2425 non
1142 2392 1249 2425 modo
1263 2404 1283 2425 a
1296 2393 1387 2432 Deo,
1401 2393 1501 2426 velut
1518 2393 1616 2436 pacis
1635 2397 1672 2426 et
1687 2401 1743 2425 sa,-

318 2433 406 2467 lutis
422 2436 618 2468 communis
634 2441 670 2469 et
681 2435 768 2468 iuris
782 2435 854 2468 mei
869 2436 1031 2480 cupidus,
1046 2439 1243 2483 praemium
1257 2439 1410 2483 accipies
1424 2463 1433 2478 ‚
1455 2437 1518 2472 sed
1532 2450 1587 2472 me
1601 2449 1745 2484 quoque

321 2490 431 2526 quam
457 2482 693 2524 gratissimum
717 2482 901 2529 experiere
940 2488 976 2515 et
999 2495 1122 2517 omnes
1149 2483 1317 2518 honorati
1341 2490 1376 2518 te
1402 2484 1622 2524 laudabunt,
1658 2485 1746 2531 quia

323 2536 416 2571 quae
439 2527 678 2571 praepositum
705 2532 977 2573 curatoremque
1002 2531 1200 2564 animarum
1225 2530 1372 2571 decent,
1398 2531 1548 2572 seceris3
1577 2531 1746 2576 factoque

323 2573 402 2615 ipso
438 2578 475 2604 te
517 2574 753 2616 pacificatoris
792 2573 1010 2619 discipulum
1044 2577 1296 2611 demonstraris
1320 2602 1329 2617 ,
1362 2589 1470 2622 quem
1509 2588 1574 2630 pro
1610 2576 1747 2610 viribus

324 2617 487 2658 imitere,
522 2618 624 2657 dum,
656 2624 830 2665 quantum
861 2621 899 2653 in
936 2627 972 2654 te
1009 2628 1063 2655 est
1076 2648 1086 2664 ,
1125 2634 1264 2656 omnem
1299 2622 1388 2656 belli
1425 2623 1539 2656 civilis
1563 2622 1749 2657 materiam

323 2663 436 2698 tollis.
484 2664 547 2697 His
573 2664 676 2699 dictis
703 2678 721 2698 a
747 2677 872 2711 magno
898 2667 1115 2711 domestice,
1137 2668 1334 2714 patriarcha
1358 2674 1551 2703 memorata
1575 2679 1613 2702 se
1637 2668 1750 2703 bene-

326 2709 408 2744 ficia
431 2710 609 2756 accepisse
626 2717 662 2744 et
686 2712 851 2753 omnibus
868 2713 948 2747 aliis
972 2716 1105 2750 maiora
1129 2726 1166 2749 se
1191 2719 1228 2749 et
1250 2715 1429 2761 accepisse
1453 2720 1490 2751 et
1507 2714 1640 2750 debere
1664 2724 1750 2748 con-
