1800 3132
263 167 376 226 366
794 187 1164 233 CANTACUZENJ

63 300 361 344 Α,ο,,3[,3ρους
403 299 450 328 τε
482 287 560 328 -οὕκ
601 288 765 341 ὀλίγους
792 280 910 338 ὄντας
938 288 1012 331 καὶ
1029 286 1126 338 τούς
1155 282 1332 344 ἄλλους,
1375 285 1427 333 ἂν
1454 293 1536 335 τῶν
1565 294 1704 339 οἰκιῶν

258 351 337 404 ἔξω
364 350 515 408 χρόνον
543 352 791 408 διατρίβωσι
818 351 968 395 πολύν
1025 351 1054 408 ἢ
1084 355 1615 413 κατεξαναστὴσονταίσου,
1644 359 1703 411 ῶς

257 416 394 461 ἑκοντὶ
419 421 677 472 βουλομένου
710 420 988 474 διαφθείρειν,
1016 416 1043 475 ἢ
1071 421 1123 462 τά
1151 437 1197 476 γε
1226 419 1423 479 δεύτερα,
1471 421 1523 467 ἂν
1547 428 1702 482 μέτριά

257 482 519 538 δοκιμάζουσι
547 489 701 537 ποιεῖν,
754 482 998 538 οἰχήσονται
1027 485 1320 540 α’πολιπόντες,
1360 488 1565 542 βαλάντια
1600 490 1698 534 κενοὶ

254 549 556 599 ἐπιδεικνύντες
584 548 658 595 καί
690 547 765 607 τὴν
805 550 983 607 α’πορίαν
1021 553 1366 607 προβαλλόμενοι.
1434 556 1486 597 οὕ
1520 554 1603 611 μὴν
1630 557 1725 611 δὲ,5

256 617 365 661 α’λλοὶ
404 615 475 660 καὶ
512 617 551 659 οἱ
591 617 636 659 ἐκ
661 615 936 666 Μακεδονίας
974 618 1046 659 καί
1075 618 1380 675 Θεσσαλονίκης
1416 621 1566 670 πάντες
1593 620 1702 677 χρή-

255 702 369 739 ματα
413 683 630 740 αἰτήσουσι
664 683 737 726 καί
762 679 892 732 ἄλλας
921 682 1099 739 δωρεάς,
1129 680 1179 733 ἃς
1208 685 1370 727 δίκαιον
1396 688 1600 741 παρέχειν
1626 685 1700 729 τὸν

253 749 326 805 τήν
350 749 577 805 Ῥωμαίων
619 745 771 804 ἄγοντα
811 749 1050 803 ἡγεμονίαν.
1106 748 1208 804 πρὸς
1233 746 1397 799 τούτοις
1424 753 1471 792 δὲ
1498 754 1572 793 καί
1594 750 1701 805 πρὸς

220 815 433 873 ΒΚράλην
470 819 632 858 πολλῶν
665 814 805 870 δεήσει
833 814 979 868 δώρων
1008 814 1082 857 καί
1105 813 1356 871 χρημάτων,
1393 813 1496 858 ὥστε
1536 819 1699 859 πείθειν

252 884 435 934 πόλεμον
464 882 664 936 αἴρεσθαι
690 882 795 933 ἐμοί.
860 877 909 921 ού
947 879 1027 936 γὰρ
1073 882 1323 936 α’ρκέσουσιν
1366 879 1411 923 αἱ
1444 880 1598 935 πόλεις,
1642 879 1750 932 ἃςιο

253 946 428 1005 προήσῃ.
486 946 516 988 ἂ
543 945 679 989 πάντα
712 944 854 999 οἴομαι
882 948 1140 1001 συνορῶντα,
1171 948 1211 988 εἰ
1235 944 1293 1001 μή
1325 945 1591 989 παντάπασιν
1617 945 1699 998 ἔξω

254 1013 514 1068 καθέστηκας
544 1013 738 1068 φρενῶν,
780 1011 856 1052 ου’κ
896 1007 948 1052 ἂν
977 1008 1150 1053 ἑλέσθαι
1177 1010 1255 1065 τὴν
1281 1014 1490 1055 ἐπιπλεῖον
1515 1011 1560 1055 ἐν
1591 1014 1700 1056 Θεσ-

253 1082 448 1136 σαλονίκῃ
479 1076 723 1132 διατριβήν,
761 1076 831 1118 καὶ
856 1079 987 1118 ταῦτα
1023 1079 1155 1132 μηδὲν
1181 1078 1288 1131 με’γα
1316 1080 1519 1130 μέλλοντα
1547 1094 1701 1133 κατορ-

253 1146 375 1192 θοῦν.
432 1145 616 1186 λείπεται
656 1142 707 1197 δὴ
747 1141 794 1184 τὸ
835 1142 1000 1198 τρίτον,
1041 1142 1465 1197 παρασκευασάμενον
1495 1141 1611 1198 ἥκειν
1635 1146 1700 1186 ἐπ’

113 1218 234 1265 V.4l.4
255 1213 353 1266 ἐμὲ,
396 1208 452 1259 ῶς
492 1209 591 1265 περὶ
624 1209 705 1251 τῶν
742 1205 849 1249 ὅλων
888 1205 1293 1251 διακινδυνεύσοντα.
1347 1209 1472 1250 τοῦτο
1501 1210 1540 1250 δ’
1569 1209 1754 1264 εὖχῆςιό

250 1276 371 1333 ἔργον
410 1274 474 1330 εἴη
513 1271 563 1317 ἂν
591 1274 688 1327 ἐμοὶ
718 1272 792 1315 καί
815 1271 998 1326 μάλιστα
1026 1276 1124 1316 καθ’
1156 1272 1306 1328 ἧδονὴν
1324 1306 1336 1327 ,
1376 1276 1416 1316 εἰ
1439 1273 1569 1327 μόνον
1598 1275 1699 1329 περὶ

249 1343 468 1398 ,Βέρᾞοιαν
496 1345 608 1395 τρεῖς
632 1337 790 1394 ἡμέρας
821 1340 1081 1394 διατρίψεις,
1125 1336 1249 1392 ἄχρις
1278 1335 1330 1380 ἂν
1372 1338 1697 1394 παρασκευασά-

248 1424 371 1461 μενος
412 1408 487 1448 καί
537 1404 666 1454 αὐτὸς
694 1403 918 1459 ἅπαντήσω
947 1402 1053 1458 πρὸς
1079 1401 1154 1458 τὴν
1178 1404 1334 1458 μάχην.
1404 1406 1444 1446 εἰ
1481 1403 1561 1458 γὰρ
1589 1403 1696 1456 μετὰ

249 1471 406 1522 ταύτας
432 1470 509 1521 τὰς
535 1471 694 1526 ἡμέρας
724 1467 774 1510 οὗ
802 1470 1046 1522 μαχέσομαι
1074 1467 1212 1510 ἐλθών
1240 1468 1311 1510 ἐπὶ
1336 1467 1383 1510 τὸ
1413 1469 1697 1523 στρατόπεδον

219 1536 304 1581 Cro
330 1536 418 1589 σὸν,
451 1534 653 1590 αἰσχύνης
682 1531 795 1585 ἄξιος
822 1530 874 1576 ἂν
905 1533 1005 1588 εἴην,
1034 1531 1059 1573 ὃ
1085 1534 1221 1588 πάσης
1249 1528 1376 1588 ἄλλης
1394 1534 1489 1586 ἐμοὶ
1516 1532 1750 1589 βαρύτε-αο

248 1619 324 1658 ρον
354 1604 515 1657 ζημίας.
580 1598 704 1653 μόνον
735 1600 892 1652 δέομαί
908 1614 984 1640 σου
1013 1605 1252 1654 στρατηγεῖν
1279 1599 1403 1642 αύτὸν
1423 1601 1494 1642 ἐπὶ
1518 1598 1590 1642 τὸν
1617 1598 1694 1641 πό-

248 1673 374 1721 λεμον
402 1666 474 1708 καί
498 1663 555 1721 μὴ
586 1660 738 1713 ἄλλους
775 1661 1002 1719 ὦθήσαντα
1030 1663 1136 1719 πρὸς
1162 1664 1262 1714 τούς
1288 1664 1505 1714 κινδύνους
1522 1697 1534 1718 ,
1565 1664 1694 1706 αὐτὸν

248 1733 331 1785 ἔξω
359 1734 578 1788 καθῆσθαι
605 1733 686 1774 τῶν
714 1729 887 1785 ἄγοόνων
912 1728 1082 1785 θεατήν,
1111 1728 1249 1786 ῶσπερ
1279 1729 1318 1772 οἱ
1343 1728 1444 1779 τούς
1465 1731 1693 1785 γυμνικοὺς

248 1855 417 1889 alendam
442 1854 659 1894 necessitas,
685 1864 789 1897 quam
815 1851 860 1884 de
885 1850 1033 1896 publico
1059 1851 1109 1883 ali
1130 1850 1322 1894 oportebit.
1348 1852 1436 1884 Item
1465 1860 1484 1882 e
1511 1851 1686 1893 Byzantio

248 1908 287 1936 et
311 1902 453 1947 reliqua
487 1900 663 1939 Thracia,
689 1900 909 1933 continentis
939 1898 1088 1943 inquam
1123 1898 1300 1930 militibus
1333 1897 1565 1930 mercenariis
1606 1908 1689 1941 per-

247 1948 398 1988 multis,
421 1957 488 1979 nec
513 1957 588 1980 non
614 1946 695 1978 aliis
711 1971 719 1984 ‚
744 1946 774 1977 si
804 1945 940 1978 diutius
966 1954 986 1975 a
1014 1944 1162 1977 sedibus
1186 1945 1259 1977 suis
1285 1943 1493 1984 abfuerint,
1519 1943 1564 1976 de
1589 1945 1687 1977 victu

246 1993 514 2040 providendum
552 1994 639 2026 erit:
672 1992 812 2036 alioqui
854 1991 1043 2024 adversum
1078 1996 1139 2029 te,
1165 1995 1206 2023 ut
1230 2000 1290 2023 eos
1313 1991 1464 2035 perdere
1491 1990 1688 2030 volentem,

247 2043 456 2085 insurgent,
485 2043 548 2072 aul:
575 2043 670 2072 certe
698 2037 728 2071 si
754 2037 876 2070 mitius
905 2037 1059 2080 egerint,
1089 2036 1230 2069 deserto
1257 2042 1293 2069 te
1319 2036 1493 2076 abibunt,
1524 2036 1687 2070 sacculos

245 2089 374 2121 inanes
398 2090 619 2120 ostentantes
654 2090 691 2118 et
723 2088 916 2128 egestatem
941 2093 1026 2127 prae
1052 2092 1089 2115 se
1113 2082 1284 2116 ferentes.
1333 2082 1407 2115 Nec
1432 2083 1525 2115 istuc
1549 2083 1684 2118 solum:

243 2134 307 2167 sed
343 2134 492 2175 insuper
518 2131 733 2165 Macedones
760 2135 797 2163 et
821 2129 1162 2162 Thessalonicenses
1186 2128 1318 2173 singuli
1351 2128 1532 2172 stipendia
1556 2134 1593 2161 et
1617 2127 1686 2162 do-

241 2179 365 2213 nativa
390 2177 628 2222 flagitabunt,
656 2186 749 2221 quae
777 2178 815 2209 in
841 2176 998 2208 militem
1026 2174 1242 2208 distribuere
1276 2175 1427 2207 Romani
1459 2176 1684 2219 principatus

240 2226 520 2271 gubernatorem
548 2234 702 2268 aequum
741 2228 805 2258 est.
842 2221 897 2254 Ad
924 2222 1063 2255 Cralem
1088 2221 1237 2264 iusuper
1264 2227 1386 2254 contra
1413 2232 1470 2254 me
1496 2222 1683 2255 concitan-

241 2272 329 2305 dum
364 2271 490 2303 multis
540 2268 750 2302 muneribus
784 2274 821 2302 et
844 2268 1009 2313 pecuniis
1045 2267 1247 2309 indigebis:
1286 2266 1385 2300 haud
1415 2269 1509 2301 enim
1535 2267 1684 2312 oppida,

243 2328 337 2364 quae
362 2317 419 2351 illi
446 2315 572 2355 dabis,
598 2315 785 2349 sufficient.
846 2315 943 2348 Haec
980 2313 1100 2346 omnia
1125 2319 1163 2346 te
1187 2313 1453 2358 intelligentem
1479 2313 1684 2359 (nisipror-

239 2376 298 2398 sus
335 2363 484 2408 deliras)
509 2361 808 2402 Thessalonicae,
836 2372 916 2393 cum
948 2360 1160 2404 praesertim
1191 2361 1371 2404 egregium
1407 2360 1502 2393 nihil
1525 2360 1684 2395 feliciter

239 2417 405 2455 gesturus
430 2410 501 2449 sis,
528 2408 664 2442 diutius
688 2418 894 2441 mansurum
917 2417 991 2439 non
1015 2406 1133 2439 credo.
1204 2407 1375 2451 Superest
1397 2405 1551 2450 proinde
1579 2406 1683 2439 terti·

239 2467 323 2497 um,
359 2461 400 2489 ut
432 2455 630 2489 instructus
668 2458 791 2489 contra
827 2464 885 2486 me
909 2453 1058 2493 venias,
1089 2453 1182 2484 iacta
1207 2452 1285 2485 alea
1310 2464 1375 2497 pro
1399 2464 1536 2485 summa
1562 2462 1681 2485 rerum

238 2512 379 2535 mecum
414 2501 661 2534 dimicaturus.
711 2500 793 2544 Quo
819 2498 908 2545 quid
932 2498 1025 2531 mihi
1061 2500 1219 2542 optatius
1245 2498 1512 2544 iucundiusque
1533 2497 1681 2531 accide-

238 2548 319 2582 rit?
350 2549 380 2580 si
408 2546 662 2581 tantummodo
693 2548 794 2579 iuxta
817 2544 1034 2578 Berrhoeam
1070 2545 1190 2578 triduo
1227 2545 1458 2585 substiteris,
1492 2544 1608 2578 donec
1641 2549 1680 2578 et

237 2595 318 2638 ipse
344 2598 570 2638 comparatus
594 2592 639 2626 ad
663 2591 869 2626 conflictum
892 2601 1082 2625 occurram.
1132 2591 1222 2624 Nam
1244 2592 1274 2624 si
1299 2597 1380 2636 post
1405 2591 1502 2624 diem
1529 2589 1678 2624 tertium

239 2644 355 2674 castra
393 2644 454 2671 tua
488 2638 774 2683 proeliabundus
808 2648 882 2672 non
922 2638 1107 2678 invasero,
1147 2637 1301 2671 dedecus
1337 2637 1523 2671 admisisse
1545 2637 1676 2669 merito

238 2685 445 2719 iudicabor:
474 2684 572 2729 quod
599 2685 747 2731 quidem
771 2684 862 2718 mihi
887 2685 1013 2730 quovis
1049 2683 1264 2718 detrimento
1298 2682 1563 2717 intolerabilius
1601 2686 1674 2716 est:

239 2737 400 2771 tantum,
434 2730 533 2777 quod
567 2736 602 2764 te
639 2737 781 2764 oratum
807 2731 907 2770 volu,
937 2735 976 2762 tu
1008 2730 1084 2775 ipse
1109 2729 1236 2763 ducem
1264 2735 1301 2764 te
1324 2729 1371 2762 ad
1394 2740 1549 2774 pugnam
1573 2739 1677 2773 prae-

239 2778 349 2821 beas5
382 2787 457 2811 non
493 2776 583 2810 alios
611 2777 812 2812 discrimini
839 2786 1044 2822 exponens,
1078 2776 1155 2821 ipsc
1181 2782 1280 2812 extra
1318 2780 1519 2816 certamen,
1546 2779 1586 2808 ut
1612 2775 1676 2822 qui
