1820 3152
270 159 376 215 532
517 179 520 182 ⁴
777 173 1164 222 ‚eANrAcqum
1221 213 1223 215 ,

73 286 155 323 ΔΩ.
174 279 259 334 ἰ345
269 275 528 332 στρατιώτας
566 275 739 330 ἔχοντα,
781 275 832 317 ἵν’
871 278 909 318 εἰ
932 278 1009 329 μὲν
1036 276 1185 333 νικῴη,
1215 278 1465 331 παραίτησις
1492 271 1596 330 πρὸς
1623 275 1698 329 ὄρ,-

268 341 345 398 γὴν
385 340 447 395 εἴη
485 340 508 381 ὁ
547 340 799 396 ἀδελφιδοῦς
839 342 1165 395 εἶσδεδεγμένος·
1195 343 1235 382 εἰ
1271 344 1317 383 δὲ
1343 340 1700 395 ἡττώμενοςδια-

270 410 511 464 φθείροιτο,
550 408 680 460 μηδὲν
711 401 792 447 εἶεν
826 405 996 459 κώλυμα
1035 408 1183 448 ἐκεῖνοι
1217 406 1341 461 ὀλίγοι
1370 402 1484 454 ὄντες
1523 404 1628 460 πρὸς
1652 404 1699 446 τὸ

271 472 476 527 πράττειν,
507 468 609 513 ἅττα
649 466 700 511 ἂν
728 472 829 527 δοκῇ
856 473 1102 527 συμφέρειν.
1157 473 1418 524 Μομιτζίλος
1449 472 1496 513 δὲ
1522 469 1627 525 πρὸς
1653 468 1698 512 τὸ

270 539 469 591 τείχισμα
506 535 549 578 τὸ
585 535 664 590 πρὸ
707 538 780 590 τῆς
820 536 980 586 πόλεως
1011 539 1235 591 παρέταττε
1266 535 1338 591 τὴν
1367 534 1592 591 στρατιὰν,
1621 531 1729 577 οἷό-5
1771 547 1774 557 ·

227 613 391 657 Βμενος
425 599 687 657 ἄντισχήσειν
727 600 799 642 καί
823 600 866 643 τὸ
896 603 1089 654 τείχισμα
1119 601 1226 655 ἔχων
1255 603 1330 643 οὐκ
1365 602 1483 654 ὀλίγα
1511 599 1705 654 συναιρό-

268 683 406 722 μενον.
462 669 632 720 Πέρσαι
660 668 737 719 μὲν
769 662 869 720 οὖν,
905 668 998 709 ἐπεὶ
1023 668 1278 722 προσέβαλον
1311 664 1351 708 οἱ
1383 664 1555 720 πρώτως
1592 664 1706 721 φθά-

272 741 460 785 σαντες,“
494 727 675 780 ὤσαντες
711 730 755 772 τὸ
794 730 1058 784 Μομιτζίλου
1097 728 1338 784 στράτευμα
1377 731 1475 785 περὶ
1509 744 1706 771 πεντακο-

138 806 179 840 V.
195 800 389 847 52oot'ovg
413 797 577 851 χιλίους
608 793 745 850 ὄντας,
776 795 834 849 τό,
862 811 904 838 τε
935 796 1130 850 τείχισμα
1166 794 1408 852 καθῄρουν,
1447 793 1519 836 καὶ
1551 795 1707 836 διεσκε-
1766 812 1770 814 ·

272 863 446 907 δάννυτο
488 864 558 904 ἐπὶ
600 862 820 917 λεηλασίαν
859 862 929 916 τῆς
963 862 1164 916 στρατιᾶς
1190 858 1234 902 τὸ
1265 864 1429 912 πλεῖον,
1470 861 1542 901 καί
1569 858 1769 901 adnare·

271 928 535 982 κατέδραμον
564 924 806 981 αὐθημερὸν
833 925 905 968 καί
931 927 1142 981 ἐληΐσαντο
1172 920 1277 981 ἄχρι
1290 926 1548 978 nyffous'ag.
1586 926 1709 977 βασι-

272 992 368 1042 λευς
389 994 435 1034 δὲ
461 989 631 1034 κατόπιν
659 990 762 1044 μετὰ
788 987 947 1047 Ἀμούρ
972 992 1045 1033 καί
1070 992 1143 1045 τῆς
1168 985 1294 1045 ἄλλης
1314 991 1510 1046 στρατιᾶς
1537 987 1710 1045 ἐρχόμε-

272 1073 341 1107 νος
357 1091 369 1112 ,
395 1057 588 1114 συνεώρα
618 1056 664 1098 τὸ
694 1055 796 1110 μετοὶ
814 1058 1077 1110 Μομιτζίλου
1107 1058 1346 1112 στράτευμα
1369 1051 1449 1108 οὐχ
1473 1054 1720 1109 ἡττημένον,Ι

250 1124 386 1167 ,α’λλὰ
427 1124 552 1178 μόνης
598 1122 700 1164 ὁδοῦ
728 1123 1042 1178 παραχωρῆσαν
1069 1127 1154 1170 τοῖς
1185 1118 1444 1176 βαρβάροις·
1489 1116 1601 1174 ἐώρα
1630 1116 1710 1174 γάρ

277 1187 487 1238 εὖτάκτως
537 1190 611 1230 καί
649 1187 753 1241 μετὰ
794 1185 951 1240 κόσμου
979 1189 1248 1241 τεταγμένον·
1305 1183 1447 1240 διόπερ
1471 1186 1551 1226 καί
1576 1182 1766 1226 ἐδόκειιό

280 1256 303 1296 ὅ
333 1254 445 1309 ἀγών
475 1253 538 1296 ἔτι
564 1253 879 1295 ὑπολείπεσθαι.
917 1253 1010 1294 ’καί
1043 1253 1264 1294 συνέταττε
1298 1249 1374 1305 τὴν
1411 1248 1615 1303 στρατιὰν
1643 1246 1717 1290 καὶ

154 1319 355 1375 Ριδόιτὴν
394 1317 619 1372 ε,Ρωμαίων
657 1320 749 1360 καί
785 1318 1012 1374 βαρβάρων
1051 1319 1122 1359 ἐπί
1157 1317 1337 1370 τάγμασι
1378 1317 1512 1370 τρισί·
1555 1312 1626 1356 καὶ
1665 1312 1712 1355 τὸ

281 1387 358 1439 μὲν
395 1382 530 1435 δεξιὸν
558 1384 680 1438 κέρας
711 1380 869 1438 Ἀμούρ
899 1379 988 1436 εἶχε
1015 1381 1123 1435 μετὰ
1152 1383 1235 1423 τῶν
1263 1382 1466 1435 Περσῶν,
1518 1381 1587 1420 ἵνα
1613 1375 1715 1432 βάλ-

282 1456 392 1494 λοιεν
419 1447 515 1495 τούς
562 1450 782 1500 πολεμίους
809 1448 977 1498 τοξόται
1016 1444 1130 1494 ὅντες
1181 1444 1254 1486 καί
1292 1446 1609 1500 προσπίπτοντες
1649 1443 1721 1487 ἐπὶ
1765 1460 1767 1462 ’

283 1515 338 1558 τὰ
378 1511 530 1569 γυμνά.
590 1512 637 1554 τὸ
680 1515 725 1554 δὲ
756 1511 975 1568 ἀριστερὸν
1012 1509 1184 1566 Ἀσάνης
1213 1508 1323 1565 εἶχεν
1348 1509 1567 1565 Ἰωάννης,
1597 1509 1619 1551 ὅ
1646 1510 1770 1565 τῆςπο

284 1581 499 1635 βασιλίδος
546 1576 726 1632 Εἰρήνης
775 1576 975 1633 α’δελφὸς,
1012 1575 1114 1630 μετὰ
1141 1577 1358 1629 Ῥωμαίων
1405 1572 1718 1631 καταφράκτων,

285 1649 442 1693 κοντοῖς
480 1641 689 1685 εἰωθότων
719 1643 947 1696 μάχεσθαι.
1002 1641 1049 1684 τὸ
1085 1644 1213 1695 μέσον
1248 1643 1294 1683 δὲ
1333 1639 1462 1689 αὐτὸς
1502 1641 1665 1694 ἐπεῖχεν
1694 1639 1721 1680 ὅ

287 1709 497 1766 βασιλεὺς,
524 1710 603 1751 τῶν
630 1725 675 1750 τε
701 1706 929 1762 “Ρωμαίων
955 1708 1055 1757 τούς
1081 1705 1259 1762 λογάδας
1286 1705 1394 1760 ἔχων
1424 1707 1497 1748 καί
1525 1707 1722 1762 Περσῶν.

382 1801 413 1834 8.
436 1799 757 1844 τετρακισχιλίους
780 1797 827 1830 Μ.
926 1809 976 1843 ¹7·
1001 1796 1042 1832 ἐν
1066 1795 1302 1842 ἐπιτάγμασι
1324 1796 1377 1832 Μ.
1402 1806 1470 1841 mg.

289 1870 458 1903 mittunt:
484 1871 529 1900 ui:⁴
549 1869 578 1899 si
602 1867 784 1906 vinceret,
813 1867 956 1910 nepotis
983 1867 1162 1909 susceptio
1185 1866 1289 1899 fieret
1311 1865 1437 1898 veniae
1462 1864 1507 1897 ab
1533 1864 1623 1897 irato
1647 1864 1738 1896 ini-2

291 1915 470 1960 petratio:
510 1914 566 1946 sin
600 1914 714 1946 vietus
741 1911 912 1953 caderet,
937 1914 1043 1957 pauci
1066 1912 1122 1946 illi
1151 1913 1252 1946 nullo
1279 1911 1349 1944 sibi
1375 1916 1494 1944 essent
1518 1910 1715 1950 obstaculo,

293 1973 366 2007 quo
402 1960 519 1993 minus
553 1960 703 1993 utilitati
740 1969 826 1998 suae
864 1956 1054 1992 servirent.>
1106 1959 1232 2004 Itaque
1267 1957 1487 1990 Momilzzilus
1519 1956 1564 1989 ad
1589 1967 1720 2000 propu-

294 2007 486 2052 gnaculum
522 2010 604 2039 ante
631 2006 757 2039 urbem
783 1999 1059 2050 expugnandum
1086 2005 1198 2038 aciem
1221 2003 1364 2047 dirigit:
1400 2013 1544 2046 sperans
1569 2003 1598 2035 si
1627 2002 1722 2036 illud

268 2083 271 2085 .
296 2056 528 2098 occupasset,
554 2053 640 2097 quia
669 2062 743 2084 non
766 2062 891 2096 parum
927 2051 1133 2091 adiuvaret,
1168 2062 1205 2084 se
1229 2059 1332 2094 posse
1358 2050 1532 2083 resistere.
1582 2050 1719 2088 Persae,

295 2112 376 2134 cum
400 2100 507 2145 primi
528 2099 799 2142 impressionem
822 2097 1013 2138 fecissent,
1035 2097 1179 2142 repulso
1195 2095 1383 2130 Momitzili
1408 2095 1550 2128 circiter
1568 2100 1722 2140 quatuor

296 2146 454 2180 millium
488 2145 669 2184 exercitu,
702 2146 1009 2188 propugnaculum
1035 2144 1244 2182 diruerunt,
1270 2146 1306 2174 et
1329 2143 1452 2185 plures
1475 2141 1520 2174 ad
1545 2140 1722 2185 praedan-

298 2194 383 2226 dum
417 2192 593 2237 dispersi,
631 2191 709 2234 ipso
743 2190 801 2224 die
827 2192 947 2224 omnia
973 2200 1087 2235 usque
1113 2188 1340 2233 Mygdoniam
1367 2189 1601 2221 incursarunt.
1648 2187 1722 2219 Im-

297 2244 443 2284 perator
482 2249 560 2270 cum
597 2237 742 2269 Amurio
775 2241 812 2270 et
844 2237 983 2282 reliquo
1020 2238 1160 2281 agmine
1186 2246 1362 2280 sequens,
1396 2246 1468 2267 non
1496 2244 1571 2268 esse
1598 2234 1722 2275 victas,

299 2286 363 2319 sed
387 2286 445 2319 via
471 2285 586 2316 solum
610 2282 771 2316 barbaris
799 2284 945 2316 cessisse
973 2282 1162 2315 Momitzili
1192 2281 1311 2325 copias
1328 2280 1515 2326 ‚beneque
1539 2280 1721 2314 ordinatas

301 2337 339 2364 et
362 2331 553 2375 dispositas
578 2329 897 2366 animadvertebat,
955 2329 1129 2373 Quocirca
1153 2327 1270 2360 adhuc
1298 2327 1484 2360 conflictus
1506 2331 1638 2360 restare
1666 2328 1722 2360 vi-

303 2377 467 2414 debatur,
523 2376 616 2409 Hinc
653 2376 830 2408 Romanos
876 2379 913 2407 et
952 2374 1122 2407 barbaros
1159 2373 1339 2418 tripartito
1375 2373 1525 2417 dividit}
1556 2373 1723 2406 dextrum

304 2434 414 2457 cornu
448 2423 595 2456 Amul-io
636 2433 717 2455 cum
756 2422 868 2455 Persis
902 2421 1111 2454 committit:
1149 2421 1212 2466 qui
1251 2419 1350 2465 quod
1383 2419 1558 2463 sagittarii
1592 2424 1724 2460 essent,

304 2470 343 2503 in
367 2470 487 2504 hostes
513 2467 600 2503 levis
625 2473 824 2501 armaturae
848 2468 1043 2507 irruentes,
1067 2467 1148 2500 telis
1178 2477 1237 2499 cos
1271 2465 1507 2499 conficerent:
1539 2465 1723 2498 sinistrum

302 2516 432 2549 Ioanni
466 2515 592 2554 Asani,
624 2515 744 2547 uxoris
779 2514 902 2554 fratri,
929 2525 1009 2546 cum
1043 2514 1209 2546 Romanis
1245 2512 1358 2556 gravis
1394 2516 1619 2552 armaturae,
1657 2512 1722 2557 qui

305 2563 421 2596 contis
455 2571 612 2606 pugnare
646 2565 923 2594 consueverant:
959 2559 998 2593 in
1033 2559 1151 2592 medio
1176 2559 1253 2603 ipse
1272 2559 1422 2592 selectos
1458 2559 1632 2591 Romanos
1666 2562 1725 2590 at-

304 2619 375 2654 que
400 2608 520 2641 Persas
545 2606 677 2640 ducens
702 2606 861 2644 curabat.
907 2606 1125 2640 Momitzil'us
1151 2605 1317 2638 similiter
1344 2610 1465 2637 contra
1490 2603 1624 2636 dix-ecta
1647 2605 1723 2637 acie

302 2652 610 2699 progrediebatur.
660 2652 729 2686 Ubi
756 2654 851 2685 inter
875 2663 912 2685 se
948 2653 1266 2697 propinquarunt,
1309 2652 1723 2697 utrimque'concursum

305 2705 359 2733 est
393 2698 635 2732 infestissime.
693 2698 747 2732 Ad
780 2703 976 2732 extremum
1028 2698 1246 2730 Momitzilus
1281 2700 1487 2742 superatuS,
1524 2696 1723 2739 complures

302 2746 433 2783 amisit,
493 2743 653 2790 Cum-,ue
692 2744 737 2779 ad
769 2756 887 2779 muros
914 2745 1012 2779 urbis
1038 2744 1171 2790 reliqui
1199 2744 1441 2789 pellerentur,
1465 2743 1549 2788 quia
1577 2741 1623 2775 ob
1647 2742 1736 2785 exi—-
