1812 3146
268 143 382 219 498
804 156 1172 202 CANTAcuzm

69 270 109 305 Δ.
124 269 162 304 C.
183 262 346 315 ι344μὲν
371 256 608 314 βελτιόνων,
638 257 714 299 νῦν
743 257 789 298 δὲ
812 256 1017 313 χειρόνων
1040 257 1245 314 ἐπειράθη
1261 259 1336 300 καί
1354 257 1502 308 αὖτὸς·
1530 261 1711 303 scaled&-

266 341 331 368 κει
366 323 412 367 τὸ
457 323 561 366 πολύ
593 324 665 378 τῆς
703 323 836 376 λύπης
871 321 942 364 διὰ
971 322 1045 377 τήν
1073 325 1229 365 ἐκείνου
1259 323 1537 380 παραμυθίαν
1564 325 1711 367 α’ποτιέ

271 393 442 433 emam.
498 386 671 442 ’ὕστερον
700 389 746 429 δὲ
774 387 894 445 ὀλίγῳ
922 386 1024 443 πρὸς
1051 388 1125 443 τὴν
1151 390 1226 444 τῆς
1250 392 1606 445 παμμακαρίστου
1633 404 1712 443 μοὲ

267 454 344 510 νὴν
373 453 394 496 ὃ
436 456 566 509 μέγας
601 454 753 509 ἀφῖκτο
793 455 1040 508 λογοθέτης,
1081 456 1153 508 τῆς
1192 456 1406 507 βασιλίδος
1441 453 1711 510 κελευούσης·

223 522 486 577 Βφωραθείς
525 521 571 560 δὲ
613 518 924 574 διαδιδράσκειν
950 523 1113 572 μέλλων
1150 518 1224 560 καί
1261 519 1314 561 τὰ
1342 521 1539 574 μοναχῶν
1570 515 1738 573 οἷπαμ-5

272 588 549 642 φιέννυσθαι,
589 586 648 634 εἰς
693 581 973 640 δεσμωτήριον
1010 585 1228 639 ἐνεβλήθη.
1298 583 1407 627 οὕτω
1435 587 1513 638 μὲν
1541 581 1617 627 οὖν
1641 584 1716 628 καί

270 651 418 693 τοῦτον
463 649 774 691 ἀπεσκευάσατο
813 648 834 690 ὃ
874 651 1004 703 μέγας
1043 648 1166 702 δούξ,
1207 651 1366 704 μεγάλα
1402 652 1480 703 μὲν
1508 650 1614 706 πρὸς
1639 650 1714 693 τὸν

272 717 628 769 Καντακουζηνοῦ
669 713 956 769 συναράμενον
991 716 1063 756 τοῦ
1096 717 1301 768 βασιλέως
1344 716 1547 770 πόλεμον,
1585 716 1714 767 οἷξίων

271 784 318 824 δὲ
348 779 663 823 α’πολελαυκότα
692 784 791 834 παρ’
822 782 979 822 ἐκείνου
1010 777 1213 834 ἇμοιβῶν,
1241 775 1290 836 ἧς
1317 780 1517 837 ἐπήγαγεν
1545 780 1712 838 fluv-9212-

271 863 347 889 του
383 849 549 903 φθορᾶς
577 845 599 887 ὅ
629 844 807 898 πόλεμος
828 846 1065 898 Ῥωμαίοις.
1719 855 1767 883 10

77 916 264 960 Α.Ο.1345
383 909 464 954 ποί.
520 909 734 961 Βασιλεύς
761 912 808 953 δὲ
836 909 859 952 ὅ
891 909 1238 966 Καντακουζηνός
1266 909 1514 965 πυθόμενος,
1547 911 1604 961 ὥς
1633 913 1715 965 βα-

155 981 264 1017 Ρ.631
282 977 389 1026 σιλὶς
424 979 648 1033 πρεσβείαν
685 982 841 1019 ποιοῖτο
879 975 983 1032 πρὸς
1007 973 1213 1032 Ὀρχάνην
1240 976 1311 1019 ἐπὶ
1335 979 1582 1035 συμμαχίᾳ,
1611 978 1716 1031 πέμ-

272 1054 361 1097 ψας
378 1044 450 1084 καί
472 1041 601 1092 αὐτὸς
629 1040 856 1097 ἔπραττεν,
886 1039 999 1090 ὅπως
1028 1042 1144 1099 αὖτῷ
1173 1044 1344 1095 μᾶλλον,
1374 1041 1449 1084 καί
1471 1041 1529 1098 μὴ
1548 1044 1716 1094 Βυζαν-

238 1112 380 1157 Βτίοις
406 1107 650 1164 πρόσθοιτο.
703 1109 776 1149 καί
802 1109 932 1149 εἵλετο
957 1105 1158 1163 Ὀρχάνης
1187 1107 1262 1163 τὴν
1288 1107 1392 1162 πρὸς
1419 1108 1717 1163 Καντακουζη-

270 1172 344 1216 νὸν
370 1172 444 1215 τὸν
461 1174 639 1227 βασιλέα
662 1174 819 1226 μᾶλλον
839 1175 1108 1227 συμμαχίαν,
1145 1175 1219 1215 καί
1245 1171 1419 1227 πέμψας
1446 1172 1621 1229 Χατζήν
1643 1171 1769 1215 τὸνιό

271 1239 499 1292 εὐνοῦχον,
540 1239 673 1280 ἐτέλει
709 1236 783 1286 τὰς
809 1235 1001 1286 σπονδάς.
1058 1233 1173 1287 ὄντος
1201 1239 1248 1279 δὲ
1276 1238 1325 1279 οὖ
1353 1238 1523 1292 μακρὰν
1562 1240 1718 1292 αὐτοῦ,

277 1302 385 1345 ἀλλὰ
416 1306 493 1358 τῆς
523 1305 568 1345 ἐκ
588 1303 895 1358 Παφλαγονίας
922 1298 1025 1358 ἄχρι
1043 1306 1232 1358 Φρυγίας
1258 1306 1467 1358 παραλίου
1497 1299 1716 1360 ἄρχοντος,

142 1372 184 1407 V.
198 1373 263 1408 505
278 1367 430 1426 ῥᾳδίως
468 1365 748 1420 μετεπέμπετο
776 1367 1123 1422 Καντακουζηνὸς
1158 1366 1180 1409 ὁ
1219 1366 1419 1421 βασιλεὺς
1445 1368 1520 1424 τὴν
1547 1386 1719 1422 συμμα-

269 1435 372 1487 χίαν
403 1433 523 1487 ἡνίκα
553 1431 663 1474 ἔδει·
719 1431 745 1473 ὃ
772 1432 844 1474 καὶ
870 1431 1054 1485 μάλιστα
1082 1431 1267 1475 ἐκάκωσε
1293 1431 1344 1475 τὰ
1374 1433 1598 1488 πράγματα
1615 1434 1719 1476 Ῥω-

273 1499 426 1551 μαίων.
454 1497 510 1546 (ὃς
538 1498 749 1539 ἐπιπλεῖον
776 1496 871 1551 γὰρ,
900 1496 974 1538 καί
1001 1499 1207 1550 βασιλέως
1235 1496 1295 1552 μὴ
1326 1501 1545 1553 δεομένου,
1569 1515 1771 1555 nepotc-20

275 1563 444 1616 ου’μενοι
481 1561 519 1604 οἱ
563 1565 736 1617 Πέρσαι
784 1561 857 1612 τὰς
893 1560 1020 1617 μήπω
1051 1566 1225 1616 βασιλεῖ
1253 1564 1615 1619 προσχωρησάσας
1642 1563 1718 1606 πό-

275 1632 361 1677 λεις
389 1628 562 1670 ἐκάκουν
601 1627 657 1676 ὥς
697 1627 907 1681 πολεμίας.
961 1625 1053 1670 τότε
1081 1630 1128 1670 δὲ
1157 1627 1202 1670 ἐκ
1229 1631 1303 1684 τῆς
1316 1630 1495 1684 Ὀρχάνη
1522 1632 1720 1685 στρατιᾶς

275 1692 384 1746 ἔχων
411 1694 683 1746 συμμαχίαν,
711 1698 801 1742 ταῖς
830 1690 934 1747 πρὸς
960 1690 1028 1734 τὸν
1055 1692 1225 1736 Πόντον
1251 1692 1418 1736 πόλεσιν
1447 1693 1720 1750 ἐπεστράτευ-

275 1774 323 1801 σε
371 1761 444 1800 καί
478 1754 561 1800 εἷλε
601 1755 737 1808 πάσας
778 1756 883 1814 πλὴν
909 1757 1199 1810 Σωζοπόλεως.
1265 1754 1348 1801 εἷλε
1390 1761 1436 1802 δὲ
1477 1759 1550 1802 καί
1573 1759 1646 1816 τὴν
1673 1761 1718 1802 ἐν

278 1904 386 1937 aliter
424 1902 653 1939 volventibus
697 1908 734 1937 et
774 1902 1087 1944 inconstantibus,
1123 1913 1220 1937 nunc
1257 1902 1404 1951 quidem
1431 1904 1597 1946 meliora,
1621 1916 1719 1940 nunc

278 1950 459 1984 deteriora
485 1956 521 1983 et
547 1951 623 1993 ipse
650 1955 819 1994 expertus
847 1955 949 1983 esset.
1001 1951 1046 1984 Et
1071 1951 1270 1995 apparebat
1293 1950 1543 1995 Apocauchum
1568 1952 1719 1986 adhaec

276 1997 505 2042 aliquantum
533 1995 774 2040 acquiescere.
822 1995 932 2029 Paulo
957 2003 1040 2041 post
1075 2007 1221 2040 magnus
1258 1998 1439 2041 logotheta
1477 1999 1717 2043 imperatricis

279 2044 378 2076 iussu
412 2043 459 2074 ad
486 2043 745 2075 monasterium
778 2043 1026 2075 sanctissimae
1051 2044 1209 2086 Virginis
1236 2043 1339 2076 abiit.
1403 2045 1444 2076 In
1474 2044 1556 2088 fuga
1581 2051 1717 2085 autem,

277 2089 421 2122 abiecto
457 2089 624 2122 monachi
658 2090 779 2130 cultu,
824 2088 1032 2122 adornanda
1073 2089 1340 2133 deprehensus,
1378 2091 1415 2122 in
1440 2101 1614 2124 carcerem
1653 2091 1718 2124 dab

279 2141 347 2168 tur.
399 2135 457 2168 Sic
482 2134 591 2179 igitur
627 2139 664 2167 et
700 2135 796 2168 huuc
829 2145 872 2167 ex
903 2135 1024 2168 medio
1057 2146 1205 2178 magnus
1242 2135 1314 2167 dux
1346 2139 1520 2177 removit,
1545 2137 1606 2179 qui
1635 2137 1718 2170 bel-

279 2182 354 2214 lum
391 2187 516 2214 contra
551 2180 840 2213 Cantacuzenum
877 2191 951 2214 non
985 2181 1180 2224 vulgariter
1215 2187 1470 2225 promoverat:
1503 2183 1717 2228 condignam

278 2228 454 2260 nimirum
491 2226 692 2260 mercedem
725 2238 791 2272 pro
821 2228 1003 2271 pestiferis
1035 2227 1199 2261 cladibus
1228 2238 1271 2261 eo
1298 2227 1396 2262 bello
1421 2231 1573 2264 invectis
1598 2231 1633 2264 ei
1658 2241 1718 2264 re-

277 2274 451 2317 pendeus.

374 2321 431 2353 81.
480 2320 686 2363 Imperator
710 2309 755 2352 u(
776 2320 923 2353 rescivit
947 2320 1210 2364 imperatricem
1235 2321 1343 2353 missa
1370 2320 1551 2365 legatione
1578 2319 1719 2355 Orcha·
1769 2336 1775 2338 v

280 2366 336 2398 nis
362 2366 571 2399 societatem
598 2371 787 2410 expetere,
811 2366 928 2398 missis
954 2371 991 2398 et
1015 2366 1091 2409 ipse
1115 2366 1319 2399 oratoribus
1345 2367 1383 2400 id
1406 2368 1499 2410 egit,
1535 2371 1575 2399 ut
1598 2367 1643 2400 ad
1667 2379 1718 2408 se,

282 2423 356 2444 non
389 2412 434 2444 ad
474 2412 662 2454 Byzantios
700 2412 837 2444 auxilia
880 2411 1052 2444 mitteret.
1121 2411 1194 2456 Qui
1229 2413 1345 2457 legato
1383 2413 1515 2446 Chatze
1550 2414 1718 2447 eunucho

284 2457 411 2491 foedus
449 2469 528 2490 cum
558 2458 806 2490 Canta-trizene
842 2458 935 2490 iniit.
996 2456 1159 2503 Cumque
1192 2469 1264 2493 non
1290 2460 1396 2502 longe
1422 2460 1588 2500 distaret,
1615 2460 1679 2493 sed
1699 2471 1721 2493 a

284 2504 522 2548 Paphlagonia
548 2504 727 2536 maritima
755 2515 870 2548 usque
896 2503 933 2536 in
959 2502 1144 2549 Phrygiam
1172 2505 1420 2548 imperitaret,
1448 2505 1552 2539 facile
1587 2505 1721 2538 Canta-

286 2560 451 2588 cuzenus,
482 2551 625 2594 quoties
651 2550 849 2594 indigebat,
877 2550 1059 2583 Persarum
1088 2561 1233 2583 manum
1259 2552 1476 2592 accersebat,
1502 2553 1565 2598 qui
1592 2552 1720 2585 Roma-

282 2607 346 2628 nas
382 2597 544 2638 regiones
581 2595 804 2630 infestabant
833 2596 1046 2640 plurimum:
1079 2608 1159 2629 nam
1183 2598 1348 2643 saepius,
1372 2599 1586 2641 imperatore
1609 2599 1720 2631 etiam

283 2652 356 2674 non
392 2646 558 2684 rogante,
599 2643 843 2682 traiicientes,
882 2653 975 2686 quae
1009 2642 1169 2676 nondum
1201 2654 1238 2676 se
1272 2643 1486 2678 dediderant
1521 2644 1650 2685 urbes,
1678 2649 1720 2678 ut

282 2687 454 2726 hostiles,
481 2686 752 2730 direptionibus
776 2688 991 2732 affligebant.
1049 2690 1153 2723 'I'unc
1177 2701 1261 2723 vero
1284 2690 1329 2723 ab
1359 2690 1533 2725 Orchanis
1559 2691 1719 2723 exercitu

281 2732 420 2768 habens
445 2732 669 2776 subsidium,
690 2739 813 2770 contra
837 2733 972 2780 oppida
993 2734 1039 2769 ad
1064 2746 1162 2770 oram
1186 2736 1290 2772 Ponti
1310 2737 1379 2771 sita
1397 2736 1722 2783 profectus‚omnia
