1800 3146
530 186 907 229 HISTOMARUM
949 189 1022 229 111.
1051 190 1120 234 73.
1413 168 1526 237 445

91 288 209 343 μότει
211 294 288 343 χον
314 290 373 339 εἷς
398 290 575 342 βασιλέα
602 283 678 344 ἧκε
702 286 819 343 παρὰ
842 291 918 330 τοῦ
934 288 1118 344 μεγάλου
1140 287 1288 340 δουκὸς
1305 292 1529 347 πεμφθεὶς,
1544 295 1622 332 A.c.
1640 295 1734 341 1343,

40 386 43 389 -
92 354 210 411 παρά
238 356 286 397 δὲ
312 357 384 410 τῆς
408 353 626 409 ἐκκλησάκς
652 356 727 396 καί
749 354 1013 410 πατριάρχου
1046 354 1068 396 ὅ
1096 357 1170 410 τῆς
1198 357 1410 398 Φιλίππου
1449 373 1533 411 μη-

91 422 330 476 τροπολίτης
366 421 440 461 καί
473 418 495 461 ὃ
528 419 747 462 σακελλίου
777 420 1040 473 Καβάσιλας.
1097 418 1282 477 ἔγραφόν
1307 437 1353 463 τε
1380 423 1456 464 καί
1477 421 1531 465 τά

84 483 403 541 ’πρεσβευόμενοι
443 487 490 528 ἐν
533 483 783 540 γράμμασιν
826 486 912 543 ἰδίᾳ
953 487 1031 539 μὲν
1059 487 1098 528 οἱ
1123 486 1396 542 συνάρχοντες
1422 488 1563 541 μετάο

62 549 169 594 ‘5105
205 547 389 604 μεγάλου
431 549 600 602 δουκὸς,
641 552 726 610 ἰδίᾳ
763 552 810 593 δὲ
839 549 860 592 ὃ
892 549 1185 608 πατριάρχης,
1225 555 1297 595 καί
1322 550 1540 608 ὗπεσημήα

85 630 210 659 -ναντο
237 617 407 665 οἰκείαις
434 615 702 672 ὖπογραφαῖς
730 615 784 658 τά
811 614 1065 671 γράμματα,
1095 619 1149 659 ἵν’
1176 614 1207 675 ᾗ
1235 617 1375 665 πιστά.
1428 614 1538 674 ἦσαν

92 683 139 724 δὲ
164 679 216 723 τά
234 683 314 734 μὲν
339 684 421 723 τῶν
443 679 656 737 ἀρχόντων
677 678 810 732 οὕτως
836 681 1005 737 ἔχοντα·
1035 683 1226 737 ὦς,,ἒπει“
1242 687 1379 734 καλῶς
1406 687 1538 727 ποιῶν

93 745 223 797 αὐτὸς
242 779 253 801 ,
296 748 354 796 ὦς
380 748 606 798 α’δυνάτοις
631 750 937 804 ἐπιχειροῦντος
963 748 1037 791 καί
1078 746 1295 804 ἆθεμίτοις
1335 752 1541 805 κατέγνως

90 815 273 854 σεαυτοῦ
300 811 373 855 καὶ
396 814 474 868 τῆς
499 816 768 870 γεγενημένης
793 813 864 856 διά
894 817 943 857 σὲ
974 817 1141 871 φθορᾶς
1172 817 1321 865 ἕντοῖς
1345 814 1540 870 “Ρωμ·αιῐ-

44 893 155 928 ιοοις
183 876 331 920 ἐννοῶν
368 876 417 920 τὸ
458 880 658 934 μέγεθος,
698 875 857 937 ᾔτησας
909 878 985 934 τήν
1030 882 1247 934 βασιλείαν
1296 882 1538 924 ἀποθέσθαι

92 946 168 986 καί
200 947 261 992 εἰς
299 942 468 986 ἰδιώτου
511 947 655 1001 σχῆμα
697 943 995 1000 μεταβάλλειν,
1037 943 1178 1002 ὥσπερ
1214 947 1314 1003 ἡμῖν
1338 948 1538 1002 ἐγνώρισε

92 1013 242 1066 σαφῶς
285 1009 309 1051 ὁ
338 1008 615 1066 περιπόθητος
656 1011 730 1054 καί
752 1010 1032 1066 γνησιώτατος
1061 1015 1121 1072 τῷ
1149 1014 1352 1070 κρατίστῳ
1380 1014 1455 1054 καί
1485 1013 1539 1055 ἆ-

91 1077 166 1133 γίῳ
192 1078 364 1128 βασιλεῖ
389 1077 506 1132 ἡμῶν
536 1074 558 1118 ὅ
586 1078 718 1133 μέγας
745 1076 858 1131 δοὺξ,
889 1076 1030 1119 δίκαιά
1060 1094 1105 1119 τε
1137 1077 1244 1130 ὁμοῦ
1271 1080 1344 1119 καί
1371 1080 1538 1135 συμφέ-

92 1156 214 1196 ροντα
254 1143 328 1183 καί
366 1144 508 1199 σαυτῷ
546 1145 619 1185 καί
654 1149 737 1193 τοῖς
781 1139 924 1193 ἄλλοις
954 1146 1262 1198 βεβουλεῦσθαι
1295 1147 1574 1200 κρίναντεςῤ)

32 1203 348 1264 ὶόἐπῃνέσαμέν
389 1224 436 1250 τε
476 1211 548 1263 τῆς
577 1209 799 1262 εὐβουλίας
827 1209 900 1251 καί
923 1209 997 1265 τήν
1025 1213 1248 1265 πρεσβείαν
1274 1208 1541 1264 πεποιήμεθα

90 1273 270 1328 ταύτην,
300 1274 350 1315 ἵν’
386 1271 486 1330 ὅπερ
517 1271 675 1332 ᾔτησας
704 1271 847 1330 αῦτὸς,
876 1274 923 1317 τὸ
955 1278 1087 1330 πέρας
1114 1273 1238 1333 λάβῃ.
1295 1275 1362 1317 ἵνα
1393 1277 1440 1316 δὲ
1458 1293 1542 1331 μη-

84 1340 242 1391 δεμίαν
275 1339 374 1396 ἔχῃς
413 1340 602 1394 ὑποψίαν
620 1372 632 1394 ,
672 1337 730 1390 ὥς
760 1357 802 1382 τι
832 1340 940 1395 μετά
974 1339 1050 1395 τήν
1076 1342 1286 1383 ἰδιωτείαν
1307 1337 1541 1396 ἀπαντήσει

88 1407 294 1459 δυσχερὲς
332 1401 360 1459 ἢ
390 1404 616 1458 δυνάμενον
642 1410 813 1455 λυπεῖν,
851 1405 904 1449 τά
933 1405 1160 1463 γράμματα
1180 1409 1314 1449 ταῦτα
1332 1405 1541 1449 ἀπεστάλ-

92 1485 247 1522 καμεν,
284 1471 357 1511 καί
396 1475 490 1520 ταῖς
517 1471 751 1526 ,ἡμετέραις
793 1472 1060 1527 ὖπογραφαῖς
1089 1474 1446 1526 ἐπιβεβαιωθέντα
1487 1474 1540 1514 α’-

35 1534 295 1591 αοσφαλείας
325 1536 444 1578 ἕνεκα
473 1538 546 1578 καὶ
584 1537 661 1579 τοῦ
694 1537 872 1592 θαῤῥεῖν
896 1538 1061 1592 αὐτοῖς,
1088 1535 1146 1586 ὥς
1173 1539 1349 1592 α’κίνητα
1376 1541 1539 1591 μενεῖ.”

91 1600 236 1642 ἔπειτα
278 1604 350 1643 καί
388 1599 599 1652 συντάξεις
642 1600 687 1644 ἐκ
725 1604 807 1644 τῶν
835 1604 1047 1657 δημοσίων
1068 1602 1264 1658 ἔγραφον,
1294 1598 1356 1651 οἷς
1380 1601 1539 1657 χρήσε-

90 1683 163 1707 ται
196 1662 323 1715 αὐτὸς
358 1670 432 1709 καί
469 1669 615 1718 παῖδες
652 1670 727 1710 καί
769 1669 921 1710 οἰκεῖοι.
975 1671 1148 1710 τοιαῦτα
1176 1668 1253 1721 μὲν
1279 1666 1330 1709 τά
1356 1669 1437 1710 τῶν
1464 1668 1540 1724 ἆρ-

91 1730 255 1786 χόντων
286 1739 472 1789 περιεῖχε
498 1734 743 1791 γράμματα.
799 1734 877 1776 τοῦ
905 1732 1167 1790 πατριάρχου
1199 1735 1246 1776 δὲ
1266 1727 1542 1789 ἦσανόῧτως.

185 1829 218 1863 6.
243 1826 359 1866 ἰδίαις
381 1828 430 1862 Μ.
447 1837 514 1873 mg.

94 1897 214 1943 orgius
251 1898 520 1942 Pepagomenus
558 1901 596 1931 et
628 1897 864 1942 Synadenus‚
900 1898 964 1944 qui
995 1903 1101 1932 antea
1126 1898 1213 1933 item
1237 1898 1539 1944 Ditlymotichum

90 1956 114 1977 a
137 1955 265 1990 magno
297 1944 387 1977 duce
422 1944 468 1978 ad
503 1943 791 1978 Cantacuzenum
826 1946 957 1978 missus
994 1946 1133 1979 fuerat:
1167 1944 1212 1978 ab
1241 1947 1390 1979 ecclesia
1418 1953 1541 1981 autem

92 1995 132 2023 et
165 1991 369 2035 patriarcha
418 1992 722 2036 metropolitanus
757 1992 1028 2037 Philippopolis
1065 1998 1103 2026 et
1133 1992 1274 2025 sacellii
1298 1997 1442 2027 curator
1466 1993 1538 2027 Ca-

94 2037 247 2079 hasHas,
279 2039 572 2084 scripseruntque
605 2040 797 2083 separatim
834 2050 925 2084 quae
951 2039 1089 2076 vellent
1112 2039 1270 2082 collegae
1312 2045 1350 2072 et
1389 2050 1539 2085 magnus

96 2084 183 2125 dux,
207 2087 398 2128 separatim
426 2084 640 2129 patriarcha,
669 2090 705 2118 et
728 2086 773 2118 ad
798 2096 856 2119 eas
883 2085 1053 2130 epistolas
1081 2086 1117 2119 in
1143 2090 1303 2119 extremo
1329 2085 1415 2119 fidei
1435 2097 1541 2130 causa

95 2141 160 2164 sua
193 2133 342 2164 nomina
375 2131 678 2177 subscripserunt,
734 2133 955 2166 Archontum
996 2131 1143 2178 quidem
1180 2137 1352 2176 concepta
1391 2138 1468 2167 erat
1499 2134 1540 2167 in

94 2177 187 2210 haec
219 2176 347 2210 verba:
374 2178 607 2223 Posteaquam
640 2183 752 2212 temet
775 2180 891 2224 ipsum
918 2178 1157 2219 damnavisti,
1194 2183 1232 2212 et
1256 2183 1352 2212 recte
1378 2179 1540 2224 quidem,

98 2223 197 2268 quod
230 2224 282 2258 ita
317 2224 558 2268 impossibilia
584 2230 621 2258 et
649 2225 808 2258 nefanda
836 2237 1016 2270 aggressus
1047 2227 1108 2266 sis,
1126 2225 1314 2271 pestisque
1339 2231 1402 2258 tua
1426 2238 1539 2272 opera

97 2270 264 2303 Romanis
302 2276 528 2315 comparatae
560 2272 848 2317 magnitudinem
877 2279 1073 2317 reputans,
1100 2271 1227 2316 petisti
1255 2272 1447 2316 imperium
1473 2273 1540 2306 de-

94 2328 232 2362 ponere
263 2323 302 2350 et
334 2318 465 2361 privati
490 2317 653 2352 habitum
682 2330 886 2359 resumere,
924 2324 965 2351 ut
988 2319 1094 2352 nobis
1120 2329 1268 2362 magnus
1303 2317 1376 2351 dux
1401 2319 1538 2364 optimo

98 2369 135 2397 et
157 2364 390 2397 sacratissimo
417 2365 627 2409 imperatori
653 2371 776 2399 nostro
804 2365 1008 2399 carissimus
1034 2371 1070 2398 et
1095 2365 1325 2398 fidelissimus
1349 2365 1536 2407 indicavit,

96 2420 171 2443 rem
198 2410 326 2443 iustam
351 2414 388 2442 et
412 2422 491 2443 cum
516 2411 662 2445 tibimet
681 2413 765 2458 ipsi,
794 2417 871 2446 tum
896 2412 978 2445 aliis
1004 2412 1224 2445 fructuosam
1250 2416 1287 2444 te
1313 2413 1536 2457 propositam

96 2455 232 2490 habere
264 2456 529 2496 existimantes,
563 2458 607 2492 de
646 2463 720 2491 tam
758 2458 855 2492 bono
894 2458 1048 2492 consilio
1079 2463 1114 2490 te
1147 2458 1472 2493 commendavimus
1499 2465 1537 2493 et

94 2502 190 2545 'hanc
214 2503 430 2548 legationem
454 2505 630 2546 misimus,
654 2510 695 2538 ut
718 2505 817 2550 quod
841 2506 918 2551 ipse
947 2505 1123 2550 petivisti,
1147 2504 1186 2538 id
1211 2505 1283 2538 fiat.
1331 2504 1385 2538 Ne
1414 2502 1535 2539 anilem

96 2555 181 2595 post
203 2550 335 2594 privati
359 2549 604 2584 conditionem
636 2553 828 2597 repetitam
854 2552 1046 2584 molestum
1072 2556 1134 2584 aut
1158 2553 1261 2585 triste
1285 2551 1428 2598 aliquid
1462 2553 1534 2586 tibi

98 2602 308 2630 eventurum
333 2596 536 2641 suspicere,
559 2597 668 2631 hasce
684 2598 836 2632 -litteras
861 2598 1054 2640 mittimus3
1088 2597 1244 2644 quibus,
1276 2609 1347 2644 quo
1374 2605 1450 2632 raia
1476 2611 1535 2632 es-

98 2647 180 2676 sent
226 2648 262 2676 et
305 2647 343 2676 tu
382 2653 548 2676 securum
582 2650 620 2678 te
645 2644 720 2678 fore
746 2645 926 2678 confidere
950 2654 1096 2689 posses,
1131 2645 1277 2678 nomina
1303 2652 1424 2679 nostra
1449 2646 1535 2690 sub·

99 2689 316 2733 scripsimus.
379 2689 520 2722 Deinde
553 2696 588 2724 et
612 2692 805 2735 pensiones
840 2695 1034 2731 notarunt,
1062 2701 1149 2736 quas
1171 2691 1249 2736 ipse
1274 2702 1354 2725 cum
1384 2692 1468 2726 filiis
1497 2698 1535 2726 et

99 2735 314 2781 propinquis
339 2735 386 2769 de
412 2735 568 2780 publicis
595 2738 831 2782 vectigalibus
859 2742 1014 2780 caperet.
1070 2738 1188 2784 Atque
1222 2739 1290 2772 ista
1322 2738 1534 2772 archontum

99 2781 232 2815 litteris
271 2782 562 2820 continebantur.
608 2784 832 2819 Patriarchae
857 2784 1010 2829 epistola
1045 2782 1115 2818 hoc
1139 2785 1303 2832 exemplo
1332 2786 1535 2832 conscripta
