<?xml version="1.0" encoding="UTF-8"?>
<!DOCTYPE html PUBLIC "-//W3C//DTD XHTML 1.0 Transitional//EN"
    "http://www.w3.org/TR/xhtml1/DTD/xhtml1-transitional.dtd">
<html xmlns="http://www.w3.org/1999/xhtml" xml:lang="en" lang="en">
 <head>
  <title>
</title>
<meta http-equiv="Content-Type" content="text/html;charset=utf-8" />
  <meta name='ocr-system' content='tesseract 3.04.00' />
  <meta name='ocr-capabilities' content='ocr_page ocr_carea ocr_par ocr_line ocrx_word'/>
</head>
<body>
  <div class='ocr_page' id='page_1' title='image "./corpusscriptorum24niebuoft_0617.png"; bbox 0 0 1806 3152; ppageno 0'>
   <div class='ocr_carea' id='block_1_1' title="bbox 538 158 1548 227">
    <p class='ocr_par' dir='ltr' id='par_1_1' title="bbox 538 158 1548 227">
     <span class='ocr_line' id='line_1_1' title="bbox 538 158 1548 227; baseline -0.01 -5"><span class='ocrx_word' id='word_1_1' title='bbox 538 179 914 222; x_wconf 79' lang='lat' dir='ltr'>mSTORlARUM</span> <span class='ocrx_word' id='word_1_2' title='bbox 954 180 1026 219; x_wconf 73' lang='lat' dir='ltr'>ui.</span> <span class='ocrx_word' id='word_1_3' title='bbox 1050 182 1119 227; x_wconf 88' lang='lat'>99.</span> <span class='ocrx_word' id='word_1_4' title='bbox 1437 158 1548 213; x_wconf 86' lang='lat'>605</span> 
     </span>
    </p>
   </div>
   <div class='ocr_carea' id='block_1_2' title="bbox 60 278 1746 1780">
    <p class='ocr_par' dir='ltr' id='par_1_2' title="bbox 60 278 1746 1780">
     <span class='ocr_line' id='line_1_2' title="bbox 112 278 1746 337; baseline -0.004 -13"><span class='ocrx_word' id='word_1_5' title='bbox 112 282 317 337; x_wconf 74' lang='grc' dir='ltr'><em>ἐμήνυεν,</em></span> <span class='ocrx_word' id='word_1_6' title='bbox 346 281 404 330; x_wconf 77' lang='grc' dir='ltr'><em>ὥς</em></span> <span class='ocrx_word' id='word_1_7' title='bbox 430 283 474 324; x_wconf 80' lang='grc' dir='ltr'><em>ἕν</em></span> <span class='ocrx_word' id='word_1_8' title='bbox 505 279 638 336; x_wconf 73' lang='grc' dir='ltr'><em>ταύτῃ</em></span> <span class='ocrx_word' id='word_1_9' title='bbox 668 281 717 337; x_wconf 80' lang='grc' dir='ltr'>τῇ</span> <span class='ocrx_word' id='word_1_10' title='bbox 744 278 860 321; x_wconf 70' lang='grc' dir='ltr'><em>νυκτὶ</em></span> <span class='ocrx_word' id='word_1_11' title='bbox 887 278 1005 334; x_wconf 74' lang='grc' dir='ltr'><em>ἐγγυς</em></span> <span class='ocrx_word' id='word_1_12' title='bbox 1033 279 1097 334; x_wconf 87' lang='grc' dir='ltr'>εἴη</span> <span class='ocrx_word' id='word_1_13' title='bbox 1126 280 1363 330; x_wconf 76' lang='grc' dir='ltr'><em>Βυζαντίου</em></span> <span class='ocrx_word' id='word_1_14' title='bbox 1392 280 1543 331; x_wconf 74' lang='grc' dir='ltr'><em>τειχῶν</em></span> <span class='ocrx_word' id='word_1_15' title='bbox 1560 282 1641 316; x_wconf 79' lang='lat' dir='ltr'>AC.</span> <span class='ocrx_word' id='word_1_16' title='bbox 1661 281 1746 328; x_wconf 70' lang='lat'>¹347</span> 
     </span>
     <span class='ocr_line' id='line_1_3' title="bbox 114 336 1552 402; baseline -0.005 -12"><span class='ocrx_word' id='word_1_17' title='bbox 114 348 138 389; x_wconf 81' lang='grc' dir='ltr'>ὁ</span> <span class='ocrx_word' id='word_1_18' title='bbox 167 336 538 402; x_wconf 81' lang='grc' dir='ltr'><em>Καντακουζηνὸς,</em></span> <span class='ocrx_word' id='word_1_19' title='bbox 581 344 605 387; x_wconf 81' lang='grc' dir='ltr'><em>ὃ</em></span> <span class='ocrx_word' id='word_1_20' title='bbox 642 344 915 402; x_wconf 81' lang='grc' dir='ltr'><em>φυλάξασθαι</em></span> <span class='ocrx_word' id='word_1_21' title='bbox 945 346 1039 387; x_wconf 87' lang='grc' dir='ltr'><em>δέον</em></span> <span class='ocrx_word' id='word_1_22' title='bbox 1065 347 1278 397; x_wconf 65' lang='grc' dir='ltr'><em>βασιλιῖϊα.</em></span> <span class='ocrx_word' id='word_1_23' title='bbox 1307 341 1552 400; x_wconf 71' lang='grc' dir='ltr'><em>ἰσχυρίζετό</em></span> 
     </span>
     <span class='ocr_line' id='line_1_4' title="bbox 113 407 1594 469; baseline -0.003 -14"><span class='ocrx_word' id='word_1_24' title='bbox 113 428 159 455; x_wconf 88' lang='grc' dir='ltr'>τε</span> <span class='ocrx_word' id='word_1_25' title='bbox 194 410 438 469; x_wconf 77' lang='grc' dir='ltr'><em>σαφέστατα</em></span> <span class='ocrx_word' id='word_1_26' title='bbox 476 413 630 454; x_wconf 81' lang='grc' dir='ltr'><em>εἰδέναι</em></span> <span class='ocrx_word' id='word_1_27' title='bbox 658 410 774 467; x_wconf 75' lang='grc' dir='ltr'><em>παρὰ</em></span> <span class='ocrx_word' id='word_1_28' title='bbox 801 413 883 452; x_wconf 76' lang='grc' dir='ltr'>τῶν</span> <span class='ocrx_word' id='word_1_29' title='bbox 914 410 964 452; x_wconf 74' lang='grc' dir='ltr'>τά</span> <span class='ocrx_word' id='word_1_30' title='bbox 1000 410 1216 467; x_wconf 70' lang='grc' dir='ltr'><em>α’πόρῥητα</em></span> <span class='ocrx_word' id='word_1_31' title='bbox 1245 407 1594 452; x_wconf 66' lang='grc' dir='ltr'>κοινωνούντοιηιΟ</span> 
     </span>
     <span class='ocr_line' id='line_1_5' title="bbox 116 471 1554 535; baseline -0.003 -16"><span class='ocrx_word' id='word_1_32' title='bbox 116 480 231 535; x_wconf 69' lang='grc' dir='ltr'><em>αὐτῷ</em></span> <span class='ocrx_word' id='word_1_33' title='bbox 267 480 489 534; x_wconf 81' lang='grc' dir='ltr'><em>πεμφθείς.</em></span> <span class='ocrx_word' id='word_1_34' title='bbox 543 476 709 530; x_wconf 75' lang='grc' dir='ltr'><em>βασιλίς</em></span> <span class='ocrx_word' id='word_1_35' title='bbox 740 477 786 517; x_wconf 83' lang='grc' dir='ltr'>δὲ</span> <span class='ocrx_word' id='word_1_36' title='bbox 813 477 904 518; x_wconf 72' lang='grc' dir='ltr'><em>ἐπεὶ</em></span> <span class='ocrx_word' id='word_1_37' title='bbox 930 473 1131 528; x_wconf 79' lang='grc' dir='ltr'><em>ἐπύθετο,</em></span> <span class='ocrx_word' id='word_1_38' title='bbox 1167 474 1329 530; x_wconf 75' lang='grc' dir='ltr'><em>ἀπάτην</em></span> <span class='ocrx_word' id='word_1_39' title='bbox 1358 471 1465 517; x_wconf 86' lang='grc' dir='ltr'><em>εἶναι</em></span> <span class='ocrx_word' id='word_1_40' title='bbox 1493 475 1554 516; x_wconf 80' lang='grc' dir='ltr'><em>οἰ-</em></span> 
     </span>
     <span class='ocr_line' id='line_1_6' title="bbox 87 539 1552 598; baseline -0.003 -12"><span class='ocrx_word' id='word_1_41' title='bbox 87 547 263 598; x_wconf 83' lang='grc' dir='ltr'><em>5ηθεῖσα</em></span> <span class='ocrx_word' id='word_1_42' title='bbox 303 542 382 584; x_wconf 79' lang='grc' dir='ltr'>ὗπό</span> <span class='ocrx_word' id='word_1_43' title='bbox 424 545 507 585; x_wconf 77' lang='grc' dir='ltr'>τῶν</span> <span class='ocrx_word' id='word_1_44' title='bbox 536 539 803 596; x_wconf 74' lang='grc' dir='ltr'><em>πατριάρχου</em></span> <span class='ocrx_word' id='word_1_45' title='bbox 841 543 983 597; x_wconf 75' lang='grc' dir='ltr'><em>φίλων</em></span> <span class='ocrx_word' id='word_1_46' title='bbox 1025 543 1434 597; x_wconf 79' lang='grc' dir='ltr'><em>συνεσκευασμένην,</em></span> <span class='ocrx_word' id='word_1_47' title='bbox 1484 540 1552 591; x_wconf 75' lang='grc' dir='ltr'><em>ἵν’,</em></span> 
     </span>
     <span class='ocr_line' id='line_1_7' title="bbox 114 599 1554 665; baseline -0.003 -14"><span class='ocrx_word' id='word_1_48' title='bbox 114 609 245 664; x_wconf 72' lang='grc' dir='ltr'><em>αὐτῆς</em></span> <span class='ocrx_word' id='word_1_49' title='bbox 286 609 391 664; x_wconf 82' lang='grc' dir='ltr'><em>πρὸς</em></span> <span class='ocrx_word' id='word_1_50' title='bbox 430 607 506 665; x_wconf 79' lang='grc' dir='ltr'>τὴν</span> <span class='ocrx_word' id='word_1_51' title='bbox 545 605 739 662; x_wconf 80' lang='grc' dir='ltr'><em>ἆγγελιάν</em></span> <span class='ocrx_word' id='word_1_52' title='bbox 780 599 1212 662; x_wconf 56' lang='grc' dir='ltr'><em>θορυβηθεισης,.τὸ,</em></span> <span class='ocrx_word' id='word_1_53' title='bbox 1250 609 1397 649; x_wconf 79' lang='grc' dir='ltr'><em>δοῦναι</em></span> <span class='ocrx_word' id='word_1_54' title='bbox 1436 607 1554 660; x_wconf 82' lang='grc' dir='ltr'><em>δίκην</em></span> 
     </span>
     <span class='ocr_line' id='line_1_8' title="bbox 113 668 1555 732; baseline -0.003 -16"><span class='ocrx_word' id='word_1_55' title='bbox 113 677 271 724; x_wconf 77' lang='grc' dir='ltr'><em>ἐκεῖνος</em></span> <span class='ocrx_word' id='word_1_56' title='bbox 299 675 484 732; x_wconf 56' lang='grc' dir='ltr'><em>διαδριιόη</em></span> <span class='ocrx_word' id='word_1_57' title='bbox 515 675 583 730; x_wconf 81' lang='grc' dir='ltr'>ἐφ’</span> <span class='ocrx_word' id='word_1_58' title='bbox 606 668 667 722; x_wconf 83' lang='grc' dir='ltr'>οἷς</span> <span class='ocrx_word' id='word_1_59' title='bbox 697 670 898 727; x_wconf 78' lang='grc' dir='ltr'><em>ἐτόλμησε</em></span> <span class='ocrx_word' id='word_1_60' title='bbox 927 671 1030 714; x_wconf 79' lang='grc' dir='ltr'><em>κατὰ</em></span> <span class='ocrx_word' id='word_1_61' title='bbox 1059 674 1166 714; x_wconf 76' lang='grc' dir='ltr'><em>θεοῦ</em></span> <span class='ocrx_word' id='word_1_62' title='bbox 1180 706 1191 723; x_wconf 92' lang='grc'><em>,</em></span> <span class='ocrx_word' id='word_1_63' title='bbox 1233 674 1310 714; x_wconf 75' lang='grc' dir='ltr'><em>οὔκ</em></span> <span class='ocrx_word' id='word_1_64' title='bbox 1341 671 1422 728; x_wconf 82' lang='grc' dir='ltr'>ἔφη</span> <span class='ocrx_word' id='word_1_65' title='bbox 1449 672 1555 713; x_wconf 76' lang='grc' dir='ltr'><em>ἄνα-</em></span> 
     </span>
     <span class='ocr_line' id='line_1_9' title="bbox 114 732 1555 795; baseline -0.002 -13"><span class='ocrx_word' id='word_1_66' title='bbox 114 739 373 795; x_wconf 71' lang='grc' dir='ltr'><em>στήσεσθαι,</em></span> <span class='ocrx_word' id='word_1_67' title='bbox 414 742 455 782; x_wconf 86' lang='grc' dir='ltr'>εἰ</span> <span class='ocrx_word' id='word_1_68' title='bbox 481 743 554 782; x_wconf 77' lang='grc' dir='ltr'>καί</span> <span class='ocrx_word' id='word_1_69' title='bbox 580 741 729 795; x_wconf 77' lang='grc' dir='ltr'><em>σαφῶς</em></span> <span class='ocrx_word' id='word_1_70' title='bbox 757 741 887 794; x_wconf 85' lang='grc' dir='ltr'><em>εἰδείη</em></span> <span class='ocrx_word' id='word_1_71' title='bbox 918 741 961 781; x_wconf 78' lang='grc' dir='ltr'><em>ἐν</em></span> <span class='ocrx_word' id='word_1_72' title='bbox 989 741 1120 795; x_wconf 84' lang='grc' dir='ltr'><em>ἐκείνῃ</em></span> <span class='ocrx_word' id='word_1_73' title='bbox 1159 741 1212 795; x_wconf 81' lang='grc' dir='ltr'>τῇ</span> <span class='ocrx_word' id='word_1_74' title='bbox 1239 732 1356 780; x_wconf 75' lang='grc' dir='ltr'><em>νυκτί</em></span> <span class='ocrx_word' id='word_1_75' title='bbox 1382 741 1555 780; x_wconf 87' lang='grc' dir='ltr'><em>Καντα-</em></span> 
     </span>
     <span class='ocr_line' id='line_1_10' title="bbox 114 801 1554 861; baseline -0.003 -14"><span class='ocrx_word' id='word_1_76' title='bbox 114 805 310 861; x_wconf 82' lang='grc' dir='ltr'><em>κουζηνὸν</em></span> <span class='ocrx_word' id='word_1_77' title='bbox 355 804 546 859; x_wconf 79' lang='grc' dir='ltr'><em>ἐσόμενον</em></span> <span class='ocrx_word' id='word_1_78' title='bbox 589 805 704 855; x_wconf 81' lang='grc' dir='ltr'><em>ἐντὸς</em></span> <span class='ocrx_word' id='word_1_79' title='bbox 746 808 908 859; x_wconf 76' lang='grc' dir='ltr'><em>τειχῶν.</em></span> <span class='ocrx_word' id='word_1_80' title='bbox 963 805 989 859; x_wconf 82' lang='grc' dir='ltr'><em>ἦ</em></span> <span class='ocrx_word' id='word_1_81' title='bbox 1030 806 1107 857; x_wconf 81' lang='grc' dir='ltr'><em>μὲν</em></span> <span class='ocrx_word' id='word_1_82' title='bbox 1146 801 1222 847; x_wconf 72' lang='grc' dir='ltr'>οὖν</span> <span class='ocrx_word' id='word_1_83' title='bbox 1248 806 1423 846; x_wconf 78' lang='grc' dir='ltr'><em>τοιαῦτα</em></span> <span class='ocrx_word' id='word_1_84' title='bbox 1453 803 1554 844; x_wconf 75' lang='grc' dir='ltr'><em>ἅπε-</em></span> 
     </span>
     <span class='ocr_line' id='line_1_11' title="bbox 65 863 1578 930; baseline -0.002 -18"><span class='ocrx_word' id='word_1_85' title='bbox 65 874 321 928; x_wconf 80' lang='grc' dir='ltr'><em>ιοφθέγξατο</em></span> <span class='ocrx_word' id='word_1_86' title='bbox 347 870 407 926; x_wconf 76' lang='grc' dir='ltr'>μή</span> <span class='ocrx_word' id='word_1_87' title='bbox 445 868 553 914; x_wconf 80' lang='grc' dir='ltr'><em>εἶναι</em></span> <span class='ocrx_word' id='word_1_88' title='bbox 581 872 722 926; x_wconf 74' lang='grc' dir='ltr'><em>ἀληθῆ</em></span> <span class='ocrx_word' id='word_1_89' title='bbox 745 869 821 925; x_wconf 72' lang='grc' dir='ltr'>τήν</span> <span class='ocrx_word' id='word_1_90' title='bbox 861 871 1052 925; x_wconf 75' lang='grc' dir='ltr'><em>ἀγγελίαν</em></span> <span class='ocrx_word' id='word_1_91' title='bbox 1090 872 1293 925; x_wconf 82' lang='grc' dir='ltr'><em>οἷηθεῖσα.</em></span> <span class='ocrx_word' id='word_1_92' title='bbox 1340 868 1397 930; x_wconf 49' lang='grc' dir='ltr'>Ἰτὸ</span> <span class='ocrx_word' id='word_1_93' title='bbox 1428 870 1475 911; x_wconf 82' lang='grc' dir='ltr'>δὲ</span> <span class='ocrx_word' id='word_1_94' title='bbox 1505 863 1578 923; x_wconf 78' lang='grc' dir='ltr'><em>ἦν.</em></span> 
     </span>
     <span class='ocr_line' id='line_1_12' title="bbox 109 933 1554 994; baseline -0.001 -17"><span class='ocrx_word' id='word_1_95' title='bbox 109 933 201 994; x_wconf 68' lang='grc' dir='ltr'>ἄρα</span> <span class='ocrx_word' id='word_1_96' title='bbox 243 937 420 993; x_wconf 74' lang='grc' dir='ltr'><em>ἀληθές·</em></span> <span class='ocrx_word' id='word_1_97' title='bbox 478 938 534 987; x_wconf 79' lang='grc' dir='ltr'><em>ὥς</em></span> <span class='ocrx_word' id='word_1_98' title='bbox 570 935 651 993; x_wconf 74' lang='grc' dir='ltr'><em>γάρ</em></span> <span class='ocrx_word' id='word_1_99' title='bbox 691 939 738 979; x_wconf 79' lang='grc' dir='ltr'>ἐκ</span> <span class='ocrx_word' id='word_1_100' title='bbox 764 939 1032 992; x_wconf 80' lang='grc' dir='ltr'><em>Σηλυμβρίας</em></span> <span class='ocrx_word' id='word_1_101' title='bbox 1071 936 1179 988; x_wconf 75' lang='grc' dir='ltr'><em>μετὰ</em></span> <span class='ocrx_word' id='word_1_102' title='bbox 1218 934 1263 978; x_wconf 88' lang='grc' dir='ltr'>τὸ</span> <span class='ocrx_word' id='word_1_103' title='bbox 1290 935 1554 989; x_wconf 69' lang='grc' dir='ltr'><em>προθεσμίαν</em></span> 
     </span>
     <span class='ocr_line' id='line_1_13' title="bbox 113 997 1554 1059; baseline -0.003 -13"><span class='ocrx_word' id='word_1_104' title='bbox 113 1006 351 1046; x_wconf 72' lang='grc' dir='ltr'><em>συνθέσθαι</em></span> <span class='ocrx_word' id='word_1_105' title='bbox 378 1002 484 1059; x_wconf 87' lang='grc' dir='ltr'><em>πρὸς</em></span> <span class='ocrx_word' id='word_1_106' title='bbox 511 1003 612 1052; x_wconf 79' lang='grc' dir='ltr'><em>τους</em></span> <span class='ocrx_word' id='word_1_107' title='bbox 640 1002 896 1058; x_wconf 80' lang='grc' dir='ltr'><em>πράττοντας</em></span> <span class='ocrx_word' id='word_1_108' title='bbox 926 1001 999 1056; x_wconf 73' lang='grc' dir='ltr'>την</span> <span class='ocrx_word' id='word_1_109' title='bbox 1020 999 1200 1055; x_wconf 77' lang='grc' dir='ltr'><em>ἅλωσιν,</em></span> <span class='ocrx_word' id='word_1_110' title='bbox 1231 1003 1274 1044; x_wconf 83' lang='grc' dir='ltr'><em>ἐν</em></span> <span class='ocrx_word' id='word_1_111' title='bbox 1304 997 1334 1059; x_wconf 82' lang='grc' dir='ltr'><em>ᾗ</em></span> <span class='ocrx_word' id='word_1_112' title='bbox 1358 998 1489 1042; x_wconf 78' lang='grc' dir='ltr'><em>αὐτόν</em></span> <span class='ocrx_word' id='word_1_113' title='bbox 1511 1016 1554 1042; x_wconf 77' lang='grc' dir='ltr'>τε</span> 
     </span>
     <span class='ocr_line' id='line_1_14' title="bbox 112 1065 1558 1123; baseline -0.003 -12"><span class='ocrx_word' id='word_1_114' title='bbox 112 1075 311 1123; x_wconf 85' lang='grc' dir='ltr'><em>παρεῖναι</em></span> <span class='ocrx_word' id='word_1_115' title='bbox 354 1067 441 1110; x_wconf 78' lang='grc' dir='ltr'><em>ἔδει</em></span> <span class='ocrx_word' id='word_1_116' title='bbox 486 1070 701 1117; x_wconf 68' lang='grc' dir='ltr'><em>κάκείνους</em></span> <span class='ocrx_word' id='word_1_117' title='bbox 727 1066 805 1122; x_wconf 72' lang='grc' dir='ltr'><em>τήν</em></span> <span class='ocrx_word' id='word_1_118' title='bbox 829 1070 995 1123; x_wconf 80' lang='grc' dir='ltr'><em>χρυσῆν</em></span> <span class='ocrx_word' id='word_1_119' title='bbox 1021 1066 1155 1122; x_wconf 79' lang='grc' dir='ltr'><em>πύλην</em></span> <span class='ocrx_word' id='word_1_120' title='bbox 1186 1065 1418 1122; x_wconf 79' lang='grc' dir='ltr'><em>διορύττειν</em></span> <span class='ocrx_word' id='word_1_121' title='bbox 1446 1066 1558 1123; x_wconf 67' lang='lat' dir='ltr'>dmg)-</span> 
     </span>
     <span class='ocr_line' id='line_1_15' title="bbox 113 1131 1595 1190; baseline -0.003 -14"><span class='ocrx_word' id='word_1_122' title='bbox 113 1137 420 1190; x_wconf 83' lang='grc' dir='ltr'><em>κοδομημένην,</em></span> <span class='ocrx_word' id='word_1_123' title='bbox 451 1136 511 1183; x_wconf 80' lang='grc' dir='ltr'>εἷς</span> <span class='ocrx_word' id='word_1_124' title='bbox 535 1131 884 1190; x_wconf 76' lang='grc' dir='ltr'><em>Ἀδριανούπολιν</em></span> <span class='ocrx_word' id='word_1_125' title='bbox 914 1135 1070 1190; x_wconf 82' lang='grc' dir='ltr'><em>α’πῇρε,</em></span> <span class='ocrx_word' id='word_1_126' title='bbox 1109 1132 1157 1175; x_wconf 88' lang='grc' dir='ltr'>τὸ</span> <span class='ocrx_word' id='word_1_127' title='bbox 1192 1131 1411 1174; x_wconf 81' lang='grc' dir='ltr'><em>κάλλιστον</em></span> <span class='ocrx_word' id='word_1_128' title='bbox 1447 1132 1595 1173; x_wconf 72' lang='grc' dir='ltr'><em>ἀπο-Ι)</em></span> 
     </span>
     <span class='ocr_line' id='line_1_16' title="bbox 65 1193 1559 1256; baseline -0.001 -15"><span class='ocrx_word' id='word_1_129' title='bbox 65 1201 332 1253; x_wconf 76' lang='grc' dir='ltr'><em>ιὸλεξὰμενος</em></span> <span class='ocrx_word' id='word_1_130' title='bbox 351 1202 423 1256; x_wconf 81' lang='grc' dir='ltr'>τῆς</span> <span class='ocrx_word' id='word_1_131' title='bbox 442 1193 644 1254; x_wconf 80' lang='grc' dir='ltr'><em>στρατιᾶς</em></span> <span class='ocrx_word' id='word_1_132' title='bbox 675 1199 782 1254; x_wconf 73' lang='grc' dir='ltr'><em>ὑπὲρ</em></span> <span class='ocrx_word' id='word_1_133' title='bbox 810 1201 974 1253; x_wconf 77' lang='grc' dir='ltr'><em>χιλίους</em></span> <span class='ocrx_word' id='word_1_134' title='bbox 1001 1197 1144 1252; x_wconf 76' lang='grc' dir='ltr'><em>ὄντας,</em></span> <span class='ocrx_word' id='word_1_135' title='bbox 1174 1200 1242 1240; x_wconf 83' lang='grc' dir='ltr'>ἵνα</span> <span class='ocrx_word' id='word_1_136' title='bbox 1269 1196 1327 1252; x_wconf 74' lang='grc' dir='ltr'>μη</span> <span class='ocrx_word' id='word_1_137' title='bbox 1359 1195 1559 1254; x_wconf 77' lang='grc' dir='ltr'><em>κατάφω-</em></span> 
     </span>
     <span class='ocr_line' id='line_1_17' title="bbox 113 1261 1558 1321; baseline -0.001 -14"><span class='ocrx_word' id='word_1_138' title='bbox 113 1282 185 1321; x_wconf 88' lang='grc' dir='ltr'>ρος</span> <span class='ocrx_word' id='word_1_139' title='bbox 213 1265 277 1321; x_wconf 82' lang='grc' dir='ltr'>εἴη</span> <span class='ocrx_word' id='word_1_140' title='bbox 305 1263 559 1320; x_wconf 80' lang='grc' dir='ltr'><em>ἐπαγόμενος</em></span> <span class='ocrx_word' id='word_1_141' title='bbox 586 1264 786 1313; x_wconf 78' lang='grc' dir='ltr'><em>πολλούς·</em></span> <span class='ocrx_word' id='word_1_142' title='bbox 830 1267 902 1306; x_wconf 86' lang='grc' dir='ltr'><em>καί</em></span> <span class='ocrx_word' id='word_1_143' title='bbox 943 1263 1015 1306; x_wconf 74' lang='grc' dir='ltr'>διὰ</span> <span class='ocrx_word' id='word_1_144' title='bbox 1046 1267 1130 1306; x_wconf 76' lang='grc' dir='ltr'>τῶν</span> <span class='ocrx_word' id='word_1_145' title='bbox 1158 1262 1360 1319; x_wconf 74' lang='grc' dir='ltr'><em>ἀοικήτων</em></span> <span class='ocrx_word' id='word_1_146' title='bbox 1408 1263 1482 1306; x_wconf 78' lang='grc' dir='ltr'>καὶ</span> <span class='ocrx_word' id='word_1_147' title='bbox 1508 1261 1558 1305; x_wconf 82' lang='grc' dir='ltr'><em>οἷ-</em></span> 
     </span>
     <span class='ocr_line' id='line_1_18' title="bbox 114 1327 1561 1386; baseline -0.002 -13"><span class='ocrx_word' id='word_1_148' title='bbox 114 1334 270 1384; x_wconf 77' lang='grc' dir='ltr'><em>τριβῶν</em></span> <span class='ocrx_word' id='word_1_149' title='bbox 315 1330 495 1380; x_wconf 80' lang='grc' dir='ltr'><em>ὁδεύσας</em></span> <span class='ocrx_word' id='word_1_150' title='bbox 544 1331 749 1386; x_wconf 76' lang='grc' dir='ltr'><em>ὑστέρησε</em></span> <span class='ocrx_word' id='word_1_151' title='bbox 795 1332 873 1383; x_wconf 83' lang='grc' dir='ltr'><em>μὲν</em></span> <span class='ocrx_word' id='word_1_152' title='bbox 910 1334 983 1385; x_wconf 78' lang='grc' dir='ltr'>τῆς</span> <span class='ocrx_word' id='word_1_153' title='bbox 1023 1332 1287 1385; x_wconf 79' lang='grc' dir='ltr'><em>προθεσμίας</em></span> <span class='ocrx_word' id='word_1_154' title='bbox 1326 1327 1408 1370; x_wconf 66' lang='lat' dir='ltr'>timi</span> <span class='ocrx_word' id='word_1_155' title='bbox 1449 1345 1561 1378; x_wconf 89' lang='grc' dir='ltr'><em>τινος</em></span> 
     </span>
     <span class='ocr_line' id='line_1_19' title="bbox 115 1395 1558 1454; baseline -0.001 -17"><span class='ocrx_word' id='word_1_156' title='bbox 115 1396 296 1451; x_wconf 78' lang='grc' dir='ltr'><em>α’νάγκης</em></span> <span class='ocrx_word' id='word_1_157' title='bbox 323 1396 527 1446; x_wconf 69' lang='grc' dir='ltr'><em>κωλυθεὶς</em></span> <span class='ocrx_word' id='word_1_158' title='bbox 554 1397 690 1454; x_wconf 75' lang='grc' dir='ltr'><em>ἡμέρᾳ</em></span> <span class='ocrx_word' id='word_1_159' title='bbox 717 1400 816 1454; x_wconf 76' lang='grc' dir='ltr'><em>μιᾷ·</em></span> <span class='ocrx_word' id='word_1_160' title='bbox 847 1397 920 1438; x_wconf 86' lang='grc' dir='ltr'><em>καί</em></span> <span class='ocrx_word' id='word_1_161' title='bbox 946 1400 1114 1448; x_wconf 81' lang='grc' dir='ltr'><em>πολλοῖς</em></span> <span class='ocrx_word' id='word_1_162' title='bbox 1130 1395 1304 1437; x_wconf 61' lang='lat' dir='ltr'>§usitate</span> <span class='ocrx_word' id='word_1_163' title='bbox 1332 1399 1558 1450; x_wconf 83' lang='grc' dir='ltr'><em>λογισμοῖς,</em></span> 
     </span>
     <span class='ocr_line' id='line_1_20' title="bbox 115 1459 1587 1517; baseline -0.001 -15"><span class='ocrx_word' id='word_1_164' title='bbox 115 1459 337 1515; x_wconf 77' lang='grc' dir='ltr'><em>δεδοικώς,</em></span> <span class='ocrx_word' id='word_1_165' title='bbox 367 1461 426 1516; x_wconf 74' lang='grc' dir='ltr'>μή</span> <span class='ocrx_word' id='word_1_166' title='bbox 459 1460 722 1517; x_wconf 76' lang='grc' dir='ltr'><em>διορύξαντες</em></span> <span class='ocrx_word' id='word_1_167' title='bbox 762 1461 802 1503; x_wconf 87' lang='grc' dir='ltr'><em>οἱ</em></span> <span class='ocrx_word' id='word_1_168' title='bbox 830 1460 880 1503; x_wconf 81' lang='grc' dir='ltr'>τοὶ</span> <span class='ocrx_word' id='word_1_169' title='bbox 921 1463 1081 1503; x_wconf 80' lang='grc' dir='ltr'><em>ἐκείνου</em></span> <span class='ocrx_word' id='word_1_170' title='bbox 1109 1459 1358 1516; x_wconf 76' lang='grc' dir='ltr'><em>πράττοντες</em></span> <span class='ocrx_word' id='word_1_171' title='bbox 1385 1460 1487 1503; x_wconf 82' lang='grc' dir='ltr'><em>κατὰ</em></span> <span class='ocrx_word' id='word_1_172' title='bbox 1513 1459 1559 1503; x_wconf 84' lang='grc' dir='ltr'>τὸ</span> <span class='ocrx_word' id='word_1_173' title='bbox 1584 1484 1587 1487; x_wconf 60' lang='grc'><strong><em>»</em></strong></span> 
     </span>
     <span class='ocr_line' id='line_1_21' title="bbox 60 1525 1563 1584; baseline 0 -15"><span class='ocrx_word' id='word_1_174' title='bbox 60 1527 309 1582; x_wconf 57' lang='grc' dir='ltr'><em>ποσύνθημα</em></span> <span class='ocrx_word' id='word_1_175' title='bbox 338 1527 413 1583; x_wconf 76' lang='grc' dir='ltr'>την</span> <span class='ocrx_word' id='word_1_176' title='bbox 440 1526 599 1582; x_wconf 82' lang='grc' dir='ltr'><em>πύλην,</em></span> <span class='ocrx_word' id='word_1_177' title='bbox 630 1526 760 1576; x_wconf 72' lang='grc' dir='ltr'><em>αὐτὸς</em></span> <span class='ocrx_word' id='word_1_178' title='bbox 788 1529 866 1579; x_wconf 84' lang='grc' dir='ltr'><em>μὲν</em></span> <span class='ocrx_word' id='word_1_179' title='bbox 887 1527 1004 1584; x_wconf 71' lang='grc' dir='ltr'><em>ἀπῇ,</em></span> <span class='ocrx_word' id='word_1_180' title='bbox 1034 1528 1182 1570; x_wconf 77' lang='grc' dir='ltr'><em>ἐκεῖνοι</em></span> <span class='ocrx_word' id='word_1_181' title='bbox 1213 1527 1261 1567; x_wconf 81' lang='grc' dir='ltr'>δὲ</span> <span class='ocrx_word' id='word_1_182' title='bbox 1286 1525 1370 1567; x_wconf 73' lang='grc' dir='ltr'>ὑπὸ</span> <span class='ocrx_word' id='word_1_183' title='bbox 1400 1529 1476 1568; x_wconf 82' lang='grc' dir='ltr'>τοῦ</span> <span class='ocrx_word' id='word_1_184' title='bbox 1490 1528 1563 1582; x_wconf 73' lang='grc' dir='ltr'>δή-</span> 
     </span>
     <span class='ocr_line' id='line_1_22' title="bbox 112 1591 1562 1650; baseline 0.001 -17"><span class='ocrx_word' id='word_1_185' title='bbox 112 1609 198 1646; x_wconf 90' lang='grc' dir='ltr'>μου</span> <span class='ocrx_word' id='word_1_186' title='bbox 227 1595 528 1650; x_wconf 73' lang='grc' dir='ltr'><em>διαφθαρῶσιν</em></span> <span class='ocrx_word' id='word_1_187' title='bbox 565 1591 733 1641; x_wconf 77' lang='grc' dir='ltr'><em>ἁλόντες</em></span> <span class='ocrx_word' id='word_1_188' title='bbox 761 1594 828 1634; x_wconf 80' lang='grc' dir='ltr'>ἐπ’</span> <span class='ocrx_word' id='word_1_189' title='bbox 848 1591 1101 1647; x_wconf 73' lang='grc' dir='ltr'><em>αὐτοφώρῳ.</em></span> <span class='ocrx_word' id='word_1_190' title='bbox 1156 1591 1229 1632; x_wconf 82' lang='grc' dir='ltr'><strong><em>καί</em></strong></span> <span class='ocrx_word' id='word_1_191' title='bbox 1261 1592 1562 1647; x_wconf 79' lang='grc' dir='ltr'><em>ἐδυσχέραινεν</em></span> 
     </span>
     <span class='ocr_line' id='line_1_23' title="bbox 114 1655 1683 1711; baseline -0.003 -12"><span class='ocrx_word' id='word_1_192' title='bbox 114 1660 193 1700; x_wconf 76' lang='grc' dir='ltr'><em>οὔκ</em></span> <span class='ocrx_word' id='word_1_193' title='bbox 221 1659 401 1707; x_wconf 75' lang='grc' dir='ltr'><em>ἀνεκτῶς</em></span> <span class='ocrx_word' id='word_1_194' title='bbox 439 1659 491 1699; x_wconf 78' lang='grc' dir='ltr'>ου’</span> <span class='ocrx_word' id='word_1_195' title='bbox 518 1657 646 1710; x_wconf 85' lang='grc' dir='ltr'><em>μόνον</em></span> <span class='ocrx_word' id='word_1_196' title='bbox 690 1655 760 1698; x_wconf 77' lang='grc' dir='ltr'>διὰ</span> <span class='ocrx_word' id='word_1_197' title='bbox 789 1655 864 1711; x_wconf 71' lang='grc' dir='ltr'>την</span> <span class='ocrx_word' id='word_1_198' title='bbox 891 1656 1129 1710; x_wconf 73' lang='grc' dir='ltr'><em>ἀποτυχίαν</em></span> <span class='ocrx_word' id='word_1_199' title='bbox 1154 1657 1421 1710; x_wconf 87' lang='grc' dir='ltr'><em>Βυζαντίου,</em></span> <span class='ocrx_word' id='word_1_200' title='bbox 1464 1658 1597 1700; x_wconf 74' lang='grc' dir='ltr'><em>ἄλλῬ.</em></span> <span class='ocrx_word' id='word_1_201' title='bbox 1613 1661 1683 1707; x_wconf 82' lang='grc'>695</span> 
     </span>
     <span class='ocr_line' id='line_1_24' title="bbox 115 1705 1564 1780; baseline 0.001 -15"><span class='ocrx_word' id='word_1_202' title='bbox 115 1721 183 1766; x_wconf 77' lang='grc' dir='ltr'>ὅτι</span> <span class='ocrx_word' id='word_1_203' title='bbox 220 1726 294 1767; x_wconf 79' lang='grc' dir='ltr'><em>καί</em></span> <span class='ocrx_word' id='word_1_204' title='bbox 335 1725 420 1766; x_wconf 75' lang='grc' dir='ltr'>τῶν</span> <span class='ocrx_word' id='word_1_205' title='bbox 465 1725 601 1780; x_wconf 84' lang='grc' dir='ltr'><em>φίλων</em></span> <span class='ocrx_word' id='word_1_206' title='bbox 629 1721 798 1777; x_wconf 83' lang='grc' dir='ltr'><em>ἔμελλεν</em></span> <span class='ocrx_word' id='word_1_207' title='bbox 825 1719 901 1765; x_wconf 73' lang='grc' dir='ltr'><em>οὔκ</em></span> <span class='ocrx_word' id='word_1_208' title='bbox 928 1721 1094 1777; x_wconf 79' lang='grc' dir='ltr'><em>ὀλίγους</em></span> <span class='ocrx_word' id='word_1_209' title='bbox 1122 1723 1306 1766; x_wconf 84' lang='grc' dir='ltr'><em>α’πολεῖν.</em></span> <span class='ocrx_word' id='word_1_210' title='bbox 1362 1720 1477 1777; x_wconf 77' lang='grc' dir='ltr'><em>ὅμως</em></span> <span class='ocrx_word' id='word_1_211' title='bbox 1514 1705 1564 1766; x_wconf 66' lang='lat'>&lt;522¹</span> 
     </span>
    </p>
   </div>
   <div class='ocr_carea' id='block_1_3' title="bbox 116 1863 1624 2795">
    <p class='ocr_par' dir='ltr' id='par_1_3' title="bbox 116 1863 1624 2795">
     <span class='ocr_line' id='line_1_25' title="bbox 117 1863 1560 1908; baseline -0.001 -10"><span class='ocrx_word' id='word_1_212' title='bbox 117 1874 290 1898; x_wconf 84' lang='lat' dir='ltr'>cuzenum</span> <span class='ocrx_word' id='word_1_213' title='bbox 323 1869 408 1897; x_wconf 88' lang='lat' dir='ltr'>ante</span> <span class='ocrx_word' id='word_1_214' title='bbox 443 1864 589 1908; x_wconf 79' lang='lat' dir='ltr'>moenia</span> <span class='ocrx_word' id='word_1_215' title='bbox 626 1863 790 1907; x_wconf 78' lang='lat' dir='ltr'>Byzantii</span> <span class='ocrx_word' id='word_1_216' title='bbox 825 1865 1044 1902; x_wconf 84' lang='lat' dir='ltr'>affuturum,</span> <span class='ocrx_word' id='word_1_217' title='bbox 1077 1863 1136 1896; x_wconf 87' lang='lat' dir='ltr'>cui</span> <span class='ocrx_word' id='word_1_218' title='bbox 1161 1863 1256 1895; x_wconf 88' lang='lat' dir='ltr'>malo</span> <span class='ocrx_word' id='word_1_219' title='bbox 1282 1863 1475 1908; x_wconf 82' lang='lat' dir='ltr'><strong>Augustam</strong></span> <span class='ocrx_word' id='word_1_220' title='bbox 1500 1875 1560 1897; x_wconf 87' lang='lat' dir='ltr'>oc-</span> 
     </span>
     <span class='ocr_line' id='line_1_26' title="bbox 116 1909 1563 1956; baseline -0.001 -12"><span class='ocrx_word' id='word_1_221' title='bbox 116 1922 260 1945; x_wconf 82' lang='lat' dir='ltr'>currere</span> <span class='ocrx_word' id='word_1_222' title='bbox 286 1914 472 1955; x_wconf 79' lang='lat' dir='ltr'><strong>oporteat:</strong></span> <span class='ocrx_word' id='word_1_223' title='bbox 503 1909 794 1956; x_wconf 78' lang='lat' dir='ltr'>affirmabatque,</span> <span class='ocrx_word' id='word_1_224' title='bbox 819 1910 858 1942; x_wconf 91' lang='lat' dir='ltr'>id</span> <span class='ocrx_word' id='word_1_225' title='bbox 882 1921 920 1943; x_wconf 89' lang='lat' dir='ltr'>se</span> <span class='ocrx_word' id='word_1_226' title='bbox 947 1910 1236 1956; x_wconf 84' lang='lat' dir='ltr'>exploratissime</span> <span class='ocrx_word' id='word_1_227' title='bbox 1271 1921 1399 1952; x_wconf 88' lang='lat' dir='ltr'>nosse,</span> <span class='ocrx_word' id='word_1_228' title='bbox 1436 1916 1563 1955; x_wconf 86' lang='lat' dir='ltr'><strong>utpote</strong></span> 
     </span>
     <span class='ocr_line' id='line_1_27' title="bbox 116 1955 1563 2002; baseline -0.001 -11"><span class='ocrx_word' id='word_1_229' title='bbox 116 1959 264 1992; x_wconf 78' lang='lat' dir='ltr'>missum</span> <span class='ocrx_word' id='word_1_230' title='bbox 289 1956 336 1989; x_wconf 84' lang='lat' dir='ltr'>ab</span> <span class='ocrx_word' id='word_1_231' title='bbox 367 1957 433 1995; x_wconf 77' lang='lat' dir='ltr'>iis,</span> <span class='ocrx_word' id='word_1_232' title='bbox 460 1955 677 2001; x_wconf 80' lang='lat' dir='ltr'>quibuscum</span> <span class='ocrx_word' id='word_1_233' title='bbox 702 1957 780 2002; x_wconf 84' lang='lat' dir='ltr'>ipse</span> <span class='ocrx_word' id='word_1_234' title='bbox 803 1967 932 1990; x_wconf 82' lang='lat' dir='ltr'>arcana</span> <span class='ocrx_word' id='word_1_235' title='bbox 963 1968 1028 1989; x_wconf 87' lang='lat' dir='ltr'>sua</span> <span class='ocrx_word' id='word_1_236' title='bbox 1057 1957 1347 1990; x_wconf 84' lang='lat' dir='ltr'><strong>communicaret.</strong></span> <span class='ocrx_word' id='word_1_237' title='bbox 1401 1958 1563 2002; x_wconf 83' lang='lat' dir='ltr'>Impera-</span> 
     </span>
     <span class='ocr_line' id='line_1_28' title="bbox 116 2002 1564 2048; baseline -0.001 -10"><span class='ocrx_word' id='word_1_238' title='bbox 116 2006 191 2039; x_wconf 82' lang='lat' dir='ltr'>trix</span> <span class='ocrx_word' id='word_1_239' title='bbox 218 2008 295 2036; x_wconf 84' lang='lat' dir='ltr'>rata</span> <span class='ocrx_word' id='word_1_240' title='bbox 324 2003 488 2036; x_wconf 83' lang='lat' dir='ltr'>fraudem</span> <span class='ocrx_word' id='word_1_241' title='bbox 513 2002 559 2035; x_wconf 82' lang='lat' dir='ltr'>ab</span> <span class='ocrx_word' id='word_1_242' title='bbox 583 2003 707 2036; x_wconf 88' lang='lat' dir='ltr'>amicis</span> <span class='ocrx_word' id='word_1_243' title='bbox 734 2002 959 2047; x_wconf 83' lang='lat' dir='ltr'><strong>patriarchae</strong></span> <span class='ocrx_word' id='word_1_244' title='bbox 986 2003 1211 2043; x_wconf 82' lang='lat' dir='ltr'>fabricatam,</span> <span class='ocrx_word' id='word_1_245' title='bbox 1229 2009 1282 2043; x_wconf 89' lang='lat' dir='ltr'>ut,</span> <span class='ocrx_word' id='word_1_246' title='bbox 1298 2004 1376 2048; x_wconf 87' lang='lat' dir='ltr'>ipsa</span> <span class='ocrx_word' id='word_1_247' title='bbox 1400 2004 1446 2036; x_wconf 85' lang='lat' dir='ltr'>ad</span> <span class='ocrx_word' id='word_1_248' title='bbox 1469 2015 1564 2037; x_wconf 88' lang='lat' dir='ltr'>nun-</span> 
     </span>
     <span class='ocr_line' id='line_1_29' title="bbox 119 2049 1564 2094; baseline -0.001 -10"><span class='ocrx_word' id='word_1_249' title='bbox 119 2052 212 2085; x_wconf 84' lang='lat' dir='ltr'>tium</span> <span class='ocrx_word' id='word_1_250' title='bbox 228 2054 477 2088; x_wconf 87' lang='lat' dir='ltr'>consternata,</span> <span class='ocrx_word' id='word_1_251' title='bbox 503 2049 566 2082; x_wconf 87' lang='lat' dir='ltr'>ille</span> <span class='ocrx_word' id='word_1_252' title='bbox 595 2050 812 2094; x_wconf 88' lang='lat' dir='ltr'>supplicium</span> <span class='ocrx_word' id='word_1_253' title='bbox 839 2049 1016 2083; x_wconf 83' lang='lat' dir='ltr'>admissae</span> <span class='ocrx_word' id='word_1_254' title='bbox 1041 2051 1079 2082; x_wconf 92' lang='lat' dir='ltr'>in</span> <span class='ocrx_word' id='word_1_255' title='bbox 1113 2049 1228 2081; x_wconf 87' lang='lat' dir='ltr'>Deum</span> <span class='ocrx_word' id='word_1_256' title='bbox 1253 2051 1453 2094; x_wconf 81' lang='lat' dir='ltr'>impietatis</span> <span class='ocrx_word' id='word_1_257' title='bbox 1479 2058 1564 2083; x_wconf 83' lang='lat' dir='ltr'>eva-</span> 
     </span>
     <span class='ocr_line' id='line_1_30' title="bbox 121 2096 1624 2140; baseline 0 -10"><span class='ocrx_word' id='word_1_258' title='bbox 121 2096 241 2136; x_wconf 83' lang='lat' dir='ltr'><strong>deret,</strong></span> <span class='ocrx_word' id='word_1_259' title='bbox 275 2107 350 2130; x_wconf 88' lang='lat' dir='ltr'>non</span> <span class='ocrx_word' id='word_1_260' title='bbox 384 2107 422 2130; x_wconf 84' lang='lat' dir='ltr'>se</span> <span class='ocrx_word' id='word_1_261' title='bbox 451 2096 533 2129; x_wconf 87' lang='lat' dir='ltr'>loco</span> <span class='ocrx_word' id='word_1_262' title='bbox 567 2096 803 2130; x_wconf 80' lang='lat' dir='ltr'>discessuram</span> <span class='ocrx_word' id='word_1_263' title='bbox 837 2096 1089 2136; x_wconf 82' lang='lat' dir='ltr'>asseverabat,</span> <span class='ocrx_word' id='word_1_264' title='bbox 1122 2097 1284 2140; x_wconf 86' lang='lat' dir='ltr'>quamvis</span> <span class='ocrx_word' id='word_1_265' title='bbox 1311 2096 1419 2140; x_wconf 89' lang='lat' dir='ltr'>plane</span> <span class='ocrx_word' id='word_1_266' title='bbox 1446 2098 1566 2138; x_wconf 84' lang='lat' dir='ltr'>sciret,</span> <span class='ocrx_word' id='word_1_267' title='bbox 1619 2113 1624 2117; x_wconf 82' lang='lat'>·</span> 
     </span>
     <span class='ocr_line' id='line_1_31' title="bbox 121 2141 1567 2188; baseline -0.001 -10"><span class='ocrx_word' id='word_1_268' title='bbox 121 2155 164 2178; x_wconf 85' lang='lat' dir='ltr'>ea</span> <span class='ocrx_word' id='word_1_269' title='bbox 199 2143 279 2188; x_wconf 85' lang='lat' dir='ltr'>ipsa</span> <span class='ocrx_word' id='word_1_270' title='bbox 307 2149 414 2176; x_wconf 91' lang='lat' dir='ltr'>nocte</span> <span class='ocrx_word' id='word_1_271' title='bbox 454 2142 744 2176; x_wconf 84' lang='lat' dir='ltr'>Cantacuzenum</span> <span class='ocrx_word' id='word_1_272' title='bbox 781 2143 876 2176; x_wconf 75' lang='lat' dir='ltr'>iutra</span> <span class='ocrx_word' id='word_1_273' title='bbox 911 2143 1056 2178; x_wconf 84' lang='lat' dir='ltr'>moenia</span> <span class='ocrx_word' id='word_1_274' title='bbox 1089 2141 1181 2175; x_wconf 80' lang='lat' dir='ltr'>fore.</span> <span class='ocrx_word' id='word_1_275' title='bbox 1241 2143 1340 2176; x_wconf 87' lang='lat' dir='ltr'>Haec</span> <span class='ocrx_word' id='word_1_276' title='bbox 1362 2143 1447 2184; x_wconf 87' lang='lat' dir='ltr'>illa,</span> <span class='ocrx_word' id='word_1_277' title='bbox 1484 2155 1567 2177; x_wconf 86' lang='lat' dir='ltr'>cum</span> 
     </span>
     <span class='ocr_line' id='line_1_32' title="bbox 121 2188 1567 2235; baseline 0.001 -13"><span class='ocrx_word' id='word_1_278' title='bbox 121 2190 253 2225; x_wconf 76' lang='lat' dir='ltr'>salsum</span> <span class='ocrx_word' id='word_1_279' title='bbox 290 2189 473 2234; x_wconf 77' lang='lat' dir='ltr'>apportari</span> <span class='ocrx_word' id='word_1_280' title='bbox 504 2190 676 2223; x_wconf 87' lang='lat' dir='ltr'>nuntium</span> <span class='ocrx_word' id='word_1_281' title='bbox 711 2188 968 2229; x_wconf 85' lang='lat' dir='ltr'>arbitraretur,</span> <span class='ocrx_word' id='word_1_282' title='bbox 1006 2189 1069 2235; x_wconf 83' lang='lat' dir='ltr'>qui</span> <span class='ocrx_word' id='word_1_283' title='bbox 1095 2193 1172 2222; x_wconf 86' lang='lat' dir='ltr'>erat</span> <span class='ocrx_word' id='word_1_284' title='bbox 1195 2189 1325 2235; x_wconf 86' lang='lat' dir='ltr'>utique</span> <span class='ocrx_word' id='word_1_285' title='bbox 1349 2191 1567 2224; x_wconf 84' lang='lat' dir='ltr'>verissimus.</span> 
     </span>
     <span class='ocr_line' id='line_1_33' title="bbox 121 2234 1568 2282; baseline -0.001 -11"><span class='ocrx_word' id='word_1_286' title='bbox 121 2238 170 2271; x_wconf 87' lang='lat' dir='ltr'>Ut</span> <span class='ocrx_word' id='word_1_287' title='bbox 195 2237 294 2270; x_wconf 88' lang='lat' dir='ltr'>enim</span> <span class='ocrx_word' id='word_1_288' title='bbox 318 2247 397 2269; x_wconf 89' lang='lat' dir='ltr'>cum</span> <span class='ocrx_word' id='word_1_289' title='bbox 421 2236 507 2276; x_wconf 88' lang='lat' dir='ltr'>illis,</span> <span class='ocrx_word' id='word_1_290' title='bbox 533 2246 553 2268; x_wconf 81' lang='lat' dir='ltr'>a</span> <span class='ocrx_word' id='word_1_291' title='bbox 579 2235 713 2282; x_wconf 86' lang='lat' dir='ltr'>quibus</span> <span class='ocrx_word' id='word_1_292' title='bbox 741 2235 787 2268; x_wconf 86' lang='lat' dir='ltr'>ad</span> <span class='ocrx_word' id='word_1_293' title='bbox 815 2235 942 2268; x_wconf 87' lang='lat' dir='ltr'>urbem</span> <span class='ocrx_word' id='word_1_294' title='bbox 966 2234 1179 2278; x_wconf 85' lang='lat' dir='ltr'>capiendam</span> <span class='ocrx_word' id='word_1_295' title='bbox 1202 2235 1454 2277; x_wconf 85' lang='lat' dir='ltr'>adiuvabatur‚</span> <span class='ocrx_word' id='word_1_296' title='bbox 1472 2236 1568 2270; x_wconf 78' lang='lat' dir='ltr'>diem</span> 
     </span>
     <span class='ocr_line' id='line_1_34' title="bbox 121 2281 1569 2328; baseline -0.001 -11"><span class='ocrx_word' id='word_1_297' title='bbox 121 2283 338 2322; x_wconf 85' lang='lat' dir='ltr'>constituit,</span> <span class='ocrx_word' id='word_1_298' title='bbox 364 2293 436 2327; x_wconf 88' lang='lat' dir='ltr'>quo</span> <span class='ocrx_word' id='word_1_299' title='bbox 464 2282 524 2316; x_wconf 91' lang='lat' dir='ltr'>die</span> <span class='ocrx_word' id='word_1_300' title='bbox 551 2287 588 2316; x_wconf 90' lang='lat' dir='ltr'>et</span> <span class='ocrx_word' id='word_1_301' title='bbox 621 2282 699 2326; x_wconf 89' lang='lat' dir='ltr'>ipse</span> <span class='ocrx_word' id='word_1_302' title='bbox 728 2281 870 2315; x_wconf 80' lang='lat' dir='ltr'>adesset</span> <span class='ocrx_word' id='word_1_303' title='bbox 915 2286 952 2314; x_wconf 88' lang='lat' dir='ltr'>et</span> <span class='ocrx_word' id='word_1_304' title='bbox 974 2281 1033 2314; x_wconf 89' lang='lat' dir='ltr'>illi</span> <span class='ocrx_word' id='word_1_305' title='bbox 1065 2291 1211 2314; x_wconf 84' lang='lat' dir='ltr'>auream</span> <span class='ocrx_word' id='word_1_306' title='bbox 1247 2288 1389 2328; x_wconf 85' lang='lat' dir='ltr'>portam</span> <span class='ocrx_word' id='word_1_307' title='bbox 1423 2283 1569 2317; x_wconf 88' lang='lat' dir='ltr'>obstru-</span> 
     </span>
     <span class='ocr_line' id='line_1_35' title="bbox 122 2327 1566 2375; baseline 0 -12"><span class='ocrx_word' id='word_1_308' title='bbox 122 2334 217 2364; x_wconf 78' lang='lat' dir='ltr'>ctam</span> <span class='ocrx_word' id='word_1_309' title='bbox 254 2329 504 2375; x_wconf 82' lang='lat' dir='ltr'>perforarent,</span> <span class='ocrx_word' id='word_1_310' title='bbox 542 2327 707 2372; x_wconf 85' lang='lat' dir='ltr'>Selybria</span> <span class='ocrx_word' id='word_1_311' title='bbox 756 2327 1034 2372; x_wconf 85' lang='lat' dir='ltr'>Adrianopolim</span> <span class='ocrx_word' id='word_1_312' title='bbox 1079 2327 1247 2361; x_wconf 84' lang='lat' dir='ltr'>discessit</span> <span class='ocrx_word' id='word_1_313' title='bbox 1293 2339 1372 2361; x_wconf 91' lang='lat' dir='ltr'>cum</span> <span class='ocrx_word' id='word_1_314' title='bbox 1411 2330 1566 2375; x_wconf 79' lang='lat' dir='ltr'>amplius</span> 
     </span>
     <span class='ocr_line' id='line_1_36' title="bbox 121 2374 1567 2418; baseline -0.001 -7"><span class='ocrx_word' id='word_1_315' title='bbox 121 2376 225 2411; x_wconf 86' lang='lat' dir='ltr'>mille</span> <span class='ocrx_word' id='word_1_316' title='bbox 250 2386 270 2408; x_wconf 89' lang='lat' dir='ltr'>e</span> <span class='ocrx_word' id='word_1_317' title='bbox 294 2380 372 2409; x_wconf 85' lang='lat' dir='ltr'>toto</span> <span class='ocrx_word' id='word_1_318' title='bbox 397 2374 558 2409; x_wconf 87' lang='lat' dir='ltr'>exercitu</span> <span class='ocrx_word' id='word_1_319' title='bbox 585 2375 736 2408; x_wconf 86' lang='lat' dir='ltr'>delectis</span> <span class='ocrx_word' id='word_1_320' title='bbox 760 2374 955 2413; x_wconf 82' lang='lat' dir='ltr'>militibus,</span> <span class='ocrx_word' id='word_1_321' title='bbox 980 2374 1041 2418; x_wconf 88' lang='lat' dir='ltr'>(ne</span> <span class='ocrx_word' id='word_1_322' title='bbox 1065 2374 1282 2418; x_wconf 85' lang='lat' dir='ltr'>proderetur</span> <span class='ocrx_word' id='word_1_323' title='bbox 1303 2374 1498 2415; x_wconf 83' lang='lat' dir='ltr'>videlicet,</span> <span class='ocrx_word' id='word_1_324' title='bbox 1535 2377 1567 2410; x_wconf 76' lang='lat' dir='ltr'>si</span> 
     </span>
     <span class='ocr_line' id='line_1_37' title="bbox 121 2420 1567 2468; baseline -0.001 -10"><span class='ocrx_word' id='word_1_325' title='bbox 121 2433 285 2467; x_wconf 86' lang='lat' dir='ltr'>magnam</span> <span class='ocrx_word' id='word_1_326' title='bbox 308 2420 583 2455; x_wconf 77' lang='lat' dir='ltr'>multitudinem</span> <span class='ocrx_word' id='word_1_327' title='bbox 609 2420 788 2468; x_wconf 59' lang='lat' dir='ltr'>duem-eu)</span> <span class='ocrx_word' id='word_1_328' title='bbox 814 2432 952 2467; x_wconf 83' lang='lat' dir='ltr'>perque</span> <span class='ocrx_word' id='word_1_329' title='bbox 981 2420 1123 2454; x_wconf 83' lang='lat' dir='ltr'>deserta</span> <span class='ocrx_word' id='word_1_330' title='bbox 1143 2424 1180 2453; x_wconf 84' lang='lat' dir='ltr'>et</span> <span class='ocrx_word' id='word_1_331' title='bbox 1205 2421 1286 2453; x_wconf 86' lang='lat' dir='ltr'>avia</span> <span class='ocrx_word' id='word_1_332' title='bbox 1310 2420 1382 2455; x_wconf 88' lang='lat' dir='ltr'>iter</span> <span class='ocrx_word' id='word_1_333' title='bbox 1417 2423 1567 2464; x_wconf 81' lang='lat' dir='ltr'>faciens,</span> 
     </span>
     <span class='ocr_line' id='line_1_38' title="bbox 122 2466 1568 2514; baseline 0.001 -11"><span class='ocrx_word' id='word_1_334' title='bbox 122 2469 342 2504; x_wconf 74' lang='lat' dir='ltr'>necessitate</span> <span class='ocrx_word' id='word_1_335' title='bbox 371 2468 527 2514; x_wconf 87' lang='lat' dir='ltr'>quadam</span> <span class='ocrx_word' id='word_1_336' title='bbox 550 2467 805 2514; x_wconf 81' lang='lat' dir='ltr'>praepeditus,</span> <span class='ocrx_word' id='word_1_337' title='bbox 833 2466 893 2500; x_wconf 90' lang='lat' dir='ltr'>die</span> <span class='ocrx_word' id='word_1_338' title='bbox 920 2478 991 2501; x_wconf 93' lang='lat' dir='ltr'>uno</span> <span class='ocrx_word' id='word_1_339' title='bbox 1015 2466 1154 2499; x_wconf 86' lang='lat' dir='ltr'>tardius</span> <span class='ocrx_word' id='word_1_340' title='bbox 1182 2467 1303 2508; x_wconf 87' lang='lat' dir='ltr'>venit,</span> <span class='ocrx_word' id='word_1_341' title='bbox 1327 2478 1434 2514; x_wconf 87' lang='lat' dir='ltr'>quam</span> <span class='ocrx_word' id='word_1_342' title='bbox 1462 2481 1568 2514; x_wconf 80' lang='lat' dir='ltr'>prae·</span> 
     </span>
     <span class='ocr_line' id='line_1_39' title="bbox 124 2512 1566 2560; baseline 0.001 -11"><span class='ocrx_word' id='word_1_343' title='bbox 124 2516 270 2549; x_wconf 89' lang='lat' dir='ltr'>finitum</span> <span class='ocrx_word' id='word_1_344' title='bbox 298 2520 391 2549; x_wconf 88' lang='lat' dir='ltr'>erat:</span> <span class='ocrx_word' id='word_1_345' title='bbox 419 2523 500 2548; x_wconf 87' lang='lat' dir='ltr'>cum</span> <span class='ocrx_word' id='word_1_346' title='bbox 526 2515 666 2549; x_wconf 88' lang='lat' dir='ltr'>interea</span> <span class='ocrx_word' id='word_1_347' title='bbox 692 2514 975 2560; x_wconf 76' lang='lat' dir='ltr'>cogitationibus</span> <span class='ocrx_word' id='word_1_348' title='bbox 1005 2512 1268 2548; x_wconf 85' lang='lat' dir='ltr'>distraheretur</span> <span class='ocrx_word' id='word_1_349' title='bbox 1301 2520 1464 2550; x_wconf 87' lang='lat' dir='ltr'>metuens</span> <span class='ocrx_word' id='word_1_350' title='bbox 1483 2541 1493 2558; x_wconf 91' lang='lat'><em>,</em></span> <span class='ocrx_word' id='word_1_351' title='bbox 1520 2528 1566 2550; x_wconf 89' lang='lat' dir='ltr'>ne</span> 
     </span>
     <span class='ocr_line' id='line_1_40' title="bbox 124 2560 1565 2608; baseline 0.001 -13"><span class='ocrx_word' id='word_1_352' title='bbox 124 2573 208 2608; x_wconf 83' lang='lat' dir='ltr'>pars</span> <span class='ocrx_word' id='word_1_353' title='bbox 243 2563 334 2603; x_wconf 86' lang='lat' dir='ltr'>eius,</span> <span class='ocrx_word' id='word_1_354' title='bbox 361 2562 440 2606; x_wconf 85' lang='lat' dir='ltr'>ipso</span> <span class='ocrx_word' id='word_1_355' title='bbox 474 2560 592 2594; x_wconf 84' lang='lat' dir='ltr'>adhuc</span> <span class='ocrx_word' id='word_1_356' title='bbox 614 2560 784 2601; x_wconf 83' lang='lat' dir='ltr'>absente,</span> <span class='ocrx_word' id='word_1_357' title='bbox 818 2571 862 2593; x_wconf 83' lang='lat' dir='ltr'>ex</span> <span class='ocrx_word' id='word_1_358' title='bbox 887 2560 1074 2594; x_wconf 80' lang='lat' dir='ltr'>conventis</span> <span class='ocrx_word' id='word_1_359' title='bbox 1107 2565 1247 2604; x_wconf 87' lang='lat' dir='ltr'>portam</span> <span class='ocrx_word' id='word_1_360' title='bbox 1276 2561 1439 2605; x_wconf 83' lang='lat' dir='ltr'>perfosso</span> <span class='ocrx_word' id='word_1_361' title='bbox 1463 2574 1565 2596; x_wconf 87' lang='lat' dir='ltr'>muro</span> 
     </span>
     <span class='ocr_line' id='line_1_41' title="bbox 126 2605 1567 2654; baseline 0.001 -12"><span class='ocrx_word' id='word_1_362' title='bbox 126 2608 315 2653; x_wconf 81' lang='lat' dir='ltr'>aperiens,</span> <span class='ocrx_word' id='word_1_363' title='bbox 338 2608 511 2653; x_wconf 86' lang='lat' dir='ltr'>flagrante</span> <span class='ocrx_word' id='word_1_364' title='bbox 535 2607 668 2642; x_wconf 84' lang='lat' dir='ltr'>delicto</span> <span class='ocrx_word' id='word_1_365' title='bbox 696 2619 716 2640; x_wconf 90' lang='lat' dir='ltr'>a</span> <span class='ocrx_word' id='word_1_366' title='bbox 742 2607 877 2651; x_wconf 87' lang='lat' dir='ltr'>populo</span> <span class='ocrx_word' id='word_1_367' title='bbox 904 2611 1112 2640; x_wconf 87' lang='lat' dir='ltr'>necaretur:</span> <span class='ocrx_word' id='word_1_368' title='bbox 1149 2605 1369 2654; x_wconf 86' lang='lat' dir='ltr'>dolebatque</span> <span class='ocrx_word' id='word_1_369' title='bbox 1403 2610 1567 2643; x_wconf 87' lang='lat' dir='ltr'>incredi-</span> 
     </span>
     <span class='ocr_line' id='line_1_42' title="bbox 126 2652 1567 2700; baseline -0.001 -11"><span class='ocrx_word' id='word_1_370' title='bbox 126 2655 277 2695; x_wconf 84' lang='lat' dir='ltr'>biliter,</span> <span class='ocrx_word' id='word_1_371' title='bbox 302 2665 377 2687; x_wconf 88' lang='lat' dir='ltr'>non</span> <span class='ocrx_word' id='word_1_372' title='bbox 403 2654 520 2687; x_wconf 87' lang='lat' dir='ltr'>solum</span> <span class='ocrx_word' id='word_1_373' title='bbox 545 2652 650 2699; x_wconf 48' lang='lat' dir='ltr'>quod*</span> <span class='ocrx_word' id='word_1_374' title='bbox 669 2653 842 2696; x_wconf 81' lang='lat' dir='ltr'>Byzantio</span> <span class='ocrx_word' id='word_1_375' title='bbox 866 2652 1122 2693; x_wconf 78' lang='lat' dir='ltr'>frustraretur,</span> <span class='ocrx_word' id='word_1_376' title='bbox 1149 2652 1212 2686; x_wconf 84' lang='lat' dir='ltr'>scd</span> <span class='ocrx_word' id='word_1_377' title='bbox 1237 2654 1346 2687; x_wconf 89' lang='lat' dir='ltr'>etiam</span> <span class='ocrx_word' id='word_1_378' title='bbox 1371 2655 1469 2700; x_wconf 90' lang='lat' dir='ltr'>quod</span> <span class='ocrx_word' id='word_1_379' title='bbox 1497 2655 1567 2688; x_wconf 86' lang='lat' dir='ltr'>bo-</span> 
     </span>
     <span class='ocr_line' id='line_1_43' title="bbox 125 2698 1566 2735; baseline -0.001 0"><span class='ocrx_word' id='word_1_380' title='bbox 125 2712 214 2735; x_wconf 88' lang='lat' dir='ltr'>num</span> <span class='ocrx_word' id='word_1_381' title='bbox 244 2711 433 2735; x_wconf 85' lang='lat' dir='ltr'>numerum</span> <span class='ocrx_word' id='word_1_382' title='bbox 471 2701 666 2734; x_wconf 84' lang='lat' dir='ltr'>amicorum</span> <span class='ocrx_word' id='word_1_383' title='bbox 699 2700 894 2733; x_wconf 77' lang='lat' dir='ltr'>amissurus</span> <span class='ocrx_word' id='word_1_384' title='bbox 928 2703 1032 2732; x_wconf 86' lang='lat' dir='ltr'>esset.</span> <span class='ocrx_word' id='word_1_385' title='bbox 1090 2698 1258 2733; x_wconf 87' lang='lat' dir='ltr'>Attamen</span> <span class='ocrx_word' id='word_1_386' title='bbox 1294 2712 1369 2734; x_wconf 85' lang='lat' dir='ltr'>non</span> <span class='ocrx_word' id='word_1_387' title='bbox 1402 2701 1566 2735; x_wconf 84' lang='lat' dir='ltr'>funditus</span> 
     </span>
     <span class='ocr_line' id='line_1_44' title="bbox 125 2745 1567 2795; baseline 0.001 -13"><span class='ocrx_word' id='word_1_388' title='bbox 125 2747 269 2782; x_wconf 73' lang='lat' dir='ltr'>abiecta</span> <span class='ocrx_word' id='word_1_389' title='bbox 293 2758 378 2794; x_wconf 75' lang='lat' dir='ltr'>spe,</span> <span class='ocrx_word' id='word_1_390' title='bbox 403 2747 530 2782; x_wconf 88' lang='lat' dir='ltr'>eodem</span> <span class='ocrx_word' id='word_1_391' title='bbox 557 2746 800 2795; x_wconf 83' lang='lat' dir='ltr'>gradiebatur.</span> <span class='ocrx_word' id='word_1_392' title='bbox 849 2746 964 2781; x_wconf 83' lang='lat' dir='ltr'>Amici</span> <span class='ocrx_word' id='word_1_393' title='bbox 989 2751 1026 2780; x_wconf 92' lang='lat' dir='ltr'>et</span> <span class='ocrx_word' id='word_1_394' title='bbox 1059 2745 1131 2792; x_wconf 75' lang='lat' dir='ltr'>ipsi</span> <span class='ocrx_word' id='word_1_395' title='bbox 1161 2748 1377 2784; x_wconf 84' lang='lat' dir='ltr'>necessitate</span> <span class='ocrx_word' id='word_1_396' title='bbox 1411 2748 1567 2794; x_wconf 79' lang='lat' dir='ltr'>quadam</span> 
     </span>
    </p>
   </div>
  </div>
 </body>
</html>
