1820 3152
316 162 424 230 542
804 178 1177 226 CANTACUZENJ

120 288 299 335 &0:345
315 281 379 331 δὶς
409 282 480 323 καί
503 281 621 336 τρῖς,
650 279 754 323 ἀλλὰ
784 279 859 323 καί
882 282 1105 336 πολλάκις,
1135 282 1191 333 ὥς
1222 280 1384 340 ὅρῶμεν
1402 280 1482 341 ἤδη
1499 287 1743 340 Καντακου-
1773 295 1777 298 ”

314 344 436 402 ζηνὸν
465 344 667 400 ἰσχύοντα
692 346 876 401 μεγάλα,
920 350 993 391 καί
1021 348 1264 402 δεδοίκαμεν
1299 349 1359 406 μὴ
1401 351 1474 393 καί
1505 354 1743 404 Βυζαντίου
1799 342 1803 346 ,

311 414 572 467 περιγένηται
593 429 603 439 ·
649 412 740 454 ἄλλ’
757 412 839 467 εἴγε
854 412 928 456 καί
944 417 1105 456 τοιοῦτο
1129 419 1314 471 συμβαίη
1329 448 1340 469 ,
1387 419 1462 472 γῆς
1486 418 1616 473 μόνης
1643 435 1744 474 κρα-

312 475 428 532 τήσει
459 479 530 519 καί
556 472 737 532 ούρανοῦ
754 509 766 530 ,
802 473 934 520 τᾶλλα
964 481 1009 520 δὲ
1040 476 1168 528 αὐτὸς
1196 471 1427 537 διαφθερεῖ
1448 485 1636 536 πολεμῶν
1662 485 1743 524 av’-

311 543 368 601 τῷ
413 543 541 597 μέχρι
581 541 653 584 καί
684 544 759 584 τοῦ
795 545 1012 599 δυνατοῦ,
1038 547 1078 587 εἰ
1120 547 1261 598 μέλλει
1290 546 1363 589 καί
1402 546 1529 597 αὐτὸς
1573 543 1799 590 aevom-5

314 611 569 664 φθείρεσθαι
605 609 761 658 αὐτοῖς.
817 610 891 665 τῆς
927 626 970 653 τε
1005 607 1080 653 οὖν
1121 614 1310 667 φρουρᾶς
1349 614 1421 667 τῆς
1460 616 1558 669 περὶ
1594 611 1745 655 ἑαυτὸν

276 672 471 728 Βπολλὴν
496 675 671 720 ἐποιεῖτο
698 675 897 730 πρόνοιαν
917 708 930 730 ,
959 676 1031 717 καί
1055 676 1102 719 τὸ
1133 678 1177 718 ἐν
1219 681 1448 730 βασιλείοις
1487 684 1575 729 τοῖς
1619 674 1746 721 Κων-

315 741 527 782 σταντίνου
556 739 837 795 δεσμωτήριον
875 741 1171 794 κατεσκεύαζεν
1212 738 1246 799 ᾗ
1282 745 1500 796 διενοεῖτο,
1544 745 1744 798 δημιουρ-

313 811 401 860 γοῖς
427 821 511 847 τισι
536 803 583 846 τὸ
612 803 731 860 ἔργον
756 807 1000 862 ἐπιτρέψας.
1054 810 1219 862 συχναῖς
1247 809 1293 850 δὲ
1322 809 1396 850 καί
1421 807 1550 859 αὕτός
1577 811 1745 865 ἐπιφοι-

313 874 424 925 ταῖν,
460 873 723 914 ἐπεσκέπτετο
764 870 811 913 τὸ
852 870 969 928 ἔργον
1012 872 1085 914 καί
1110 874 1419 929 προσηνάγκαζε
1447 872 1594 929 τάχιον
1618 887 1797 916 κατα-ιο

314 936 544 987 σκευάζειν.
602 935 640 978 οἱ
667 938 875 990 δεσμῶται
905 939 950 980 δὲ
977 936 1085 990 τό,τε
1115 938 1398 994 δεσμωτήριον
1425 939 1602 994 δρῶντες
1617 955 1745 981 κατα-

315 1001 643 1056 σκευαζόμενον,
687 998 795 1044 οὕτω
834 1002 970 1045 δεινὸν
1010 1005 1083 1045 καί
1112 1002 1231 1057 ὄλίγα
1258 1002 1403 1061 τάφων
1431 1001 1634 1058 ἀποδέον,
1673 1002 1748 1046 καὶ

313 1066 390 1122 τὴν
426 1066 612 1109 διάνοιαν
642 1067 717 1108 ούκ
752 1069 1018 1122 ἀγνοοῦντες,
1048 1070 1271 1123 ἐσκέψαντο
1311 1068 1439 1111 αὐτὸν
1467 1070 1744 1123 α’ποκτείνειν,

315 1129 417 1175 ὅταν
444 1134 609 1188 γένηται
641 1136 749 1187 ἐκεῖ,
780 1134 1083 1190 ἀμφοτέρωθεν
1113 1135 1256 1184 αὐτοῖς
1284 1133 1465 1189 οἰόμενοι
1491 1134 1559 1178 τὸν
1589 1127 1743 1178 ἐκείνου

313 1198 597 1255 λυσιτελήσειν
618 1199 760 1255 φόνον,
799 1195 852 1242 ἄν
878 1216 923 1242 τε
947 1201 1027 1257 γὰρ
1049 1200 1401 1255 ε’πιτυγχάνωσιν,
1433 1197 1799 1252 ἅπαλλάξεσθαιιό

319 1266 458 1308 δεινοῦ
482 1261 679 1307 τοσούτου
721 1266 795 1306 καί
838 1266 977 1320 ζήσειν
1004 1267 1262 1319 ἐλευθέρως·
1290 1261 1342 1308 ἄν
1368 1282 1411 1307 τε
1443 1264 1667 1320 ἡττῶνται,
1695 1268 1745 1307 α’-

193 1335 226 1370 Ρ-
240 1334 306 1381 657
318 1332 567 1385 ποθνήσκειν
615 1332 688 1372 καί
722 1325 848 1381 αὖθις
886 1331 1221 1373 ἀπαλλάττεσθαι
1256 1334 1332 1373 τοῦ
1365 1333 1523 1381 ζῶντας
1562 1346 1747 1386 κατορω-

316 1396 490 1453 ρύχθαι.
543 1398 717 1438 τοιαῦτα
742 1398 820 1449 μὲν
848 1395 886 1438 οἳ
916 1398 1125 1448 δεσμῶται
1151 1393 1448 1449 ἐβουλεύσαντο
1503 1398 1578 1438 καί
1617 1410 1747 1450 παρε-

315 1461 467 1518 τήρουν
493 1460 652 1517 καιρὸν,
681 1464 725 1504 ἐν
754 1457 788 1519 ᾧ
815 1463 1116 1503 α’ποκτενοῦσιν
1145 1462 1395 1514 ἐπιθέμενοι.
1428 1460 1529 1513 δούξ
1557 1463 1603 1503 δὲ
1631 1460 1653 1503 ὅ
1671 1460 1746 1514 μέ-

316 1545 393 1584 γας
409 1526 481 1570 τὸν
499 1523 622 1569 ἄλλον
645 1525 811 1583 χρόνον,
840 1526 960 1583 ἦνίκα
989 1525 1076 1569 ἔδει
1103 1525 1208 1582 πρὸς
1236 1526 1297 1568 τά
1325 1527 1640 1570 Κωνσταντίνου
1667 1528 1799 1569 τοῧ20

317 1593 501 1649 μεγάλου
528 1594 719 1647 βασιλεια
748 1594 1038 1648 εἷσέρχεσθαι,
1078 1591 1231 1648 πολλὴν
1257 1590 1455 1648 πρόνοιαν
1484 1594 1621 1635 αὐτοῦ
1653 1609 1747 1635 ποι-

318 1656 510 1712 ούμενος,
541 1655 785 1715 (ἑπομένους
818 1673 863 1700 τε
888 1657 970 1713 γάρ
997 1654 1110 1713 εἶχεν
1137 1658 1208 1700 αἐἰ
1233 1661 1313 1700 τῶν
1342 1656 1589 1714 δορυφόρων
1627 1658 1747 1701 ὅπλι-

304 1727 399 1774 ,τῶν
426 1724 629 1779 πολλοὺς,
666 1726 740 1766 καί
763 1723 858 1773 τοὺς
889 1721 1103 1778 δεσμώτας
1132 1724 1303 1778 πέμπων
1330 1726 1559 1766 κατέκλειεν
1585 1726 1630 1766 ἐν
1655 1730 1746 1774 ταῖς

318 1789 519 1847 εἱρκταῖς,
549 1789 675 1846 ἄχρις
701 1786 753 1832 ἂν
779 1792 937 1833 ἐκεῖθεν
965 1790 1264 1832 ἀπαλλάττοιτο
1282 1791 1317 1847 ,)
1357 1788 1445 1831 τότε
1464 1791 1545 1832 τῶν
1572 1789 1753 1832 δεόντων

415 1891 444 1915 1.
473 1877 548 1926 6ρῶ
574 1879 648 1927 μὲν
670 1880 709 1917 Ρ,
802 1892 834 1915 2.
860 1878 1014 1914 δέκοικα
1036 1878 1071 1912 Ρ.
1154 1891 1185 1925 7.
1209 1880 1272 1921 τῆς
1289 1890 1355 1924 pro
1378 1883 1459 1916 τοῖς
1485 1880 1526 1916 P.
1541 1882 1578 1911 et
1601 1877 1650 1911 M.

320 1975 430 2010 quam
463 1976 560 1998 nunc
588 1968 775 2009 potentem
808 1964 983 1998 cernimus
1024 1961 1332 2008 Cantacuzenum3
1376 1962 1593 2003 timendum,
1624 1972 1671 1996 ne
1708 1967 1747 1999 et

321 2012 492 2055 Byzantio
523 2012 695 2057 potiatur.
752 2012 799 2044 At
834 2011 932 2043 enim
966 2010 996 2042 si
1029 2010 1068 2043 id
1101 2010 1312 2055 contigerit,
1346 2009 1422 2042 sola
1453 2015 1548 2043 terra
1581 2012 1617 2042 et
1643 2009 1744 2044 coelo

319 2061 545 2105 potiturum:
583 2063 700 2092 cetera
734 2068 771 2090 se
803 2056 971 2092 bellando
996 2067 1074 2088 cum
1101 2058 1201 2101 ipsc,
1226 2059 1399 2101 quantum
1422 2058 1555 2100 possit,
1580 2056 1745 2100 perditu-

321 2118 422 2146 rum,
455 2106 595 2139 etiamsi
627 2116 707 2138 cum
747 2105 819 2138 illis
852 2105 929 2148 ipse
964 2103 1167 2147 perdendus
1189 2102 1246 2136 sit.
1294 2102 1348 2135 De
1374 2101 1609 2147 stipatoribus
1635 2103 1746 2148 igitur

322 2152 449 2186 sedulo
490 2152 562 2185 sibi
584 2151 822 2196 providebat,
858 2155 895 2184 et
929 2151 968 2183 in
990 2150 1126 2194 palatio
1153 2148 1452 2182 constantiniano
1476 2159 1650 2183 carcerem
1666 2174 1676 2191 ,
1702 2153 1746 2183 ut

321 2203 516 2239 statuerat,
561 2209 668 2243 opere
693 2196 890 2231 artificibus
917 2197 1034 2229 locato
1058 2195 1287 2235 aedificabat,
1319 2197 1534 2242 saepiusque
1558 2195 1745 2237 accedens,

321 2246 465 2279 labores
501 2255 566 2290 per
599 2255 635 2278 se
669 2244 908 2288 inspiciebat,
939 2253 979 2275 ac
1005 2241 1123 2275 fabros
1147 2241 1372 2286 perurgebat.
1429 2242 1475 2276 At
1507 2242 1618 2276 vincti
1649 2247 1745 2281 tum,

323 2303 500 2326 carcerem
534 2290 624 2324 adeo
654 2296 788 2324 tetrum
820 2299 1018 2335 parumque
1050 2285 1081 2320 a*
1105 2289 1278 2333 sepulcris
1317 2287 1540 2322 differentem
1586 2288 1746 2322 construi

323 2344 533 2378 cernentes,
569 2341 606 2370 et
630 2348 775 2381 scopum
799 2338 949 2371 minime
973 2335 1203 2377 ignorantes,
1228 2334 1439 2368 redeuntem
1466 2341 1621 2369 mactare
1645 2334 1746 2378 cogi-

323 2389 422 2425 tant,
451 2384 586 2418 utrovis
621 2383 728 2418 modo
766 2383 908 2416 caedem
932 2382 1045 2425 ipsius
1069 2380 1139 2413 sibi
1164 2381 1387 2425 profuturam
1412 2382 1490 2415 rati.
1540 2382 1621 2416 Sive
1647 2382 1746 2415 enim

324 2431 424 2476 quod
456 2430 686 2464 destinabant
723 2431 878 2469 animis,
911 2433 1208 2472 assequerentur,
1251 2437 1272 2459 a
1304 2433 1404 2471 tanto
1439 2429 1533 2462 malo
1567 2429 1744 2462 immunes

324 2477 424 2511 fore:
460 2477 534 2510 sive
569 2477 796 2516 exciderent,
838 2479 951 2508 morte
988 2474 1161 2507 luituros:
1188 2479 1225 2507 et
1247 2473 1298 2507 ita
1322 2485 1460 2508 rursum
1486 2485 1611 2519 magno
1635 2473 1745 2514 malo,

325 2534 371 2556 ne
408 2524 547 2557 scilicet
576 2524 648 2556 vivi
681 2523 940 2567 sepelirentur,
971 2521 1155 2557 carituros,
1211 2519 1288 2553 Hoc
1320 2521 1379 2554 illi
1404 2521 1595 2554 consilium
1621 2520 1745 2565 capie-

325 2568 435 2609 bant,
462 2575 498 2604 et
534 2574 674 2615 tempus
704 2569 914 2614 captabant,
946 2577 1018 2612 quo
1055 2578 1135 2599 eum
1158 2566 1277 2599 adorti
1300 2578 1373 2600 rem
1395 2568 1616 2612 perficerent.
1663 2566 1744 2599 Ma-

325 2626 414 2659 gnus
437 2622 555 2650 autem
580 2616 651 2650 dux
676 2627 754 2649 cum
779 2616 866 2648 alias
891 2615 1007 2659 magni
1046 2613 1273 2646 Constantini
1312 2615 1484 2658 palatium
1510 2615 1744 2659 ingressurus,

327 2662 482 2695 sollicite
507 2662 577 2694 sibi
605 2669 756 2704 caveret,
784 2667 942 2705 (semper
967 2671 1118 2705 namque
1142 2664 1356 2692 armatorum
1383 2660 1577 2693 satellitum
1605 2663 1745 2693 caterva

328 2717 411 2740 eum
435 2708 662 2753 sequebatur,
688 2715 724 2742 et
746 2709 886 2744 vinctos
908 2705 1006 2750 prius
1033 2707 1071 2738 in
1091 2707 1278 2751 ergastulis
1297 2706 1416 2739 claudi
1440 2705 1601 2745 iubebat,
1626 2704 1746 2751 quoad

327 2753 474 2801 abiret‚)
499 2759 585 2788 tunc
605 2767 676 2800 quo
708 2756 803 2792 facto
827 2754 980 2789 maxime
1005 2764 1089 2788 usus
1113 2758 1210 2795 erat,
1240 2754 1509 2799 praetermisit,
1532 2764 1554 2787 a
1574 2753 1651 2787 Deo
1668 2777 1680 2794 ,
1704 2756 1747 2785 ut
