1812 3132
301 155 402 223 142
828 171 1197 216 CANTACUZENI

97 282 277 329 A.c.1341
295 276 394 327 ζονα
422 273 497 327 τὴν
533 273 708 314 α’τοπιάν
735 273 964 328 ἒξαχθῶσι,
993 273 1079 315 τότ’
1105 268 1186 328 ἤδη
1217 271 1314 330 περὶ
1338 274 1421 316 τῶν
1442 278 1650 330 μεγίστων
1676 277 1726 333 ἧ-

293 345 379 392 μῖν,
408 337 458 379 οὔ
489 336 588 392 περὶ
610 336 830 392 τοιούτων,
866 341 1128 395 προκείσεται
1155 343 1344 382 σκοπεῖν·
1387 337 1481 382 ὥστ’
1518 343 1562 392 ἐξ
1589 339 1729 399 ἄμφο-

293 406 425 459 τέρων
462 403 532 443 δεῖ
563 403 647 443 τῶν
672 406 948 458 γεγενημένων
976 408 1253 458 καταφρονεῖν
1279 405 1353 445 καί
1375 403 1434 458 μὴ
1467 405 1523 454 ὥς
1546 409 1648 461 περί
1667 425 1730 450 τι·

293 485 376 510 νων
405 468 639 522 ἀναγκαίων
666 470 986 522 θορυβεῖσθαι.”
1040 469 1190 517 ἐκεῖνος
1217 470 1295 520 μὲν
1317 467 1368 522 δὴ
1389 473 1565 512 τοιαῦτα
1586 471 1728 525 εἰπών,

292 535 525 583 κατέπαυσε
553 531 629 588 την
653 531 854 587 ταραχὴν,
885 534 1050 576 πάντων
1077 532 1316 590 εὐξαμένων
1345 535 1405 583 εἰς
1434 531 1616 589 ἀγαθὸν,
1647 534 1758 580 (ὅσ-5

254 605 373 653 Οπερ
418 596 577 652 εἴρηκεν
617 595 764 649 αὐτὸς,
803 599 1048 651 ἀποβαίνειν
1089 596 1140 639 τά
1181 595 1379 652 παρόντα,
1408 599 1481 640 καί
1505 599 1566 655 μὴ
1594 598 1732 656 ὥσπερ

293 666 340 704 ἐκ
367 666 451 704 τῶν
476 664 769 718 πραττομένων
801 659 1101 717 ἀναγκάζονται
1130 663 1415 716 στοχάζεσθαι
1434 664 1564 706 αὐτοί.
1621 662 1733 708 οὕτω

292 730 370 782 μὲν
407 724 482 769 οὖν
521 729 670 769 ἐκεῖνοι
706 729 1017 770 κατεστέλλοντο
1047 730 1124 768 τοῦ
1151 731 1444 783 θορυβεῖσθαι.
1499 733 1665 783 βασιλὶς
1693 733 1734 772 δ’

293 793 385 834 ἐπεὶ
416 791 552 846 μάθοι
586 792 637 834 τὰ
674 791 772 848 περὶ
805 791 904 841 τούς
932 795 1130 847 πρέσβεις
1158 793 1410 848 εἰργασμένα
1421 827 1434 846 ,
1473 793 1576 850 πρὸς
1604 793 1733 851 ὅργὴν

292 874 338 900 τε
377 859 558 899 ἐποιεῖτο
600 858 672 898 καί
711 858 896 899 ἐκέλευεν
944 855 1174 906 ἀποδόντας
1209 856 1259 899 τοὶ
1300 859 1588 912 διηρπασμένα
1617 855 1785 914 ἅγεινιο

292 922 400 978 πρὸς
427 921 570 977 αὐτήν.
628 921 720 964 ἐπεὶ
745 924 791 963 δὲ
819 917 1038 977 ἤχθησαν,
1068 921 1331 977 πατριάρχου
1363 939 1408 963 τε
1434 925 1506 965 καί
1537 926 1619 966 τῶν
1646 929 1734 967 λοι-

291 991 381 1031 πῶν
423 990 704 1042 συγκλητικῶν
743 985 983 1042 παρόντων,
1023 988 1095 1030 ἐπὶ
1118 990 1193 1042 τῆς
1220 989 1435 1040 βασιλίδος
1460 987 1559 1038 τούς
1585 991 1734 1044 λόγους

291 1058 366 1109 τῆς
401 1056 622 1109 πρεσβείας
659 1054 875 1095 ἐποιοῦντο
903 1055 976 1095 καί
1005 1055 1143 1102 οὐδεὶς
1170 1055 1232 1095 ἐπ’
1260 1053 1400 1095 οὐδενὶ
1427 1057 1508 1096 ταῖν
1536 1055 1734 1108 ἀξιουμέ-

291 1136 374 1162 νων
413 1120 540 1173 ἐπῆγε
581 1120 770 1172 μέμψιν,
818 1120 909 1161 οἷλλ’
943 1119 1119 1160 ἐδόκουν
1154 1120 1259 1159 πᾶσι
1292 1118 1432 1161 δίκαια
1473 1120 1731 1175 πρεσβεύειν.

291 1183 451 1233 ἐδέοντό
465 1200 507 1226 τε
526 1183 601 1225 καί
612 1185 828 1237 βασιλίδος
842 1183 915 1225 καί
926 1183 1190 1239 πατριάρχου
1206 1183 1243 1224 οἱ
1262 1188 1527 1240 πρεσβευταί,
1551 1184 1610 1240 μή
1631 1184 1785 1239 μέλ-15

289 1255 376 1294 λειν
413 1250 510 1305 περί
536 1247 788 1305 πραγμάτων
815 1246 1051 1304 ἀναγκαίων
1059 1284 1072 1303 ‚
1111 1248 1217 1290 ἀλλὰ
1245 1255 1420 1303 ταχεῖαν
1444 1251 1519 1305 τὴν
1548 1248 1732 1306 διόρθω-

292 1332 360 1358 σιν
398 1318 625 1356 ποιεῖσθαι.
681 1312 706 1369 ἦ
737 1316 782 1356 δὲ
812 1311 864 1369 ἦν
892 1314 1114 1370 γράμμασι
1140 1313 1211 1356 τὸν
1236 1315 1368 1368 μέγαν
1397 1316 1642 1368 δομέστικον
1669 1317 1731 1366 εἰς

248 1377 558 1435 Βδικαστήριον
579 1384 731 1421 καλεῖν.
784 1379 988 1432 ἑτιμῶντό
1016 1396 1060 1421 τε
1086 1377 1270 1421 θάνατον
1295 1377 1473 1432 ἑαυτοῖς,
1500 1382 1540 1422 εἰ
1562 1379 1621 1435 μή
1651 1398 1732 1422 πα·-

164 1462 206 1497 V.
219 1461 286 1507 342
297 1448 440 1502 ρέσται
463 1442 559 1498 ἅμα
587 1448 645 1501 τῷ
670 1442 722 1486 τὰ
751 1443 977 1499 γράμματα
1006 1448 1158 1498 λαβεῖν.
1216 1444 1254 1486 οἱ
1281 1446 1358 1497 μὲν
1385 1441 1461 1486 οὖν
1489 1441 1607 1487 ἄλλοι
1626 1444 1731 1487 πάν-

289 1527 356 1560 τες
383 1508 564 1565 ἡσυχίαν
593 1505 704 1563 ἦγον.
759 1508 1015 1559 Ἀπόκαυκος
1043 1511 1089 1550 δὲ
1118 1511 1274 1562 δείσας,
1302 1508 1360 1564 μὴ
1390 1509 1415 1565 ἦ
1437 1509 1600 1563 βασιλὶς
1625 1506 1782 1565 πρὸςαο

289 1574 364 1631 τὴν
402 1575 573 1624 ἀξίωσιν
624 1574 681 1622 ὥς
722 1574 888 1615 δικαίαν
925 1575 1164 1626 ἀπιδοῦσα,
1210 1575 1520 1629 ἐπιψηφίσηται
1563 1572 1637 1629 την
1665 1574 1729 1615 δί-
1764 1568 1781 1576 ⁴

291 1656 388 1695 κην,
427 1639 500 1681 καί
525 1638 630 1695 πρὸς
657 1641 713 1696 τῷ
739 1640 869 1693 μηδὲν
898 1638 1025 1688 αὐτὸς
1054 1631 1251 1691 ἦνυκέναι
1276 1641 1359 1681 τῶν
1385 1641 1730 1695 ἑσκαιωρημένων

291 1705 365 1748 καί
405 1706 536 1761 αὐτῆς
578 1707 786 1761 σωτηρίας
817 1705 1104 1763 α’ποστερηθῇ,
1134 1703 1236 1759 ἔγνω
1264 1705 1351 1748 δεῖν
1378 1703 1589 1759 ἶταμότητι
1618 1703 1729 1759 χρή-

386 1845 440 1867 21.
468 1831 598 1866 δικαία
623 1831 656 1863 Ρ.
683 1837 720 1864 et
747 1830 795 1863 M.
812 1855 822 1871 ,
846 1828 998 1864 δικαίαν
1022 1829 1064 1864 V.

294 1929 468 1962 momenti
492 1927 596 1961 factis
620 1926 755 1959 habere
780 1924 934 1959 decebit.
984 1925 1069 1965 Sin,
1094 1924 1191 1970 quod
1221 1923 1340 1964 absit,
1373 1925 1412 1957 in
1436 1924 1632 1958 maioribus
1655 1926 1727 1958 im-

292 1973 401 2021 probi
437 1974 597 2013 fuerint,
632 1978 708 2005 tum
743 1982 818 2005 non
853 1972 898 2005 de
922 1971 1062 2015 parvis,
1084 1970 1148 2003 sed
1173 1971 1217 2003 de
1241 1971 1404 2003 maximis
1431 1971 1725 2006 consultabimus.

297 2022 530 2066 Quapropter
553 2026 628 2053 tum
653 2019 765 2059 hanc,
789 2022 866 2050 tum
891 2018 989 2050 illam
1016 2017 1063 2049 ob
1088 2027 1252 2057 causam,
1278 2028 1370 2062 quae
1393 2016 1484 2050 facta
1512 2023 1616 2059 sunt,
1641 2029 1730 2052 eon-

297 2066 493 2101 temnenda
514 2092 523 2107 ‚
547 2077 613 2099 nec
636 2071 821 2109 tamquam
844 2063 888 2096 de
912 2062 1154 2108 singularibus
1176 2064 1380 2096 molestiam
1414 2062 1625 2108 capiendam
1654 2064 1729 2102 aio.

299 2114 396 2147 Haec
419 2111 484 2146 ubi
509 2113 625 2151 dixit,
650 2111 846 2144 tumultum
869 2106 1028 2149 sedavit,
1056 2109 1224 2142 omnihus
1257 2106 1490 2153 optantibus,
1525 2115 1566 2143 ut
1599 2121 1727 2156 quem-

293 2158 495 2192 admodum
535 2157 696 2197 dixerat,
726 2168 780 2189 res
813 2156 906 2188 bene
942 2161 1116 2189 verteret:
1151 2167 1244 2196 non,
1270 2160 1310 2188 ut
1334 2167 1378 2188 ex
1402 2157 1574 2189 anteactis
1600 2158 1726 2190 conie—

299 2211 397 2239 ctare
420 2205 491 2250 ipsi
516 2203 745 2248 cogebantur.
795 2202 1073 2235 Tumultuantes
1098 2202 1148 2235 ita
1175 2201 1407 2246 compescuit.
1432 2203 1658 2247 imperatrix,
1684 2207 1726 2236 ut

297 2253 455 2297 primum
477 2252 611 2296 legatos
637 2260 713 2283 esse
735 2248 886 2281 violatos
912 2247 1059 2288 didicit,
1085 2247 1240 2292 graviter
1263 2249 1351 2280 tulit
1382 2248 1561 2294 iussitque
1603 2254 1726 2294 rapto-

299 2310 354 2332 res
381 2298 496 2343 spolia
523 2296 671 2331 reddere
697 2300 733 2327 et
760 2294 807 2326 ad
838 2305 876 2327 se
901 2294 1100 2338 deportare.
1161 2295 1253 2326 Tum
1278 2294 1479 2338 patriarcha
1503 2296 1726 2341 reliquisque

301 2343 537 2388 optimatibus
563 2348 599 2376 et
627 2343 783 2386 Augusta
807 2351 924 2373 coram
947 2340 1215 2384 praesentibus,
1240 2341 1348 2384 legati
1373 2352 1437 2374 suo
1462 2351 1611 2375 munere
1637 2353 1727 2387 per-

300 2391 413 2423 functi
440 2397 543 2430 sunt,
568 2390 703 2422 cunctis
718 2413 728 2428 ‚
752 2398 842 2431 quae
866 2386 1094 2430 petebantur,
1120 2392 1160 2419 ut
1184 2397 1299 2432 aequa
1325 2387 1621 2431 approbantibus.
1654 2389 1725 2426 Ro-

302 2437 433 2480 gabant
466 2442 584 2469 autem
618 2435 715 2467 illam
752 2437 789 2465 et
820 2432 1053 2477 patriarcham
1087 2432 1220 2476 legati,
1245 2443 1291 2465 ne
1316 2433 1353 2464 in
1379 2433 1485 2466 rebus
1509 2438 1579 2466 tam
1604 2434 1725 2478 magni

301 2484 474 2515 momenti
499 2488 639 2527 tempus
665 2480 884 2517 eximerent,
909 2478 972 2511 sed
997 2479 1162 2512 celeriter
1187 2479 1474 2513 emendationem
1498 2479 1727 2518 adhiberent.

303 2529 341 2562 Si
364 2530 495 2562 litteris
521 2538 685 2574 magnum
712 2524 945 2559 domesticum
967 2524 1013 2558 atl
1036 2525 1198 2558 tribunal
1221 2525 1387 2565 citarent,
1412 2527 1484 2560 nisi
1507 2526 1726 2570 simulatque

302 2585 361 2608 eas
386 2576 600 2618 accepisset,
627 2573 833 2612 advolaret,
856 2582 915 2612 se,
946 2572 1034 2617 quin
1064 2572 1180 2617 capite
1203 2572 1440 2614 punirentur,
1471 2583 1544 2605 non
1581 2582 1726 2605 recusa-

300 2627 401 2654 turos
426 2621 579 2653 aiebant.
628 2621 696 2653 Hic
721 2629 843 2652 omnes
870 2618 1134 2651 conticuerunt.
1188 2618 1422 2661 Apocauchus
1449 2623 1569 2651 tamen
1599 2619 1724 2652 solici-
1748 2634 1764 2638 -’

301 2673 381 2707 tus,
404 2677 450 2699 ne
475 2668 682 2712 imperatrix
709 2665 924 2710 petitionem
948 2668 989 2697 ut
1011 2674 1162 2708 aequam
1195 2665 1412 2708 respicienS,
1447 2663 1621 2697 indicium
1653 2665 1721 2697 de-

302 2718 483 2750 cerneret,
524 2718 561 2746 et
594 2723 673 2744 cum
708 2711 796 2752 hoc,
832 2710 931 2756 quod
966 2711 1195 2743 consiliorum
1231 2721 1377 2743 suorum
1407 2711 1581 2755 pravitate
1624 2710 1721 2743 nihil

297 2760 557 2807 promovisset,
580 2760 660 2805 ipse
685 2759 795 2792 etiam
818 2758 890 2795 vita
912 2757 1148 2799 multaretur,
1180 2758 1381 2792 temeritate
1416 2762 1454 2792 et
1483 2755 1722 2803 impudentia,
