1800 3132
529 214 909 261 nis'romARUM
951 216 1023 261 111.
1054 221 1124 266 56.
1464 202 1576 276 339

135 316 370 374 δυμοτείχφ
405 309 566 358 ἐπιέναι
605 317 678 358 καὶ
713 314 873 365 αὖτοὺς
917 314 990 372 τῆς
1028 317 1188 366 πόλεως
1226 316 1286 372 μὴ
1319 317 1483 368 ἐξιέναι.
1539 319 1771 373 ec'A.C.i342

133 380 212 437 γάρ
241 396 352 430 τινες
379 379 527 431 ἐξίοιεν
563 382 635 436 ἐφ’
667 378 875 436 ἁρπαγήν,
904 379 1041 437 ὥσπερ
1071 382 1296 434 εἰώθεσαν,
1334 377 1469 434 (οὗτος
1493 378 1616 438 γὰρΟ
1656 428 1661 431 ,

132 439 185 498 ἧν
214 446 354 493 αὐτοῖς
383 442 708 498 α’ναγκαιότατος
737 444 866 501 πόρος
895 445 1000 501 πρὸς
1026 445 1070 488 τὸ
1106 449 1178 503 ζῇν
1191 451 1216 500 ,)
1246 447 1579 502 προστυγχάνον-

130 526 198 559 τες
222 511 260 552 οἱ
289 509 460 563 musve,
491 510 666 564 (πάντως
697 512 744 552 δὲ
793 513 868 552 οὐκ
895 513 991 567 ἐνῆν
1032 514 1251 553 διαλαθεῖν
1287 510 1442 567 πολλὴν
1473 512 1578 568 πρό-

106 574 249 617 5νοιαν
276 571 425 616 τούτου
453 575 527 616 καί
553 577 757 630 φροντίδα
784 576 1106 629 ποιουμένους,)
1145 576 1297 626 ἵππους
1327 592 1369 618 τε
1402 578 1578 619 cinzors-

137 655 239 694 ρουν
266 641 340 682 καί
367 636 475 681 ὅπλα
501 640 575 682 καί
598 641 781 694 γυμνούς
808 638 989 697 ἠφίεσαν
1015 641 1234 697 ἐπανήκειν
1266 640 1367 696 πρὸς
1397 641 1473 696 τήν
1501 642 1578 686 τιό-ὀ

134 708 214 746 λιν.
275 706 315 747 εἰ
340 706 387 747 δὲ
415 707 731 760 προσαγγέλοιεν
762 698 861 755 τους
897 709 1035 748 ταῦτα
1062 708 1317 762 πράττοντας
1345 706 1385 747 οἱ
1415 711 1460 751 ἐκ
1495 712 1574 752 Ac-

133 771 385 824 δυμοτείχου
413 770 518 824 πρὸς
545 773 617 826 τῆς
645 773 843 826 στρατιᾶς
868 770 966 821 τούς
993 772 1272 827 ἡγουμένους,
1303 775 1339 818 οἱ
1368 778 1414 818 δὲ
1445 777 1576 831 μηδὲν

132 836 287 877 εἰδέναι
315 836 558 876 διετείνοντο
575 867 587 888 ,
632 838 741 890 μηδὲ
776 839 848 890 τῆς
875 839 1080 892 σφετέρας
1119 834 1223 879 εἶναι
1251 842 1450 895 στρατιᾶς
1477 840 1585 889 τούς,

81 901 363 953 Ιοτολμῶντας
394 898 444 941 τὰ
480 902 675 952 τοιαῦτα,
722 900 829 943 α’λλοὶ
863 899 1131 954 εΡοομαίους,
1189 903 1263 945 καί
1304 902 1456 955 αὖτοὺς
1503 907 1578 948 ἐπὶ

127 965 294 1022 λῃστείᾳ
336 963 599 1021 περιιόντας·
641 964 830 1009 ἐκέλευόν
867 983 912 1009 τε
939 966 985 1009 τὸ
1031 965 1312 1022 στρατόπεδον
1344 972 1568 1026 περιιέναι,

128 1030 174 1072 εἴ
194 1047 234 1072 τι
261 1033 417 1084 γένοιτο
442 1032 661 1086 γνώρισμα
707 1034 850 1086 λαβεῖν
889 1034 934 1074 ἐκ
961 1035 1043 1075 τῶν
1078 1029 1346 1087 ἀπολομένων
1356 1069 1368 1088 ,
1402 1038 1474 1077 καί
1517 1039 1568 1080 τὰ
1591 1047 1622 1080 D

125 1092 287 1147 ἔσχατα
314 1089 512 1150 ἤπείλουν
539 1093 779 1150 διαθήσειν,
809 1096 855 1138 εἴ
866 1114 958 1140 τινα
987 1101 1174 1140 τοιοῦτον
1202 1097 1384 1152 λάβοιεν.
1441 1100 1495 1143 ra*
1529 1103 1577 1143 δὲ

126 1155 235 1213 ἦσαν
266 1159 481 1213 οὐδαμοῦ·
509 1157 710 1217 πρότερον
738 1161 816 1218 γὰρ
848 1164 1074 1216 ἐξέπεμπον
1104 1165 1230 1205 αὕτοί
1260 1163 1365 1220 πρὸς
1395 1169 1576 1208 Μυσίαν

78 1222 229 1273 ιότούς
256 1227 432 1266 τοιαῦτα
460 1227 771 1281 εἰργασμένους.
826 1231 967 1270 τοῦτον
994 1231 1076 1281 μὲν
1117 1223 1192 1271 οὖν
1234 1228 1307 1272 τόν
1339 1230 1491 1286 τρόπον
1529 1234 1574 1273 ἐν

126 1292 257 1348 στενῷ
296 1291 546 1345 κατέστησαν
584 1293 739 1348 κομιδῇ
775 1291 873 1341 τούς
910 1294 956 1335 ἐν
986 1295 1299 1352 Διδυμοτείχῳ·
1339 1293 1448 1336 πάνυ
1489 1293 1571 1350 γάρ

125 1353 207 1396 ὑπὸ
248 1356 408 1404 ἐνδείας
435 1357 708 1411 ἐπιέσθησαν.
765 1361 982 1413 συνορῶσα
1012 1360 1058 1400 δὲ
1096 1355 1174 1414 ἤδη
1204 1360 1275 1401 τὸν
1312 1361 1503 1402 κίνδυνον
1546 1355 1573 1416 ἦ

125 1420 290 1472 βασιλὶς
311 1418 488 1475 Εἰρήνη,
517 1421 831 1464 ἀπανίστασθαι
859 1425 1019 1464 ἐκέλευε
1038 1421 1111 1478 τῆς
1138 1424 1317 1477 πόλεως,
1346 1424 1404 1474 ὥς
1432 1426 1574 1468 οὐκέτι

128 1485 323 1539 δεομένης
363 1482 439 1538 τῆς
473 1486 574 1539 παρ’
594 1483 732 1527 αὕτῶν
759 1487 1021 1542 ἐπικουρίας,
1051 1487 1261 1543 α’ρκούσης
1302 1485 1381 1544 ἤδη
1408 1506 1572 1544 γεγενηε

73 1549 273 1603 ιομένης·
304 1550 362 1590 δι’
392 1546 446 1603 ἢν
472 1550 525 1589 ου’
553 1553 725 1603 βασιλεῖ’
743 1549 870 1601 μόνον
896 1554 953 1608 τῷ
981 1553 1119 1594 αὐταῖν
1136 1587 1148 1606 ,
1169 1554 1291 1604 ,ἀλλὰ
1324 1558 1396 1596 καί
1434 1556 1573 1603 αὐτοῖς

124 1613 255 1668 χάριν
283 1611 498 1668 ὁμολογεῖν
522 1613 690 1669 πολλήν.
746 1615 786 1656 οἱ
824 1617 871 1657 δὲ
911 1617 1053 1658 ου’δενί
1087 1616 1226 1675 τρόπῳ
1263 1617 1428 1674 ἔφασαν
1467 1619 1571 1660 α’να-
1603 1616 1607 1619 ’

125 1677 382 1732 στήσεσθαι,
430 1677 537 1720 ἀλλά
589 1681 786 1735 διηνεκῶς
836 1679 989 1723 αὐτόθι
1050 1688 1188 1734 μενεῖν
1231 1684 1569 1739 ἐπικουροῦντας.

125 1740 231 1784 οὕτω
258 1741 338 1799 γάρ
369 1740 510 1792 αὖτοῖς
543 1741 653 1786 εἶναι
687 1744 1046 1801 προστεταγμένον
1084 1746 1198 1801 παρὰ
1239 1749 1446 1800 βασιλέως
1478 1750 1566 1789 ’τοῦ

124 1810 344 1863 σφετέρου.
402 1808 428 1863 ἧ
457 1807 628 1864 τοιαύτη
659 1811 704 1850 δὲ
743 1809 943 1864 α’πολογία
972 1810 1127 1865 πολλὴν
1159 1812 1327 1865 ἐνέβαλε
1365 1811 1686 1876 ταραχὴνεΡόΞὸ

72 1873 200 1920 α5καί
224 1875 370 1926 πτοίαν
397 1880 484 1923 τοῖς
519 1877 564 1916 ἐν
593 1876 896 1933 Διδυμοτείχῳ.
924 1870 1003 1930 ἤδη
1036 1875 1116 1932 γάρ
1150 1877 1293 1926 αὐτοῖς
1320 1878 1511 1934 ἐφαίνετο
1543 1893 1564 1918 ο
1583 1883 1620 1917 V.
1633 1885 1701 1928 432

127 2005 269 2033 rentur:
302 1999 391 2034 haee
420 2000 516 2034 enim
535 2005 614 2034 erat
638 2002 725 2045 ipsis
750 2002 904 2034 maxime
928 2002 1127 2034 necessaria
1154 2001 1198 2034 ad
1223 2002 1332 2034 vitam
1358 2003 1565 2036 sustentari·
1601 2007 1610 2014 ‘

129 2046 208 2078 dam
238 2049 435 2090 excogitata
461 2048 573 2081 ratio:
620 2054 848 2081 occurrentes
871 2047 987 2080 Moesi
1015 2049 1182 2092 (quornm
1210 2048 1247 2080 in
1276 2048 1343 2080 hoc
1371 2049 1565 2094 providen—

129 2093 216 2125 tiam
244 2096 280 2125 et
306 2093 589 2127 sollicitudinem
614 2104 778 2138 magnam
804 2094 917 2126 latere
942 2094 1068 2139 utique
1093 2105 1166 2126 nou
1192 2095 1374 2138 poterant)
1401 2105 1420 2126 e
1450 2095 1503 2127 uis
1529 2101 1566 2129 ct

130 2139 237 2171 armis
275 2138 428 2172 nudatos
467 2140 507 2172 in
547 2139 673 2173 urbem
721 2139 859 2183 regredi
903 2140 1081 2172 sinebant
1143 2140 1180 2172 Si
1225 2106 1565 2184 D1115m0ti31enses

128 2183 338 2217 huiusmodi
368 2185 566 2230 praedones
591 2186 688 2229 apud
713 2187 820 2219 duces
847 2186 1024 2219 exercitus
1049 2185 1252 2224 deferrent,
1278 2187 1566 2220 asseverantissi-

127 2242 185 2263 me
212 2229 496 2275 respondebant,
532 2243 569 2265 se
597 2233 682 2265 sacti
711 2234 860 2266 inscios:
897 2243 964 2265 nec
987 2243 1069 2265 suos
1099 2243 1175 2265 esse
1201 2236 1271 2264 tam
1299 2231 1478 2272 audaces,
1502 2230 1565 2267 sed

130 2277 329 2315 Romanos,
354 2277 418 2322 qui
443 2277 513 2322 ipsi
535 2288 683 2323 quoque
707 2278 919 2323 praedatum
949 2278 1200 2317 circumirent,
1231 2278 1479 2323 iubebantque
1504 2290 1565 2312 ca-

131 2327 204 2356 stra
237 2322 547 2366 perambulantes,
571 2335 591 2356 a
616 2323 819 2369 raptoribus
847 2335 911 2357 sua
935 2324 1099 2364 auferre,
1135 2324 1164 2356 si
1190 2335 1261 2369 quo
1287 2325 1388 2367 siguo
1414 2334 1475 2357 eos
1501 2337 1565 2358 co-

130 2373 363 2412 gnoscerent,
397 2373 433 2402 et
456 2375 612 2403 extrema
636 2371 813 2415 supplicia
843 2371 1098 2409 minabantur,
1134 2370 1163 2402 si
1189 2370 1270 2414 quis
1297 2371 1379 2403 talis
1402 2376 1564 2414 repertus

130 2415 270 2451 fuisset.
317 2413 388 2448 Sed
419 2413 458 2448 hi
482 2416 574 2449 nulli
613 2416 875 2450 cernebantur:
912 2427 993 2450 nam
1025 2416 1132 2448 duces
1169 2414 1378 2448 huiusmodi
1413 2417 1562 2460 praeda-

130 2466 226 2495 tores
251 2471 329 2493 cum
355 2460 488 2505 praeda
512 2463 634 2495 statim
676 2463 716 2496 in
751 2463 925 2496 Moesiam
957 2461 1162 2496 mittebant.
1203 2462 1279 2494 Hoc
1314 2462 1422 2507 igitur
1455 2463 1562 2498 modo

130 2507 469 2551 Didymotichenses
495 2508 534 2540 in
560 2509 732 2542 maximas
759 2508 988 2542 difficultates
1025 2508 1149 2552 reique
1184 2507 1340 2540 cibariae
1373 2509 1558 2552 penuriam

131 2553 280 2588 adducti
308 2557 406 2589 sunt.
454 2553 546 2586 Tum
570 2554 818 2588 animadverso
846 2555 1028 2598 periculo,
1063 2554 1166 2586 Irene
1192 2554 1400 2598 imperatrix
1424 2554 1556 2588 Moesis

131 2600 336 2645 praecepit,
375 2599 429 2631 uti
459 2600 503 2632 ab
532 2599 621 2634 urbe
651 2599 904 2641 abscederent,
942 2600 1096 2644 amplius
1128 2609 1249 2632 corum
1289 2600 1425 2634 auxilio
1465 2611 1555 2644 opus

130 2655 206 2680 non
237 2656 334 2686 esse,
366 2646 463 2690 q'uod
488 2647 574 2679 satis
609 2649 896 2691 praestitissent,
932 2651 1041 2691 atque
1076 2645 1207 2679 idcirco
1239 2655 1276 2680 se
1311 2657 1384 2679 non
1417 2651 1556 2682 tantum

132 2692 291 2736 ipsorum
318 2691 416 2736 regi,
462 2699 583 2725 verum
621 2694 728 2726 etiam
757 2694 917 2738 ipsismet
952 2693 1082 2724 multas
1114 2691 1242 2735 gratias
1277 2702 1393 2737 agere.
1439 2693 1555 2726 Moesi

133 2738 343 2784 neutiquam
368 2749 405 2770 sc
438 2748 660 2778 recessuros,
694 2740 756 2772 sed
782 2740 1010 2772 continenter
1034 2736 1168 2771 ibidem
1196 2748 1260 2782 pro
1285 2739 1436 2783 imperio
1463 2739 1554 2782 regis

134 2783 181 2818 ad
224 2795 329 2830 opem
356 2784 443 2830 ipsis
469 2784 652 2820 ferendam
678 2796 861 2821 mansuros
884 2784 1065 2823 affirmare.
1114 2784 1163 2818 Eo
1187 2793 1358 2831 responso
1382 2784 1559 2828 Didymo·-
