1800 3132
507 191 886 237 HISTORIARUM
927 193 999 234 11¹·
1029 192 1101 238 50.
1418 182 1530 245 299

76 317 190 354 ματα
216 300 372 342 ἐκείνου
391 297 650 352 κρυπτόμενα
670 296 848 348 εἰδέναι,
879 291 906 335 ἃ
923 293 1202 348 ἠναγκάζοντο
1224 291 1450 348 φανεροῦν.
1474 287 1568 332 οὗΔ-
1584 290 1624 327 C·
1638 289 1723 335 ¹³4²

87 365 172 422 μὴν
185 366 284 408 ου’δὲ
303 366 387 407 τῶν
400 362 700 418 εὖγενεστέρων
715 357 937 415 ἀπείχοντο
953 355 1090 409 οὕτως
1114 359 1289 409 αἰκιζειν
1303 355 1532 412 ἀπανθρώ-

82 447 182 481 πως.
206 428 428 475 Ἀσανίναν
445 427 525 484 γὰρ
553 426 630 483 τὴν
644 426 798 482 Ἀσὰνη
817 428 895 468 τοῦ
912 423 1097 481 Μιχαὴλ
1125 421 1308 480 γαμετὴν
1328 425 1403 466 τοῦ
1417 422 1533 478 πρῶ-

81 513 155 540 του
176 498 256 539 τῶν
278 493 442 551 Ἀσάνη
465 495 543 537 τοῦ
554 492 754 536 δεσπότου
773 493 878 534 υἱῶν
895 495 1097 546 σχοινίοις
1113 489 1411 548 αἰωρήσαντες,
1429 490 1550 542 ἐμὼ·

52 565 223 615 ὅστιξαν
244 563 314 618 ἐφ’
335 561 490 614 ἱκανὸν,
504 560 812 612 ἐπικαλοῦντες,
827 555 883 608 ῶς
901 556 1114 613 συνειδείη
1135 558 1195 607 εἷς
1205 557 1440 608 Βυζάντιον
1454 571 1534 596 πα-

81 627 136 683 ρὰ
165 628 518 683 Καντακουζηνοῦ
546 627 619 668 ἐπὶ
642 627 863 682 διαφθορᾷ
893 640 1016 667 τινων
1043 622 1270 680 γράμματα
1307 623 1566 678 ἅφιγμένα,Β

82 692 114 736 ἃ
128 695 316 736 ἐκέλευον
331 695 438 748 δῆλα
455 691 527 734 καὶ
542 692 688 740 αὐτοῖς
711 697 857 734 ποιεῖν.
895 691 1031 732 ταῦτα
1048 691 1126 743 μὲν
1141 685 1219 731 οὖν
1235 690 1283 732 έκ
1303 690 1468 730 πολλῶν
1488 687 1536 730 ὄ-

83 759 179 814 λι’γα
196 758 375 815 εἴρηται,
407 760 462 800 δι’
482 757 512 801 ἃ
529 760 589 807 εἰς
609 760 808 800 τοσοῦτον
824 753 959 813 ἦλθον
971 754 1108 814 φόβου
1134 755 1174 798 οἱ
1197 755 1450 810 ἁπανταχοῦ
1461 755 1538 810 τῆς

74 821 300 879 Ῥωμαίων
310 827 384 880 γῆς
396 820 560 881 ἄριστοι
571 826 655 867 τῶν
669 824 840 877 πόλεων,
863 821 920 873 ὥς
931 824 1040 877 μηδὲ
1052 828 1135 872 τοῖς
1151 821 1416 870 οἰκειοτάτοις
1431 815 1536 875 ἄγαν

39 889 366 948 ιοθαῤῥεῖιϊτῆν
385 892 614 945 προδοσίαν
644 887 882 938 δεδοικότες.
920 887 1091 942 συμβὰν
1119 890 1167 931 δέ
1190 904 1231 931 τι
1244 889 1318 929 καί
1345 888 1537 929 τοιοῦτον

82 960 242 1011 μᾶλλον
270 956 531 1014 ἐξεφόβησεν,
561 954 599 997 οἱ
617 955 698 1011 γὰρ
723 953 770 998 έν
799 955 1121 997 Κωνσταντίνου
1146 956 1222 996 τοῦ
1250 952 1433 1014 μεγάλου
1450 957 1538 1002 τοῖς

82 1025 312 1077 βασιλείοις
352 1017 465 1073 ὄντες
501 1023 739 1076 δεσμῶται,
778 1022 872 1063 ἐπεὶ
908 1021 991 1063 τῶν
1026 1021 1224 1075 νηστειῶν
1258 1022 1455 1075 παρῆσαν
1491 1018 1539 1062 αἱ

83 1087 240 1145 ἡμέραι
277 1087 350 1130 καὶ
383 1087 470 1130 ἔδει
509 1087 750 1130 ἀναθέσθαι
775 1087 827 1129 τὰ
860 1090 949 1128 κατ’
978 1082 1134 1135 αὖτοὺς
1159 1085 1286 1142 α’νδρί
1310 1102 1541 1139 πνευματι-

30 1205 33 1207 K
83 1158 142 1213 κῷ
167 1155 242 1197 καί
266 1152 559 1210 ἐξομολόγησιν
585 1151 845 1208 ποιήσασθαι
873 1155 957 1194 τῶν
997 1153 1422 1208 πεπλημμελημένων,
1450 1152 1544 1194 ἐπεὶ

34 1221 146 1276 15μὴ
175 1222 272 1277 ἐξῆν
301 1221 446 1270 αὐτοῖς
476 1220 656 1275 εἰσάγειν
679 1214 741 1270 οἷς
761 1216 992 1276 έθάρῥουν,
1018 1220 1195 1275 ᾐτοῦντο
1222 1216 1337 1274 παρὰ
1357 1220 1442 1259 τῶν
1461 1218 1541 1270 α’ρ-

85 1285 249 1342 χόντων
275 1287 478 1329 εἰσελθεῖν
495 1319 508 1340 ,
545 1284 603 1341 ,ὃν
635 1282 688 1329 ἂν
713 1288 932 1340 βούλοιντο
961 1285 1099 1327 αὐτοί.
1160 1286 1199 1327 οἱ
1228 1285 1275 1326 δέ
1302 1300 1395 1326 τινα
1423 1285 1463 1325 Γ
1461 1281 1575 1326 ini-C

89 1369 165 1395 καν
203 1345 360 1406 ὄνομα,
407 1355 570 1410 φαῦλον
612 1347 836 1408 ἄνθρωπον
874 1353 950 1393 καί
973 1353 1072 1407 περὶ
1094 1353 1234 1405 μέθας
1259 1347 1544 1405 ἧσχολημένον

89 1420 162 1460 καί
190 1419 310 1474 ἕτερα
340 1417 586 1474 α’τοποότερά
615 1434 734 1473 τινα,
780 1416 927 1473 ἱμάτια
963 1419 1162 1472 μοναχῶν
1201 1416 1448 1466 ἐνδύσαντες
1473 1415 1547 1460 καί

88 1483 136 1526 τὸ
166 1485 382 1538 λεγόμενον
408 1484 515 1538 μέγα
541 1488 686 1540 σχῆμα
716 1488 980 1541 περιθέντες,
1030 1487 1325 1541 προσέπεμπον
1355 1488 1443 1532 τοῖς
1474 1483 1543 1524 δε-

36 1549 303 1604 ποσμώταις,
332 1545 400 1592 οἷα
431 1549 733 1604 πνευματικόν·
788 1549 980 1594 ἐκέλευόν
1004 1566 1052 1593 τε
1079 1549 1180 1599 τούς
1206 1548 1432 1605 λογισμοὺς
1459 1549 1544 1591 τῶν

91 1611 258 1672 ἀνδρῶν
285 1617 523 1673 α’νερευνᾷν,
553 1611 632 1670 ὅ,τι
659 1615 758 1671 περὶ
785 1618 1142 1671 Καντακουζηνοῦ
1168 1616 1434 1657 διανοοῦνται
1470 1615 1545 1656 καί

91 1682 133 1723 εἰ
158 1680 360 1723 συνίσασί
380 1697 496 1730 τινας
523 1680 596 1723 καί
620 1678 769 1731 ἄλλους
796 1681 848 1724 τὰ
879 1679 987 1723 av‘ra'
1020 1682 1189 1731 ἐκείνοις
1216 1679 1460 1738 ᾑρημένους.
1520 1676 1543 1722 ὅ

92 1747 140 1789 δὲ
161 1745 236 1803 τὴν
257 1745 482 1803 ὑπόκρισιν
510 1748 684 1802 κέρδους
711 1746 831 1789 ἕνεκα
856 1745 1050 1790 ὑπελθών
1078 1744 1212 1802 ἡδέως
1239 1748 1314 1788 καὶ
1329 1744 1564 1802 γενόμενος’

181 1839 216 1873 6.
241 1839 376 1886 φθορᾷ
400 1837 450 1874 Μ.
476 1849 546 1884 mg.

95 1918 134 1950 in
160 1915 450 1952 Cantacuzenum
485 1918 740 1953 benerolentia
778 1923 815 1953 et
839 1929 945 1953 nosse
973 1919 1170 1953 occultatas
1194 1917 1241 1952 ab
1268 1928 1311 1952 eo
1337 1917 1539 1962 pecunias,

93 1974 184 2009 quas
208 1963 372 1999 indicare
397 1966 718 2011 compellebantur.
759 1966 834 2000 Nec
857 1972 980 2000 tamen
1005 1977 1025 1999 a
1053 1964 1300 2000 nobilioribus
1324 1964 1416 1998 adeo
1441 1969 1541 1997 atro-

93 2011 186 2044 citer
219 2011 445 2056 flagellandis
476 2012 723 2047 abstinebant.
770 2013 964 2046 Asaninam
1001 2012 1118 2053 enim,
1155 2011 1347 2048 Michaelis
1383 2011 1542 2052 Asanis,

95 2058 254 2090 filiorum
278 2059 404 2093 Asanis
431 2059 605 2105 despotae
633 2060 885 2105 primogeniti,
911 2071 1058 2094 uxorem
1083 2059 1240 2093 fidiculis
1263 2063 1451 2092 attractam
1477 2057 1541 2090 diu

95 2103 184 2137 loris
210 2104 436 2147 ceciderunt,
468 2113 510 2141 ut
533 2108 711 2141 consciam
749 2106 1005 2152 redarguentes
1069 2106 1278 2139 uarumdam
1313 2104 1543 2145 litterarum,

96 2161 190 2195 quae
215 2162 236 2183 a
263 2152 517 2187 Cantacuzeno
540 2155 752 2198 Byzantium
779 2165 888 2199 super
913 2119 1099 2189 uonnuiiis
1132 2150 1396 2186 interficiendis
1420 2150 1543 2185 venis-

97 2201 203 2238 sent,
236 2209 325 2244 quas
352 2199 423 2233 sibi
451 2201 618 2235 exhiberi
645 2201 834 2234 iubebant.
884 2201 982 2235 Haec
1018 2210 1132 2246 pauca
1160 2199 1324 2243 exempla
1348 2196 1394 2230 de
1418 2198 1542 2230 multis

97 2245 342 2279 narravimus:
377 2253 526 2292 propter
551 2258 646 2293 quae
681 2253 804 2282 tantus
842 2259 952 2293 pavor
989 2248 1144 2281 iniectus
1176 2251 1231 2279 est
1270 2244 1441 2279 omnibus
1477 2254 1544 2288 per

98 2291 291 2335 imperium
316 2293 512 2328 Romanum
539 2294 776 2340 optimatibus
793 2320 803 2336 ‚
837 2300 877 2327 ut
902 2305 968 2327 uec
991 2293 1259 2328 necessitudine
1285 2291 1544 2324 coniunctissi-

97 2337 166 2370 mis
208 2338 386 2380 fiderent,
430 2352 476 2374 ne
514 2341 609 2376 forte
650 2340 695 2374 ab
731 2343 776 2375 iis
808 2341 1058 2385 proderentur.
1107 2340 1189 2374 'l'ali
1223 2345 1345 2372 antem
1384 2336 1543 2383 quodam

98 2388 230 2417 eventu
256 2386 384 2419 maiori
410 2391 544 2421 terrore
570 2388 733 2422 concussi
759 2392 853 2422 sunt.
904 2388 978 2433 Qui
1012 2389 1051 2422 in
1077 2387 1306 2420 Constantini
1333 2385 1453 2429 magni
1479 2395 1544 2429 pa-

99 2430 190 2463 latio
214 2432 327 2465 vincti
370 2434 642 2475 attinebantur,
677 2445 757 2468 cum
793 2435 863 2468 iam
903 2435 980 2469 dies
1016 2435 1237 2468 ieiuniorum
1269 2436 1480 2477 agerentur,
1505 2435 1544 2464 et

100 2488 284 2523 quemque
309 2477 355 2510 de
386 2479 493 2514 rebus
519 2482 594 2514 suis
622 2480 666 2515 ad
691 2486 829 2527 patrem
865 2482 1093 2528 spiritualem
1118 2481 1253 2514 referre
1290 2483 1542 2523 pcccatorum-

100 2535 172 2569 que
199 2525 467 2570 exomologesin
492 2527 682 2562 instituere
707 2533 912 2574 oporteret:
940 2526 1235 2574 quandoquidem
1260 2526 1347 2571 ipsis
1371 2524 1544 2558 introdu-

100 2581 182 2604 cere
208 2573 266 2604 cui
295 2570 450 2606 fiderent
473 2585 546 2607 nou
570 2573 728 2615 licebat,
753 2576 940 2619 petierunt
964 2586 984 2607 a
1008 2573 1298 2619 magistratibus,
1323 2578 1364 2605 ut
1387 2581 1430 2604 eo
1456 2572 1543 2605 mit-

101 2622 222 2651 terent
262 2628 369 2664 quem
403 2620 550 2654 vellent.
599 2621 672 2665 Qui
713 2622 858 2666 Glycam
898 2621 1099 2668 quendam,
1143 2619 1327 2654 hominem
1363 2630 1544 2663 nequam,

99 2665 243 2708 poculis
271 2671 308 2698 et
330 2666 410 2698 aliis
435 2665 745 2701 inhonestioribus
771 2668 878 2701 rebus
902 2673 1085 2701 vacantem
1101 2693 1110 2707 ‚
1140 2665 1384 2712 magnovquod
1409 2665 1544 2698 dicitnr

101 2708 279 2744 schemate
311 2711 425 2757 (veste
463 2715 675 2756 monastica)
698 2714 889 2755 indutum,
932 2726 996 2759 pro
1022 2714 1204 2758 spirituali
1240 2718 1341 2759 patre
1375 2714 1544 2745 mittunt:

103 2756 161 2789 cui
186 2759 381 2799 mandant,
414 2761 598 2805 explorare
624 2762 769 2794 illorum
796 2762 953 2799 animos,
986 2760 1074 2803 quid
1111 2760 1155 2794 de
1180 2761 1432 2795 Cantacuzeno
1464 2768 1546 2792 sen-

104 2803 218 2845 tiaut,
243 2816 330 2839 num
357 2806 446 2840 alios
473 2808 609 2849 norint,
635 2809 697 2854 qui
722 2820 841 2843 secum
867 2808 967 2853 paria
997 2808 1165 2843 sentiant.
1204 2807 1329 2852 Glycas
1355 2815 1546 2851 personam
