1812 3132
540 172 922 216 ms'romAnUM
961 176 1032 216 111.
1064 180 1132 220 m.
1492 153 1569 228 87¹

121 271 182 326 οἷς
210 277 373 318 ἐδεῖσθε
411 277 640 328 βασιλέως·
698 276 834 318 ati-toi}
861 276 908 318 δὲ
928 275 1056 329 ’ὑμῶν
1088 274 1237 324 οὐδείς.
1292 271 1402 317 <San
1429 275 1500 316 καί
1518 275 1656 318 ἒκΑ.(3.
1673 281 1757 330 ι34ι

119 344 204 384 τῶν
250 343 458 397 προτέρων
495 340 571 383 καὶ
603 343 688 384 τῶν
729 344 804 385 νῦν
846 343 1031 384 συνιδεῖν
1056 342 1168 396 ὑμᾶς
1194 343 1355 396 ἐχρῆν,
1400 339 1457 389 αἷς
1485 340 1562 381 ου’κ

115 403 168 449 ἂν
212 407 347 450 δέοιτο
386 409 460 462 τῆς
506 409 604 463 παρ’
648 407 768 461 ὑμῶν
809 407 1067 462 ἐπικουρίας.
1126 403 1175 448 οὗ
1207 405 1286 462 γάρ
1317 408 1450 459 ἐστιν,
1484 406 1562 446 ου’κ

112 471 224 516 ἔστιν
251 473 403 526 οὐδὲν,
431 471 456 513 ὃ
482 476 719 532 βουλομένῳ
747 470 776 528 ἢ
803 472 902 529 περὶ
927 471 1084 514 ἑαυτοῦ
1108 469 1137 527 ἢ
1163 475 1261 527 περὶ
1292 470 1464 531 ἑτέρων,
1499 469 1558 525 μή

90 537 190 581 5καί
214 537 406 594 πράττειν
434 539 623 582 δυνατόν.
677 541 719 582 εἰ
762 541 810 581 δὲ
845 540 962 581 τοῦθ’
1002 535 1132 588 οὕτως
1175 537 1264 592 ἔχει
1313 540 1386 580 καί
1422 537 1558 587 οὕδείς
1569 544 1604 577 Ρ.
1615 544 1678 589 39ι

113 603 295 659 ἀντερεῖ,
341 605 434 646 οὐδ’
476 605 592 659 ὑμᾶς
632 606 762 662 ἐχρῆν
801 607 1002 662 θορυβεῖν
1042 604 1114 645 καί
1152 603 1431 659 ταράττεσθαι
1460 603 1563 660 εἰκῇ.

109 671 182 711 καί
221 668 292 711 διὰ
332 672 456 713 τοῦτο
493 672 570 712 ου’κ
599 671 842 728 εὐεργεσίας
852 704 865 724 ,
896 669 1002 712 ἀλλὰ
1030 669 1145 725 δίκης
1174 667 1281 721 ἄξιοι
1308 671 1407 725 παρ’
1434 668 1563 726 αὐτῷ·

106 731 218 788 κάγώ
264 736 311 777 δὲ
346 735 459 789 ὑμᾶς
497 737 574 786 τοῖς
611 735 902 793 προσηκούσας
929 738 1001 791 τῆς
1027 735 1262 785 αὐθαδείας
1288 734 1479 793 ἀπῄτησα
1509 728 1563 775 ἂν

31 850 37 857 .
105 795 293 851 εύθύνας
308 834 320 854 ,
355 804 395 844 εἰ
418 800 479 856 μή
509 801 638 852 αὕτὸς
654 802 919 860 παρῃτήσατο
949 801 1114 857 δεηθείς
1142 801 1250 856 ὑπὲρ
1271 799 1404 854 ὑμῶν,
1425 796 1562 847 ἄλλως

61 865 147 907 ιοδ’
186 861 250 907 ὅτι
286 867 361 908 καὶ
402 865 508 922 πρὸς
546 866 624 923 τήν
657 870 924 924 ἐκστρατείαν
961 866 1314 923 παρεσκεύασθε,
1363 864 1468 922 πρὸς
1505 862 1562 920 ἢν

105 928 333 986 χαίροντας
360 934 578 986 βαδίζειν,
609 933 687 975 ουίι
713 934 992 986 ἀνιωμένους,
1029 931 1172 985 οἴομαι
1213 931 1448 987 προσήκειν.
1505 926 1561 972 οὗ

108 994 160 1050 δή
203 997 322 1038 ἕνεκα
361 996 438 1052 τήν
464 1001 542 1051 μὲν
569 1001 653 1041 τῶν
681 999 982 1055 ἡμαρτημένων
1011 1000 1253 1054 παρέχομαι
1283 994 1555 1052 συγγνώμην,

99 1063 178 1102 τοῦ
195 1065 340 1103 λοιποῦ
366 1065 412 1106 δὲ
432 1064 661 1114 εὐτάκτους
687 1061 796 1107 εἶναι
826 1065 1095 1119 παραγγέλλω
1127 1063 1202 1105 καί
1236 1065 1321 1105 τῶν
1352 1060 1557 1115 μειζόνων

97 1129 230 1181 μηδὲν
265 1126 644 1184 περιεργάζεσθαι,
698 1129 804 1172 ἄλλα
850 1135 1123 1186 παραχωρεῖν
1162 1130 1359 1182 ἐκείνοις,
1403 1123 1464 1177 οἷς
1501 1126 1555 1170 τοὶ

49 1195 269 1236 ιότοιαῦτα
287 1196 422 1243 καλῶς
448 1211 492 1236 τε
515 1193 840 1247 ἔξεστιῖδιοικεῖν
855 1197 929 1237 καί
934 1229 947 1249 ‚
968 1193 1042 1237 ἐάν
1070 1212 1111 1236 τι
1139 1192 1426 1249 σφάλλωνται,
1451 1195 1553 1234 ἐπα-

98 1261 397 1313 νορθοῦσθαι.”
430 1262 620 1303 τοσαῦτα
645 1263 725 1314 μὲν
753 1258 779 1316 ἦ
806 1260 974 1314 βασιλὶς
994 1260 1100 1314 πρὸς
1123 1261 1301 1308 ἐκείνους
1319 1260 1551 1312 διειλέχθη,

98 1325 180 1366 τοῦ
208 1324 396 1380 θορύβου
426 1327 545 1367 ἕνεκα
572 1329 882 1381 καθαπτομένη.
941 1327 1092 1368 ἐκεῖνοι
1120 1326 1168 1367 δὲ
1194 1327 1270 1380 τῆς
1297 1323 1588 1380 ἦμερότητοςΒ

95 1391 170 1431 καί
206 1392 278 1444 τῆς
315 1392 559 1446 συγγνώμης
595 1389 774 1448 χάριτας
812 1390 1141 1446 ὁμολογήσαντες
1189 1389 1264 1432 καὶ
1301 1392 1386 1432 τῶν
1414 1385 1553 1432 ἄλλων

101 1456 260 1507 μᾶλλον
290 1453 311 1497 ὃ
338 1458 470 1510 μέγας
503 1459 768 1511 δομέστικος,
797 1456 836 1499 οἱ
865 1459 943 1511 μὲν
970 1452 1088 1500 ἄλλοι
1105 1452 1374 1511 ἀνεχώρουν·
1433 1454 1456 1496 ὅ
1476 1456 1551 1508 μέ-

43 1535 172 1574 σογας
201 1523 248 1563 δὲ
274 1517 404 1570 αὖθις
433 1523 673 1576 δομέστικος
703 1523 1025 1580 καταλειφθεὶς,
1055 1522 1326 1577 ἐβουλεύοντο
1359 1518 1449 1574 ἅμα
1468 1524 1547 1575 βα-

93 1586 222 1627 σιλίδι
250 1585 349 1642 περὶ
373 1581 433 1628 ὧν
459 1587 684 1641 ἀναγκαῖον
712 1583 792 1643 ἦν(

202 1650 269 1693 ιδ’.
327 1651 472 1707 Λόγου
495 1655 542 1695 δὲ
565 1653 640 1695 καί
657 1653 757 1710 περὶ
779 1653 1037 1696 Ἀποκαύκου
1067 1654 1147 1695 τοῦ
1162 1653 1539 1707 παρακοιμωμένου
1554 1662 1676 1711 V.317

91 1717 341 1769 ἐμπεσόντος
369 1721 442 1759 καί
467 1719 754 1772 σκεπτομένων
798 1717 947 1761 καθότι
986 1720 1072 1760 δέοι
1110 1716 1358 1772 χρήσασθαι
1399 1717 1586 1773 αὐτῷ’,α

88 1783 296 1837 μηδεμίαν
325 1778 466 1839 ἄλλην,
497 1783 679 1841 ἔφασκεν
706 1785 732 1839 ἢ
761 1786 940 1839 βασιλίς,
970 1785 1054 1826 τῶν
1084 1783 1402 1838 τετολμημένων
1437 1785 1540 1839 παρ’

180 1885 212 1929 4.
240 1886 328 1931 περὶ
351 1885 504 1919 alterum
528 1897 597 1919 om.
622 1886 657 1918 P.

83 1981 320 2027 praeteritis,
358 1985 435 2013 tum
460 1990 481 2013 e
512 1978 764 2024 praesentibus
790 1979 930 2013 discere
953 1991 1016 2013 vos
1045 1978 1257 2023 oportebat,
1294 1979 1398 2013 illum
1422 1984 1541 2012 vestro

89 2027 295 2071 patrocinio
317 2037 391 2059 non
416 2037 533 2070 egere.
582 2026 663 2059 Non
689 2027 787 2060 enim
813 2032 891 2067 est,
922 2036 996 2059 non
1024 2031 1102 2065 est,
1125 2027 1302 2071 inquam,
1331 2025 1430 2071 q'uod
1455 2026 1542 2066 iile,

90 2074 123 2105 si
146 2073 255 2113 velit,
294 2084 368 2106 non
395 2073 451 2105 vel
488 2072 559 2106 sibi
592 2073 651 2106 vel
684 2074 766 2106 aliis
802 2074 989 2107 curaverit.
1052 2067 1161 2116 Quod
1199 2083 1280 2105 cum
1316 2071 1368 2105 ita
1399 2073 1470 2112 sit,
1503 2078 1541 2106 et

88 2119 274 2152 fateantur
292 2129 441 2160 omnes,
467 2130 535 2152 nec
560 2129 622 2152 vos
646 2124 781 2152 temere
806 2119 1017 2152 tumultuari
1045 2119 1260 2164 turbarique
1286 2118 1539 2160 conveniebat,
1567 2139 1574 2145 ι

88 2169 198 2210 atque
226 2166 310 2198 ideo
335 2176 408 2199 non
434 2166 582 2211 gratiam
598 2191 611 2206 ,
637 2166 700 2198 sed
727 2177 881 2210 poenam
908 2167 970 2198 ille
995 2165 1098 2198 vobis
1124 2165 1256 2198 debet:
1294 2170 1331 2197 et
1359 2175 1423 2209 ego
1448 2176 1537 2199 con-

89 2212 199 2256 digno
225 2212 430 2256 superbiam
457 2218 609 2245 vestram
644 2213 833 2247 multarem
868 2212 1049 2257 supplicio
1068 2237 1077 2252 ,
1117 2212 1187 2245 nisi
1213 2213 1276 2244 inc
1309 2211 1347 2243 id
1372 2222 1391 2243 a
1430 2211 1535 2246 vobis

89 2258 302 2302 deprecatus
329 2264 445 2298 esset,
489 2258 589 2303 quod
629 2258 674 2291 ad
700 2259 972 2306 expeditionem
1006 2258 1294 2303 praeparamini:
1337 2269 1410 2302 quo
1445 2269 1535 2302 gau-

88 2304 239 2344 dentes,
280 2315 353 2338 non
391 2311 568 2345 moestos,
614 2306 667 2338 ire
707 2306 831 2346 decet,
873 2310 913 2337 ut
940 2305 1084 2349 opinor,
1132 2303 1373 2347 Quamobrem
1409 2304 1535 2338 delicti

87 2351 239 2396 gratiam
264 2351 357 2384 facio
383 2357 420 2384 ct
442 2351 487 2384 de
511 2357 631 2385 cetero
658 2356 698 2395 ut
727 2353 939 2398 quiescatis,
975 2353 1112 2396 impero
1140 2363 1181 2382 ac
1205 2350 1312 2383 rebus
1335 2351 1533 2385 maioribus

86 2408 134 2430 ne
159 2409 220 2430 vos
248 2398 387 2430 curiose
411 2398 663 2431 immisceatis:
691 2399 754 2431 sed
781 2401 854 2432 iilis
879 2410 938 2431 cas
964 2399 1181 2443 relinquatis
1197 2423 1206 2438 ,
1231 2396 1364 2442 quibus
1391 2397 1532 2431 easdem

86 2443 181 2477 bene
207 2443 473 2483 administrare,
509 2450 546 2478 et
571 2446 601 2478 si
626 2445 714 2491 quid
740 2445 958 2485 erraverint,
997 2444 1189 2478 emendare
1225 2443 1322 2476 licet.
1370 2445 1533 2488 Impera-

87 2491 158 2523 trix
188 2490 233 2522 de
259 2491 415 2523 tumultu
441 2492 492 2524 sic
521 2503 582 2524 eos
604 2493 762 2535 accepit:
799 2493 870 2537 ipsi
896 2490 940 2523 de
976 2491 1201 2536 benignitate
1238 2490 1394 2535 dataque
1426 2493 1532 2524 venia

86 2538 218 2580 gratias
245 2541 390 2581 agentes
421 2541 475 2580 (et
502 2549 587 2581 prae
611 2538 691 2570 aliis
716 2550 863 2582 magnus
889 2537 1121 2584 domesticus)
1161 2538 1270 2569 ceteri
1302 2537 1447 2582 quidem
1473 2548 1531 2570 re-

87 2587 293 2616 cesserunt:
332 2582 547 2616 domesticus
574 2589 728 2626 restans,
764 2597 844 2618 cum
871 2586 1098 2629 imperatrice
1131 2582 1175 2617 de
1209 2582 1288 2623 his,
1323 2595 1415 2629 quae
1439 2595 1528 2628 opus

88 2635 211 2669 erant,
252 2629 297 2662 de
322 2629 459 2673 integro
488 2630 714 2665 deliberavit.

185 2676 234 2719 14.
285 2677 374 2708 Cum
400 2681 518 2709 autem
543 2678 678 2710 mentio
708 2678 752 2710 de
777 2676 991 2721 Apocaucho
1029 2677 1119 2708 sacri
1145 2675 1305 2709 cubiculi
1345 2677 1525 2721 praesecto

87 2722 191 2755 fieret
215 2723 535 2767 quaesissentque,
583 2724 763 2768 quomodo
801 2735 881 2757 eun]
921 2722 1114 2767 punirent,
1147 2723 1281 2756 nullam
1320 2734 1357 2756 se
1394 2723 1524 2760 aliam,

85 2767 206 2802 aiebat
235 2769 446 2813 imperatrix
461 2795 471 2810 ‚
496 2770 627 2805 nefarii
651 2770 809 2804 criminis
843 2779 997 2815 poenam
1031 2779 1177 2813 poscere
1192 2794 1216 2811 ,.
1237 2774 1379 2815 praeter
1418 2780 1496 2803 eam
1510 2792 1521 2808 ,
