1800 3132
513 194 890 238 ms‘romARUM
928 199 1000 239 111.
1030 198 1100 244 52.
1415 181 1524 254 307

91 295 166 350 λήν
193 311 235 338 τε
273 297 410 338 αὕταῖν
449 296 731 351 ἀναισθησίαν
767 294 1008 352 κατηγόρει,
1053 292 1118 338 ὅτι
1146 297 1215 340 τὸν
1237 299 1457 353 Ῥωμαίων
1483 301 1620 340 ὄ-Α.(3.
1638 307 1721 352 1342

92 359 292 416 φθαλμὸν
319 363 489 411 οἰκείαις
516 362 658 408 αὐτῶν
681 361 830 417 χερσῖν
859 361 1126 416 ἐξορύξαντες
1171 361 1316 418 αὐτοὶ,
1358 367 1531 421 προσέτι

91 426 449 480 καταπροδιδόασι
466 426 540 468 καί
559 427 698 477 πόλεις
726 430 799 469 καί
819 425 895 482 τήν
922 428 1060 482 ἀρχὴν
1082 426 1314 484 Ῥωμαίων,
1334 431 1402 472 ἵνα
1418 434 1530 474 τελέό

91 507 148 540 ως
184 494 492 544 κατασβέσωσιν
521 490 671 545 αὐτὸν,
701 490 846 546 ιδ’σπερ
880 492 1106 542 δεδοικότες
1138 493 1197 548 μή
1227 496 1530 545 ἐπανελθόντος

60 551 216 605 Semi-513
240 557 545 608 α’ναβλέψωσιν.
576 556 597 598 ὃ
636 558 715 609 μὲν
747 551 823 598 οὖν
853 553 963 598 οὕτω
992 556 1095 612 πρὸς
1133 558 1259 613 ὄργὴν
1298 556 1529 613 ἀπέπεμπε.

89 618 315 675 Μακάριος
343 623 389 663 δὲ
417 620 440 662 ὅ
472 623 778 677 Θεσσαλονίκης
815 623 1036 671 ἐπίσκοπος
1046 656 1058 676 ,
1101 624 1194 665 ἐπεὶ
1221 622 1439 678 α’νηνύτοις
1475 622 1524 682 ᾗ·

86 689 211 727 uasto
232 688 480 742 ἐπιχειρῶν,
501 690 672 740 βασιλεῖ
681 689 739 744 τῷ
756 691 976 729 Καντακου
984 690 1090 745 ζηνῷ
1110 689 1353 743 προσελθών
1369 725 1382 743 ,
1409 691 1524 745 πρῶ-
1540 700 1571 732 Ρ.
1583 696 1652 746 5¹9

84 767 137 791 τα
163 754 241 803 μὲν
269 753 480 807 ἐμέμφετο
508 755 582 806 τῆς
614 755 713 806 περὶ
754 754 930 805 βασιλέα
959 751 1031 795 τόν
1060 757 1180 809 φίλον
1208 753 1526 810 α’γνωμοσύνης,

84 811 148 857 ὅτι
175 820 372 858 τοσοῦτον
399 819 594 872 φιληθείς
611 817 684 859 καί
713 815 824 859 οὕτω
845 819 1036 872 μεγάλων
1064 814 1403 874 εὐεργετημάτων
1423 822 1527 862 dno-

37 880 328 934 ιολελαυκώς,
368 888 455 931 τοῖς
495 882 809 931 ἐναντιωτάτοις
849 882 1078 937 ἆμείψαιτο
1114 884 1213 934 τούς
1238 888 1415 939 παῖδας,
1453 889 1527 940 τῆς

87 949 225 1001 α’ρχῆς
262 949 380 989 ἕνεκα
407 947 727 1002 ζέπιβουλεύσας
767 951 841 991 καί
881 950 1120 992 ἀποκτεῖναι
1162 952 1412 1005 διανοηθείς.
1468 946 1527 993 ὧν

85 1010 162 1066 την
200 1013 375 1060 ἀτοπίαν
416 1012 722 1067 βδελυξάμενον
760 1016 834 1057 καί
857 1013 986 1069 θεὸν,
1014 1014 1074 1070 μὴ
1102 1016 1229 1068 μόνον
1257 1019 1332 1058 οὐκ
1361 1019 1527 1073 ἐφεῖναι

86 1079 147 1126 εἷς
173 1079 288 1126 τέλος
314 1077 367 1120 τά
399 1082 706 1132 βεβουλευμένα
749 1081 944 1134 ἀγαγεῖν,
991 1079 1098 1122 ἄλλά
1127 1083 1200 1123 καί
1227 1083 1298 1135 τῆς
1325 1085 1423 1135 περί
1448 1085 1526 1135 βαε

85 1144 205 1184 σιλέα
225 1143 389 1193 ἀδικίας
410 1146 526 1193 δίκας
554 1143 898 1200 εἶσπραττόμενον
917 1177 929 1198 ,
960 1144 1182 1200 ὑπερόριον
1207 1148 1426 1196 α’ποδεῖξαι
1455 1147 1530 1188 καὶ

37 1209 293 1264 ιὸπλανήτην
319 1207 559 1265 περιιόντα,
587 1211 651 1251 ἐπ’
679 1206 820 1259 ἄλλοις
846 1209 923 1265 τὴν
949 1213 1098 1252 ἐλπίδα
1125 1210 1274 1265 ἔχοντα
1302 1214 1376 1266 τῆς
1396 1226 1526 1267 σωτηε

85 1276 196 1330 ριάς.
239 1275 383 1316 ἔπειτα
411 1273 728 1328 συνεβούλευεν,
758 1278 798 1317 εἰ
819 1275 878 1331 μή
908 1273 1133 1331 πρότερον,
1163 1275 1268 1318 ἀλλὰ
1299 1278 1373 1318 νῦν
1399 1293 1445 1331 γε
1472 1275 1520 1318 τὸ

85 1345 278 1382 συνοῖσον
319 1339 566 1393 συνιδόντα,
609 1343 836 1396 πρεσβείαν
882 1341 1144 1396 ποιήσασθαι
1182 1340 1287 1397 πρὸς
1324 1344 1560 1395 βασιλίδαΕ

85 1404 158 1446 καὶ
184 1405 320 1460 ἱκέτην
349 1407 479 1460 αὐτῆς
506 1422 552 1447 τε
581 1405 654 1447 καί
680 1401 940 1461 πατριάρχου
973 1406 1045 1447 καί
1068 1410 1139 1461 τῆς
1166 1408 1395 1460 συγκλήτου
1423 1411 1533 1459 stow,

86 1471 160 1523 λῆς
186 1472 403 1523 γενέσθαι,
444 1467 552 1511 ιδ’στε
591 1469 663 1512 ἐπὶ
697 1477 785 1519 τοῖς
811 1474 1091 1526 γεγενημένοις
1128 1470 1373 1526 συγγνώμης
1401 1469 1526 1522 άξιωέ

32 1549 268 1588 2οσαντας,
295 1532 494 1590 πρόνοιάν
519 1551 610 1576 τινα
638 1535 899 1589 ποιήσασθαι
926 1539 1063 1577 αὕτοῦ
1074 1571 1086 1589 ,
1114 1537 1174 1590 μὴ
1205 1536 1278 1578 καὶ
1302 1537 1525 1590 ὑπερόριος

88 1597 292 1654 α’πόληται
309 1632 320 1652 ,
346 1601 547 1652 οὐδεμιᾶς
575 1594 603 1654 ἢ
632 1598 797 1655 φαύλης
827 1599 936 1649 τινὸς
965 1602 1128 1650 ἐλπίδος
1157 1600 1219 1642 ἔτι
1248 1601 1526 1654 ὖπολειπομέ-

85 1681 169 1719 νης.
211 1664 409 1718 βασιλεύς
437 1667 483 1707 δὲ
511 1662 663 1718 »οῦδὲν
692 1663 967 1718 θαυμαστὸν”
981 1698 992 1718 ,
1023 1662 1133 1707 εἶπεν
1171 1667 1243 1718 ,,εἰ
1267 1666 1437 1717 μεθύων
1462 1679 1526 1716 τις·

85 1729 159 1771 καί
183 1730 529 1785 παραφερόμενος
555 1730 628 1771 ὕπ’
655 1727 942 1785 ἀναισθησίας
963 1730 1090 1771 οἴοιτο
1109 1731 1303 1772 ιῖστατεῖν
1331 1729 1407 1784 την
1433 1732 1524 1785 γῆν,

83 1797 266 1847 βεβαίως
293 1795 581 1850 ἦδρασμένην·
640 1792 728 1837 οὐδ’
760 1798 799 1837 εἰ
840 1793 921 1837 ὑπὸ
951 1797 1229 1850 μελαγχολίας
1255 1795 1525 1849 κατεχόμενος

178 1907 232 1930 20.
261 1896 325 1928 καὶ
349 1887 401 1941 pv}
430 1897 467 1928 P.
566 1897 620 1930 23.
650 1895 824 1932 (Ξστατεῖν
850 1914 890 1922 -
918 1896 1169 1942 κατεχόμενος
1194 1897 1313 1930 οἴοιτο
1339 1907 1407 1930 om.
1434 1897 1470 1930 P.

85 2016 193 2052 qnam
216 2006 371 2050 primum
397 2015 435 2037 sc
463 2005 658 2038 auferrent.
716 2005 786 2038 Eos
811 2004 970 2049 denique
997 2004 1102 2037 multi
1129 2005 1286 2048 stuporis
1312 2004 1524 2044 damnabat,

84 2053 196 2098 quod,
209 2061 288 2085 cum
313 2053 386 2085 suis
410 2051 576 2084 manibus
599 2051 742 2085 oculum
769 2051 1008 2084 Romanorum
1030 2051 1220 2090 eruissent,
1246 2055 1286 2082 ut
1307 2061 1389 2083 eum
1414 2061 1522 2094 porro

84 2099 302 2134 omnimodis
327 2098 619 2142 exstinguerent„
653 2103 691 2131 et
722 2097 830 2131 urbes
860 2101 897 2129 et
922 2097 1111 2143 imperium
1137 2096 1289 2141 prodere
1315 2107 1389 2130 non
1412 2096 1524 2129 dubi-

84 2151 222 2179 tarent:
260 2144 364 2190 quasi
399 2143 619 2185 formident,
649 2154 710 2183 ne,
754 2154 797 2176 eo
834 2154 991 2183 reverso,
1034 2154 1173 2177 rursum
1198 2142 1411 2186 adspiciant.
1461 2143 1523 2176 Sic

85 2191 195 2225 etiam
221 2189 266 2224 ab
290 2191 353 2224 illo
382 2189 630 2224 stomachante
654 2189 790 2235 repulsi
818 2194 913 2222 sunt.
962 2190 1008 2222 At
1031 2190 1223 2229 Macarius,
1239 2188 1522 2222 Thessalonicae

85 2239 301 2282 episcopua,
337 2241 378 2269 ut
409 2247 469 2277 se,
500 2237 600 2281 quod
633 2238 756 2276 aiunt,
788 2236 880 2269 retia
913 2235 1041 2269 inflare
1074 2237 1204 2275 sensit,
1231 2235 1520 2270 cantacuzenum

83 2283 255 2317 invadens
270 2307 279 2323 ,
303 2283 458 2326 primum
481 2288 522 2316 ut
545 2293 628 2328 erga
651 2284 804 2315 amicum
831 2283 1083 2326 imperatorem
1121 2282 1331 2314 defunctum
1370 2281 1519 2315 omnino

83 2331 264 2375 ingratum
288 2329 458 2374 castigat,
484 2339 504 2360 a
534 2340 606 2375 quo
631 2333 822 2372 tantopere
846 2334 984 2362 amatus
1009 2329 1193 2374 tantisque
1218 2327 1404 2361 beneficiis
1440 2327 1518 2361 eius

85 2376 182 2421 apud
209 2386 247 2409 se
281 2375 432 2420 positis,
465 2375 549 2408 filiis
582 2375 696 2420 ipsius
721 2375 960 2407 dissimillima
988 2373 1188 2419 rependat,
1215 2384 1339 2407 eorum
1364 2373 1517 2419 imperio

84 2427 122 2455 et
146 2421 313 2466 sanguini
348 2420 501 2454 moliens
534 2421 711 2455 insidias:
750 2422 853 2453 cuius
890 2421 977 2454 facti
1009 2421 1193 2455 diritatem
1228 2420 1344 2453 Deum
1370 2431 1442 2467 quo
1471 2429 1516 2451 ue

84 2470 202 2512 ipsum
226 2471 484 2507 exsecrantem,
515 2467 561 2500 ad
585 2468 720 2502 exitum
746 2477 804 2500 eas
828 2467 983 2501 conferri
1006 2478 1080 2500 non
1105 2467 1329 2510 permisisse3
1357 2467 1421 2501 sed
1472 2477 1516 2499 u-

84 2515 140 2548 ius
164 2515 204 2549 in
227 2525 310 2548 eum
335 2513 493 2546 iniuriae
519 2523 652 2557 poenas
678 2515 945 2558 repoposcisse‚
969 2512 1052 2545 dum
1079 2513 1261 2552 effecerit,
1300 2518 1341 2546 ut
1362 2523 1427 2558 per
1450 2523 1515 2547 ex-

82 2565 203 2594 ternas
227 2571 307 2594 oras
330 2558 583 2604 vagabundus,
606 2560 734 2593 salutis
758 2570 844 2593 suae
869 2571 967 2604 spem
993 2559 1031 2592 in
1055 2559 1136 2592 aliis
1161 2563 1322 2603 reponat.
1370 2560 1512 2594 Deinde

82 2605 318 2646 hortabatur,
351 2609 393 2638 ut
424 2617 520 2639 nunc
555 2606 681 2639 saltem
711 2616 749 2638 se
780 2607 995 2650 respiceret,
1029 2605 1210 2650 missoque
1241 2605 1287 2638 ad
1314 2604 1509 2650 Augustam

81 2653 223 2699 legato,
258 2654 394 2697 ipsam,
427 2650 664 2697 patriarcham
696 2657 805 2697 atque
829 2651 1022 2686 concilium
1059 2651 1271 2696 suppliciter
1300 2658 1431 2693 oraret,
1458 2659 1511 2692 nt,

81 2699 166 2733 data
204 2697 408 2744 praeteritis
446 2699 574 2738 venia,
609 2698 733 2743 aliqua
767 2709 805 2731 se
836 2707 921 2731 cura
957 2695 1216 2741 dignarentur,
1253 2707 1319 2730 nec
1341 2699 1385 2731 ab
1411 2700 1511 2734 omni

80 2743 176 2779 bona
209 2756 272 2788 spe
303 2745 504 2785 desertum,
554 2743 702 2778 interire
741 2749 919 2778 extorrem
954 2748 1175 2786 paterentur.
1235 2738 1329 2778 ‘rum
1356 2746 1512 2790 impera-v

80 2795 160 2833 tor,
199 2790 304 2827 Haud
339 2792 490 2832 mirum,
531 2790 603 2832 ait,
643 2791 674 2824 si
711 2789 833 2825 ebrius
870 2789 1051 2835 quispiam
1086 2794 1122 2824 et
1161 2790 1200 2824 in
1234 2789 1358 2825 orbem
1399 2797 1510 2833 actus,
