1812 3132
535 197 912 241 ms‘romARUM
951 201 1023 241 111.
1064 205 1134 246 211.
1426 182 1529 257 147

93 303 140 345 δὲ
171 301 254 343 ὑπὸ
283 300 365 344 τῶν
393 297 646 354 πραγμάτων
674 298 895 355 φυσηθεὶς,
924 299 1095 352 ἔμελλον
1122 299 1198 355 τὴν
1213 299 1434 354 Ῥωμαίων
1452 303 1622 357 α’ρ-Δ.Ο
1641 306 1723 357 ¹3⁴¹

90 366 172 422 χῆν
197 366 365 423 ἐμαυτῷ
392 372 644 419 περιποιεῖν,
684 367 742 413 εἰς
770 366 977 417 βασιλέως
1005 366 1149 420 σχῆμα
1174 364 1218 408 τὸ
1246 365 1381 422 παρὸν
1406 382 1533 420 μετα-

90 430 242 486 βαλών.
298 430 399 484 περὶ
421 432 500 483 μὲν
526 429 606 484 γὰρ
633 432 711 472 τοῦ
741 428 1086 486 παρεληλυθότος
1114 429 1226 472 αὐτοὶ
1258 430 1310 472 τὰ
1338 434 1533 487 πράγμα-

92 514 143 540 τα
181 493 576 551 συμμαρτυρήσειεν
615 492 667 537 ἂν
693 497 809 548 ἐμοί,
851 493 924 536 ἐπὶ
949 496 995 536 δὲ
1014 497 1096 537 τῶν
1123 496 1331 548 ἐσομένων
1359 497 1408 537 οὔ
1431 495 1532 539 θεὸν

64 560 218 616 5μόνον
254 562 337 603 τῶν
374 563 713 614 βεβουλευμένων
740 558 971 614 συνίστορα
999 563 1267 615 παρέχομαι,
1314 561 1421 603 ἀλλὰ
1459 563 1534 605 καὶ

90 629 135 677 ἐξ
163 622 303 668 αὗτῶν
330 629 414 668 τῶν
441 625 736 680 παρελθόντων
769 626 852 666 τῶν
878 622 1112 677 μελλόντων
1139 623 1293 677 ἔξεστιν
1319 625 1531 679 ἀπόδειξιν

80 694 304 734 ποιεῖσθαι
330 691 497 746 ἐναργῆ.
550 692 590 732 εἰ
615 688 697 745 γὰρ
724 689 938 742 τοιούτων,
969 690 1068 731 οἴων
1099 694 1230 745 φασίν
1251 690 1290 733 οἱ
1316 692 1531 748 συκοφάν-

86 772 179 809 ται,
209 757 451 809 ἐπεθύμουν
469 788 479 806 ,
522 757 568 797 τί
592 753 784 807 ἐκώλυεν,
817 754 964 810 ἡνίκα,
1002 757 1208 807 βασιλέως
1244 760 1529 812 τελευτῶντος,

86 820 183 872 τοὺς
208 823 369 864 ἐκείνου
397 822 552 870 παῖδας
579 819 701 874 ἔχων,
731 819 958 874 ἐποιούμην
987 818 1040 861 τὰ
1067 819 1261 872 βασίλεια
1289 819 1372 863 ὑπὸ
1393 838 1529 879 φρου-

38 890 144 946 ῐορᾷ
169 889 242 929 καί
265 884 373 941 μετὰ
399 887 542 942 τρίτην
570 883 730 942 ἡμέραν
757 886 829 927 καί
852 886 1070 938 βασιλίδος
1099 885 1354 941 ἀφιγμένης,
1390 887 1571 930 πάνταῦ

83 950 285 1008 χρήματα
315 948 426 1007 ἦσαν
453 953 520 993 ἐπ’
546 953 653 1005 ἐμοὶ,
683 947 786 992 ὥσθ’
815 946 892 1003 ὅ,τι
917 953 1108 1006 χρῆσθαι
1134 949 1387 1007 η’βουλόμην,
1424 952 1529 995 ἐκεί-

86 1033 184 1068 νους
209 1020 288 1071 μὲν
315 1014 633 1069 ἀποκτιννύναι,
679 1014 809 1058 αὐτὸν
837 1017 883 1058 δὲ
910 1014 988 1070 τήν
1016 1017 1233 1069 βασιλείαν
1260 1011 1361 1058 ἄνευ
1390 1014 1530 1060 πόνων

86 1081 199 1136 ἔχειν
225 1084 299 1124 καί
324 1081 536 1136 ἱδρώτων,
580 1081 748 1130 ου’δενὸς
774 1079 838 1122 ἔτι
867 1082 1113 1134 λειπομένου
1141 1082 1217 1122 τοῦ
1255 1080 1530 1137 τολμήσοντος

85 1144 370 1190 ἀνθίστασθαι
408 1148 525 1199 ἐμοίς
582 1144 662 1200 ἐγώ
696 1148 742 1188 δὲ
771 1147 822 1187 οὕ
849 1145 979 1199 μόνον
1005 1147 1192 1187 τοιοῦτον
1220 1147 1344 1189 ου’ὃὲν
1373 1141 1528 1203 ῶφθην

29 1210 340 1268 ῑίὅδιανοηθείς,
367 1208 475 1254 ἄλλα
504 1210 577 1252 καί
601 1212 661 1260 εἰς
688 1210 840 1266 ἐνάτην
866 1209 1028 1267 ἡμέραν
1056 1212 1102 1252 ἐκ
1130 1214 1203 1265 τῆς
1228 1213 1434 1264 βασιλέως
1461 1228 1529 1254 τε-

83 1280 232 1332 λευτῆς
259 1279 304 1319 ἐν
329 1273 537 1334 ἀσφαλείᾳ
568 1275 680 1333 πάσῃ
705 1275 988 1332 καταστήσας,
1012 1274 1089 1330 τη’ν
1119 1291 1164 1318 τε
1192 1274 1387 1332 φρουρὰν
1419 1276 1529 1332 ἀπή-

81 1358 208 1398 γαγον
243 1343 402 1384 ἐκεῖθεν
444 1344 518 1384 καί
555 1340 684 1391 αὐτὸς
712 1339 813 1383 οἴκοι
845 1342 1082 1394 καταστὰς,
1133 1344 1217 1383 τῶν
1255 1340 1527 1396 πραγμάτων,

85 1406 224 1464 ῶσπερ
254 1410 327 1450 καί
351 1408 573 1462 πρότερον,
604 1403 795 1462 εἰχόμην,
825 1408 949 1449 οὐδὲν
982 1409 1260 1460 καινοτομῶν,
1296 1405 1395 1447 οὐδὲ
1422 1405 1529 1462 πρὸς

84 1471 132 1514 τὸ
173 1476 416 1514 λυσιτελοῦν
443 1471 541 1526 ἐμοὶ
566 1471 619 1513 τά
650 1469 877 1526 πράγματα
906 1473 1130 1525 οἰκονομῶν
1140 1505 1153 1524 ,
1199 1474 1243 1521 ἐξ
1276 1465 1338 1512 ῶν
1379 1466 1432 1513 ἄν
1465 1487 1529 1521 τις

34 1538 207 1597 αοιρἡη
245 1537 439 1589 δικαίως,
482 1539 542 1587 εἰς
570 1536 754 1590 ἐμαυτόν
791 1537 983 1592 μετάγειν
1012 1539 1245 1592 πειρᾶσθαι
1273 1534 1349 1591 τήν
1378 1535 1529 1592 ἀρχήν.

86 1602 324 1658 ἐπιτρόποις
349 1618 392 1645 τε
419 1601 498 1657 γὰρ
527 1601 768 1656 ἐχρησάμην
794 1605 875 1644 τῶν
902 1604 1116 1657 ἐπαρχιῶν
1142 1603 1215 1643 καί
1239 1602 1321 1642 τῶν
1349 1599 1521 1655 πόλεων,
1537 1615 1567 1648 D
1598 1642 1601 1644 .

89 1670 134 1711 οἳ
155 1669 229 1710 καί
255 1668 453 1723 πρότερον
480 1662 587 1722 ἦσαν
612 1669 818 1720 βασιλέως
844 1669 1137 1719 τελευτῶντος,
1179 1664 1252 1706 καί
1287 1664 1363 1719 τὴν
1400 1682 1531 1720 στρα-

1027 1727 1047 1743 (Ι

65 1731 191 1786 ντιὰν,
222 1728 302 1787 οὖχ
330 1728 441 1782 ὅπως
468 1728 736 1787 εὖνοὴσουσιν
762 1730 872 1786 ἐμοί,
905 1727 997 1773 ἀλλ’
1023 1746 1135 1780 οπως
1159 1729 1342 1784 μάλιστα
1368 1732 1425 1788 τῷ
1445 1746 1530 1772 κοι-

88 1915 293 1944 mutaturus
319 1920 425 1944 eram.
460 1910 624 1956 Namque
649 1910 694 1944 de
719 1911 938 1955 praeterito,
977 1919 1033 1944 res
1063 1908 1161 1955 ipsae
1185 1909 1255 1943 hoc
1277 1910 1528 1944 testabuntur:

89 1969 197 2002 super
223 1957 375 1998 futuris,
410 1967 485 1990 non
515 1958 631 1991 solum
669 1957 786 1990 Deum
817 1957 1074 2002 cogitationum
1108 1966 1269 1989 mearum
1301 1962 1431 1990 testem
1456 1957 1529 1998 do,

89 2004 154 2038 sed
178 2004 288 2037 etiam
323 2015 368 2037 ex
399 2004 487 2048 ipsis
524 2003 731 2050 praeteritis
772 2014 814 2036 ea
846 2002 989 2048 liquido
1026 2000 1174 2046 probari
1210 2013 1313 2047 posse
1349 2003 1442 2037 dico.
1490 2002 1531 2035 Si

89 2050 188 2084 enim
216 2052 307 2091 ista,
336 2056 376 2084 ut
401 2050 643 2095 sycophantae
667 2049 900 2094 praedicant,
926 2048 1246 2092 concupiscebam,
1285 2049 1374 2095 quid
1397 2048 1529 2094 prohi-

88 2096 225 2137 bebat,
250 2096 418 2141 quando,
444 2097 659 2141 imperatore
684 2097 884 2137 moriente,
920 2095 1020 2128 illius
1046 2094 1140 2128 filios
1163 2094 1302 2127 habens
1317 2120 1326 2136 ‚
1351 2095 1528 2139 palatium

90 2142 301 2176 custodibus
322 2143 551 2183 muniebam,
580 2147 617 2176 et
641 2148 724 2188 post
748 2142 845 2176 diem
868 2143 1038 2182 tertium,
1067 2141 1295 2185 imperatrice
1320 2140 1527 2183 accedente,

90 2189 212 2223 omnia
237 2193 341 2222 erant
370 2190 410 2222 in
434 2201 540 2222 manu
567 2199 665 2230 mea,
699 2193 741 2222 ut
764 2190 809 2222 iis
835 2188 882 2221 ad
906 2187 1119 2221 arbitratum
1151 2193 1298 2227 uterer,
1330 2188 1420 2233 quin
1444 2188 1528 2222 illos

91 2246 112 2269 e
137 2235 257 2268 medio
282 2235 446 2268 tollerem
475 2235 639 2281 mihique
674 2236 866 2280 imperium
890 2236 980 2268 citra
1011 2233 1179 2267 sudorem
1212 2245 1253 2266 ac
1283 2232 1446 2266 laborem
1469 2245 1529 2268 re-

89 2282 270 2320 tinerem,
305 2282 406 2314 nullo
432 2283 501 2314 iam
532 2283 684 2322 relicto,
723 2282 786 2327 qui
811 2293 848 2315 se
873 2281 963 2314 mihi
986 2280 1137 2313 auderet
1168 2279 1380 2324 opponere?
1414 2280 1528 2325 Atqui

90 2338 150 2361 me
173 2338 245 2360 non
270 2331 410 2360 tantum
443 2327 539 2361 nihil
563 2328 812 2362 huiuscemodi
837 2327 1035 2361 machinari
1067 2328 1255 2371 apparuit,
1294 2326 1358 2360 sed
1381 2335 1463 2358 cum
1487 2327 1527 2360 in

90 2385 228 2407 nonum
255 2372 350 2406 diem
375 2385 394 2407 a
424 2380 540 2408 morte
565 2375 790 2419 imperatoris
818 2375 939 2408 omnia
971 2375 1010 2407 in
1034 2373 1214 2406 tutissimo
1240 2373 1528 2413 constituissem,

92 2419 292 2454 custodiam
322 2419 455 2453 deinde
490 2422 623 2454 removi
655 2425 692 2453 et
726 2421 824 2453 domi
851 2431 975 2460 meae,
1012 2420 1105 2453 sicut
1136 2424 1265 2459 antea,
1301 2428 1526 2464 remcurarc

91 2466 272 2512 publicam
299 2468 463 2510 perrexi,
486 2466 582 2499 nihil
604 2467 690 2502 novi
718 2468 918 2511 incipiens,
942 2476 1062 2511 neque
1087 2464 1133 2497 ad
1157 2475 1275 2498 meum
1300 2465 1528 2499 commodum

90 2514 170 2546 eius
207 2512 504 2557 gubernationem
533 2513 716 2558 dirigens:
762 2513 859 2547 unde
892 2515 1014 2546 conari
1038 2523 1095 2545 me
1127 2512 1320 2555 imperium
1353 2521 1526 2556 occupare

90 2558 271 2605 quispiam
299 2559 378 2592 iure
402 2559 614 2603 putavisset.
661 2559 735 2604 Qui
764 2560 846 2593 vivo
882 2560 1098 2604 imperatore
1133 2562 1255 2598 erant,
1286 2568 1346 2591 eos
1379 2557 1528 2602 provin·

91 2605 227 2638 ciarum
251 2604 471 2651 urbiumque
490 2605 690 2650 praefectos
709 2606 860 2651 reliqui:
890 2611 926 2638 et
953 2611 993 2638 ut
1016 2604 1193 2638 exereitus
1217 2615 1290 2637 non
1314 2603 1404 2636 mihi
1431 2603 1525 2637 bene

90 2651 226 2691 vellet,
270 2650 333 2683 sed
369 2652 548 2684 communi
582 2652 777 2696 plurimum
812 2651 1019 2696 prodesset,
1065 2649 1281 2683 omnimodis
1329 2648 1524 2687 elaboravi.

93 2697 194 2742 Quin
218 2698 325 2730 etiam
363 2697 448 2730 dum
484 2697 628 2731 foedera
662 2709 741 2730 cum
774 2698 935 2731 barbaris
971 2697 1134 2730 finitimis
1158 2696 1273 2735 inivi,
1310 2707 1417 2729 nemo
1451 2701 1525 2737 est,

93 2743 158 2788 qui
193 2753 250 2776 me
288 2744 468 2789 privatum
508 2744 658 2790 aliquod
693 2745 945 2789 compendium
986 2741 1235 2776 communibus
1271 2743 1524 2776 emolumentis

89 2790 340 2835 anteposuisse
382 2790 594 2824 ostenderit.
639 2789 710 2824 Sed
736 2790 912 2823 cumillis
937 2789 1084 2835 quidem
1118 2799 1242 2833 pacem
1269 2790 1322 2822 rei
1356 2788 1524 2833 publicae
