1820 3152
524 168 899 227 nlsTomARUM
941 185 1011 223 ιιι.
1037 184 1105 229 85.
1432 162 1542 217 525

100 289 225 332 αὐτοὶ
242 289 454 330 ποιοῦνται
476 282 836 341 οἷνερυθριάστως,
865 286 1041 336 βασιλέα
1061 284 1190 337 μόνον
1206 284 1390 340 ἐξαρκεῖν
1417 281 1532 324 δεόνι-
1542 290 1579 322 Α.
1594 290 1634 324 C.
1651 289 1735 335 ¹345

98 371 178 405 τως
194 352 504 410 ἀποκρίνεσθαι.
523 351 589 392 διὸ
607 350 682 392 καί
697 353 788 403 μετ’
802 351 939 403 ὀλίγον
965 347 1068 404 ἥξει,
1089 348 1193 406 ἔργῳ
1212 348 1288 399 τὰς
1305 349 1543 405 α’ποκρίσεις

100 419 261 464 δώσων.
305 416 560 474 παρήγγελλε
580 433 624 458 τε
643 413 788 464 αὖτοϊς
807 413 1216 470 παρασκευάζεσθαι,
1244 414 1301 464 ὥς
1322 415 1540 468 μαχουμέ·

99 503 196 536 vove
219 483 320 541 πρὸς
341 490 425 533 τοῖς
446 482 639 537 τείχεσιν.
667 484 814 524 ἐκεῖνοι
835 484 911 533 μὲν
935 477 1009 523 οὖν
1027 479 1078 523 τὰ
1104 480 1285 523 εἰωθότα
1297 479 1540 535 πράξαντες,

73 553 227 600 sot-'6311
251 548 396 592 καινὸν
419 547 611 602 ἐνόμιζον
631 554 775 590 ποιεῖν.
797 545 999 600 βασιλεύς
1025 548 1072 588 δὲ
1103 542 1232 596 αὖθις
1249 540 1347 601 ἧκεν
1370 546 1428 593 εἰς
1449 548 1543 587 Bv-

99 614 261 668 ζάντιον
280 615 535 672 πανστρατιᾷ
566 614 640 655 καὶ
676 612 756 668 πρὸ
783 615 858 667 τῆς
886 614 1084 668 Χαρσιάς
1113 613 1246 668 πύλης
1294 611 1369 652 οὐκ
1397 609 1581 663 ὄλίγονῠ

98 683 324 724 διετέλεσεν
361 677 505 729 ἑστώς.
564 679 657 722 ἐπεὶ
712 680 758 720 δὲ
789 677 927 727 οὐδεὶς
965 676 1230 734 ἀντεπεξῄει,
1271 676 1541 731 ἀναστρέψας

97 747 469 803 ἐστρατοπέδευσεν
488 747 533 788 ἐν
554 748 605 802 τῇ
619 743 929 802 Πετρογεφύρᾳ
949 745 1191 801 καλουμένῳ
1211 742 1337 800 τόπῳ,
1349 742 1544 794 ποταμοῦ

95 829 141 856 τε
174 810 486 868 παραρ’ῥέοπος
529 811 602 854 καί
635 807 822 867 ἄφθονον
862 809 1024 867 τροφήν
1049 816 1133 859 τοῖς
1164 808 1306 857 ἵπποις
1333 808 1540 862 παρέχον-

47 895 162 930 ιοτος
187 880 265 921 τοῦ
294 877 442 920 τόπου.
503 880 575 919 καί
608 877 634 932 ἦ
667 874 844 932 στρατιὰ
887 875 1038 917 ἐκάκου
1068 873 1112 917 τὸ
1153 873 1386 926 Βυζάντιον
1406 905 1419 928 ,
1459 869 1540 915 ὅσα

94 943 278 1000 μάλιστα
310 946 418 999 ἐνῆν.
470 945 648 999 Ἀρῆγος
674 944 722 985 δὲ
754 938 882 991 αὖθις
909 940 1047 984 ἐλθών
1074 939 1180 998 πρὸς
1206 942 1406 994 βασιλέα,
1433 936 1540 994 ὖπὲρ

94 1013 313 1066 βασιλίδος
340 1010 488 1065 λόγους
515 1009 714 1061 ἐποιεῖτο,
766 1008 824 1058 ὥς
865 1008 1064 1061 οὐδαμῶς
1105 1007 1219 1050 αἰτία
1254 1010 1329 1049 τοῦ
1355 1007 1540 1059 πολέμου

95 1076 186 1134 εἴη,
237 1075 344 1118 α’λλοὶ
385 1072 650 1130 πατριάρχης
678 1076 752 1116 καί
795 1072 834 1116 οἱ
874 1068 1015 1125 ἄλλοι,
1065 1072 1108 1114 οἳ
1147 1071 1300 1128 ταύτην
1336 1072 1540 1126 βουλομέ-

93 1159 168 1199 νην
185 1142 262 1184 οὔκ
283 1143 383 1183 ἐῶσι
408 1146 565 1196 χωρεῖν
582 1139 687 1195 πρὸς
703 1139 779 1195 τήν
799 1138 983 1194 εἰρήνην,
995 1140 1223 1190 πείθοντες,
1245 1137 1317 1192 ὥς,
1337 1133 1390 1180 ἂν
1406 1135 1475 1180 ἔνι’
1493 1138 1542 1191 γε’

45 1211 149 1267 ιότῳ
177 1209 316 1267 τρόπῳ
338 1209 524 1264 περιέσῃ,
542 1208 699 1262 ἐκείνην
730 1222 775 1248 τε
803 1203 1038 1253 ἀποκτενεῖς
1069 1202 1218 1246 αὕτίκα
1241 1207 1313 1246 καί
1330 1203 1379 1246 τὰ
1402 1205 1538 1246 τέκνα.

93 1270 153 1318 ὧν
180 1273 445 1327 ἀκούουσαν,
472 1275 608 1314 καίτοι
636 1274 710 1314 καί
739 1267 876 1320 ἄλλως
906 1272 959 1312 ου’
957 1288 987 1325 χ
1014 1267 1167 1325 ἑαυτῆς
1195 1273 1346 1326 κυρίαν
1377 1264 1662 1323 οὖσαν,Ρ-647

93 1338 202 1384 ὥστε
219 1339 434 1395 πράττειν,
463 1335 570 1381 ἅττα
593 1335 644 1381 ἂν
672 1339 773 1395 δοκῇ
803 1338 1037 1392 συμφέρειν
1055 1369 1066 1390 ,
1090 1336 1224 1379 πάντα
1249 1338 1418 1385 ἐκείνοις
1439 1337 1530 1378 έπι-
1539 1334 1582 1367 V·
1597 1336 1665 1380 5¹7

94 1408 260 1462 τρέπειν
291 1404 392 1460 πρὸς
419 1402 616 1459 ἀνάγκην.
669 1402 866 1456 βασιλευς
897 1405 943 1445 δὲ
969 1408 1054 1452 τοῖς
1085 1405 1129 1445 ἐν
1157 1404 1375 1460 Βυζαντίῳ
1398 1401 1539 1458 φίλοις

94 1470 238 1527 κρύφα
267 1471 527 1523 διαλεχθείς,
559 1468 650 1511 ἐπεὶ
691 1470 766 1510 οὐκ
794 1464 845 1522 ἦν
875 1465 1020 1516 αὐτοῖς
1048 1463 1247 1521 εὔκαιρον
1273 1467 1469 1523 πράττειν
1496 1484 1540 1509 τι

39 1538 200 1592 ποῦπὲρ
229 1535 387 1587 αὐτοῦ,
416 1529 543 1584 αὖθις
563 1535 780 1588 α’νεχώρει.
810 1530 934 1576 οὐδὲν
958 1532 1040 1588 γὰρ
1073 1529 1138 1588 ἦν,
1169 1531 1194 1574 ὃ
1217 1530 1398 1588 λήψεται
1423 1532 1539 1583 ἐκτὸς

90 1604 255 1656 τειχῶν.
308 1603 382 1642 καί
407 1599 512 1655 πρὸς
547 1599 623 1655 τὴν
651 1599 877 1654 Ἀδριανοῦ
904 1596 1072 1641 ἐλθόντι
1089 1630 1101 1651 ,
1130 1599 1264 1654 ἐκείνη
1292 1614 1337 1640 τε
1364 1595 1392 1654 ἦ
1418 1598 1540 1647 πόλις

92 1665 377 1722 προσεχώρει,
411 1666 489 1708 τοῦ
526 1663 680 1720 ταύτης
709 1660 911 1720 ἄρχοντος
939 1663 1312 1719 Παρασπονδύλου
1339 1662 1539 1718 πράττον-

91 1747 181 1787 τος,
221 1732 294 1774 καί
322 1730 374 1774 τα
420 1727 529 1773 ἄλλα
570 1729 787 1787 φρούρια,
829 1728 858 1771 οἳ
886 1728 986 1786 περὶ
1011 1727 1144 1785 αὐτὴν
1172 1728 1230 1780 ὥς
1255 1728 1354 1786 περὶ
1377 1731 1538 1786 μητέρα

186 1823 218 1858 5.
245 1820 458 1861 α’ντεπεξίει
481 1821 515 1854 Ρ.
615 1833 668 1866 ¹7·
696 1821 872 1866 περιέστη
902 1819 936 1853 Ρ.

91 1911 207 1941 torem
233 1902 349 1938 solum
374 1912 440 1946 pro
468 1911 511 1934 eo
537 1911 579 1934 ac
604 1900 750 1935 deceret
772 1900 993 1945 respondere
1018 1899 1209 1940 idoneum,
1247 1904 1284 1933 et
1317 1899 1531 1945 propediem

92 1954 288 1986 affuturum
323 1958 507 1994 opereque
544 1949 623 1992 ipso
649 1958 913 1993 responsurum.
963 1946 1087 1991 Quare
1114 1957 1153 1980 se
1178 1947 1418 1981 instruerent:
1445 1954 1530 1982 ante

91 1999 172 2043 ipsa
206 1997 303 2031 enim
328 1997 484 2029 -moenia
517 1994 795 2039 confligendum,
843 1994 914 2033 Illi,
940 1994 1027 2039 quia
1052 1992 1152 2038 quod
1176 1993 1336 2027 solerent
1358 1992 1534 2035 fecerant,

92 2044 190 2079 nihil
213 2055 251 2077 se
275 2043 361 2076 novi
388 2042 517 2076 fecisse
546 2041 801 2084 opinabantur.
851 2041 1050 2084 Imperator
1075 2039 1195 2073 denuo
1219 2043 1297 2073 toto
1322 2050 1402 2072 cum
1429 2052 1533 2074 exer-

92 2093 167 2125 citu
191 2089 405 2134 Byzantium
434 2088 553 2128 venit,
580 2093 618 2121 et
644 2087 691 2119 ad
714 2093 855 2131 portam
882 2085 1066 2120 Charsiam
1091 2096 1166 2119 non
1189 2096 1315 2131 parum
1340 2087 1402 2120 diu
1427 2098 1533 2132 prae-

91 2138 245 2172 stolatus
260 2162 270 2177 ,
294 2146 375 2168 cum
399 2146 505 2169 nemo
524 2140 748 2180 pugnaturus
779 2133 913 2169 exiret.
936 2131 1166 2167 retrocedens
1182 2157 1192 2171 ,
1216 2132 1262 2165 ad
1284 2132 1531 2178 Pctrogephy-

91 2190 167 2218 rani
203 2183 291 2227 (loci
328 2193 460 2216 nomen
497 2181 565 2226 est)
600 2185 872 2214 castrametatus
897 2183 962 2220 est,
987 2179 1064 2219 ubi,
1092 2179 1384 2224 praeterlabente
1406 2180 1532 2221 fluvio,

90 2232 225 2275 irrigua
248 2234 350 2275 prata
375 2227 622 2262 abundantem
647 2226 776 2272 pabuli
801 2229 943 2271 copiam
967 2227 1072 2271 equis
1098 2224 1286 2260 sufficiunt.
1318 2227 1369 2259 Ac
1395 2227 1532 2261 milites

90 2274 242 2323 quidem
278 2280 453 2322 quantum
484 2273 653 2308 valebant
688 2274 857 2318 Byzantio
894 2271 1223 2306 incommodabant.
1289 2272 1421 2318 Aregus
1445 2286 1531 2308 vero

90 2324 138 2358 ad
171 2324 426 2368 imperatorem
461 2321 605 2356 rediens
622 2346 632 2361 ,
678 2322 876 2365 Augustam
901 2319 1101 2364 purgabat,
1126 2329 1357 2365 nequaquam
1383 2319 1428 2352 ab
1454 2321 1532 2361 ilia,

89 2371 155 2405 sed
187 2381 207 2402 a
242 2367 444 2414 patriarcha
478 2374 517 2402 et
550 2367 632 2401 aliis
662 2367 801 2402 bellum
836 2366 1076 2412 profluxisse,
1108 2365 1172 2410 qui
1207 2366 1320 2410 ipsam
1349 2367 1534 2401 volentem

89 2415 259 2462 amplecti
293 2426 417 2462 pacem
449 2426 523 2449 non
558 2414 743 2455 sinerent,
776 2414 885 2460 eique
907 2411 1125 2457 persuadere
1151 2411 1379 2453 niterentur,
1403 2413 1433 2447 si
1458 2425 1531 2459 quo

88 2463 198 2498 modo
225 2463 496 2497 Cantacuzenus
529 2461 796 2506 praevaluerit,
828 2462 948 2493 statim
979 2459 1094 2505 ipsam
1124 2468 1204 2490 cum
1227 2457 1355 2493 liberis
1378 2466 1533 2495 necatu-

89 2521 178 2543 rum.
238 2508 340 2554 Quae
376 2519 458 2541 cum
493 2507 632 2548 audiat,
658 2507 892 2554 (quamquam
917 2517 985 2539 nec
1009 2505 1150 2550 alioqui
1175 2504 1226 2538 ita
1246 2505 1302 2538 sui
1328 2506 1442 2551 ipsius
1471 2508 1531 2548 sit,

87 2563 131 2591 ut
153 2566 248 2602 quae
286 2553 419 2599 probet
448 2554 585 2588 efficere
611 2556 754 2599 possit‚)
786 2554 908 2587 omnia
944 2552 982 2584 in
1019 2552 1165 2584 illorum
1198 2551 1375 2586 arbitratu
1405 2564 1531 2587 ncces-

87 2604 183 2637 sario
207 2607 329 2648 ponat.
378 2601 577 2646 Imperator
600 2611 680 2634 cum
709 2600 845 2639 amicis,
870 2610 960 2645 quos
991 2597 1152 2641 Byzantii
1185 2597 1360 2640 habebat,
1389 2601 1530 2634 occulte

87 2659 219 2695 agens,
255 2648 427 2693 quoniam
461 2647 535 2681 illis
562 2649 639 2681 eius
672 2645 870 2681 adiuvandi
909 2644 1034 2678 decrat
1058 2645 1329 2688 opportunitas,
1370 2652 1406 2681 et
1431 2647 1531 2692 quod

87 2702 186 2730 extra
223 2694 366 2728 moenia
395 2699 633 2738 occuparetur
665 2693 761 2727 nihil
791 2698 885 2730 erat,
911 2690 997 2724 inde
1022 2691 1154 2724 iterum
1179 2691 1353 2726 discessit.
1402 2693 1531 2726 Adria-

85 2743 249 2787 nopolim
274 2740 439 2774 venienti
465 2741 573 2772 etiam
601 2740 664 2773 illa
687 2740 788 2778 urbs,
814 2737 1080 2782 Paraspondylo
1105 2737 1287 2782 praefecto
1317 2740 1529 2783 interprete,

85 2799 124 2823 se
152 2788 315 2824 dedidit:
344 2787 492 2832 aliaque
521 2788 610 2821 item
643 2786 790 2821 castella
826 2785 962 2821 circum
987 2785 1102 2829 ipsam
1125 2784 1239 2821 veluti
1263 2788 1355 2820 circa
1381 2791 1530 2819 matrem
