<?xml version="1.0" encoding="UTF-8"?>
<!DOCTYPE html PUBLIC "-//W3C//DTD XHTML 1.0 Transitional//EN"
    "http://www.w3.org/TR/xhtml1/DTD/xhtml1-transitional.dtd">
<html xmlns="http://www.w3.org/1999/xhtml" xml:lang="en" lang="en">
 <head>
  <title>
</title>
<meta http-equiv="Content-Type" content="text/html;charset=utf-8" />
  <meta name='ocr-system' content='tesseract 3.04.00' />
  <meta name='ocr-capabilities' content='ocr_page ocr_carea ocr_par ocr_line ocrx_word'/>
</head>
<body>
  <div class='ocr_page' id='page_1' title='image "./corpusscriptorum24niebuoft_0479.png"; bbox 0 0 1800 3146; ppageno 0'>
   <div class='ocr_carea' id='block_1_1' title="bbox 555 194 1563 269">
    <p class='ocr_par' dir='ltr' id='par_1_1' title="bbox 555 194 1563 269">
     <span class='ocr_line' id='line_1_1' title="bbox 555 194 1563 269; baseline -0.002 -17"><span class='ocrx_word' id='word_1_1' title='bbox 555 210 932 253; x_wconf 78' lang='lat' dir='ltr'>msTomAmm</span> <span class='ocrx_word' id='word_1_2' title='bbox 971 214 1045 254; x_wconf 86' lang='lat' dir='ltr'><em>m.</em></span> <span class='ocrx_word' id='word_1_3' title='bbox 1089 215 1158 259; x_wconf 68' lang='lat'><em>712.</em></span> <span class='ocrx_word' id='word_1_4' title='bbox 1451 194 1563 269; x_wconf 72' lang='lat'><em>467</em></span> 
     </span>
    </p>
   </div>
   <div class='ocr_carea' id='block_1_2' title="bbox 75 307 1759 1810">
    <p class='ocr_par' dir='ltr' id='par_1_2' title="bbox 75 307 1759 1810">
     <span class='ocr_line' id='line_1_2' title="bbox 122 307 1759 370; baseline 0.001 -16"><span class='ocrx_word' id='word_1_5' title='bbox 122 316 209 361; x_wconf 82' lang='grc' dir='ltr'><em>τοῖς</em></span> <span class='ocrx_word' id='word_1_6' title='bbox 230 307 409 362; x_wconf 75' lang='grc' dir='ltr'><em>’ἄλλοις</em></span> <span class='ocrx_word' id='word_1_7' title='bbox 431 311 601 361; x_wconf 68' lang='grc' dir='ltr'><em>οὐδενὸς</em></span> <span class='ocrx_word' id='word_1_8' title='bbox 634 313 834 368; x_wconf 73' lang='grc' dir='ltr'><strong><em>ἐμέλησεν</em></strong></span> <span class='ocrx_word' id='word_1_9' title='bbox 862 310 1032 369; x_wconf 72' lang='grc' dir='ltr'><em>ἑτέρου,</em></span> <span class='ocrx_word' id='word_1_10' title='bbox 1071 309 1099 368; x_wconf 80' lang='grc' dir='ltr'><strong><em>ἢ</em></strong></span> <span class='ocrx_word' id='word_1_11' title='bbox 1132 310 1157 354; x_wconf 79' lang='grc' dir='ltr'>ὃ</span> <span class='ocrx_word' id='word_1_12' title='bbox 1184 308 1416 369; x_wconf 79' lang='grc' dir='ltr'><em>προῦθεντο</em></span> <span class='ocrx_word' id='word_1_13' title='bbox 1441 315 1564 370; x_wconf 79' lang='grc' dir='ltr'><em>ἐξαρ-</em></span> <span class='ocrx_word' id='word_1_14' title='bbox 1576 319 1656 354; x_wconf 82' lang='lat' dir='ltr'>A.C.</span> <span class='ocrx_word' id='word_1_15' title='bbox 1675 317 1759 362; x_wconf 69' lang='lat'><em>1343</em></span> 
     </span>
     <span class='ocr_line' id='line_1_3' title="bbox 122 375 1606 434; baseline 0.002 -15"><span class='ocrx_word' id='word_1_16' title='bbox 122 380 204 433; x_wconf 86' lang='grc' dir='ltr'><em>χῆς</em></span> <span class='ocrx_word' id='word_1_17' title='bbox 234 375 380 431; x_wconf 68' lang='grc' dir='ltr'><em>εὐθὺς,</em></span> <span class='ocrx_word' id='word_1_18' title='bbox 409 375 457 418; x_wconf 85' lang='grc' dir='ltr'><em>τὸ</em></span> <span class='ocrx_word' id='word_1_19' title='bbox 491 377 760 434; x_wconf 78' lang='grc' dir='ltr'><strong><em>διαφθείρειν</em></strong></span> <span class='ocrx_word' id='word_1_20' title='bbox 792 379 868 432; x_wconf 79' lang='grc' dir='ltr'><em>ἐμὲ</em></span> <span class='ocrx_word' id='word_1_21' title='bbox 899 381 974 420; x_wconf 79' lang='grc' dir='ltr'>καί</span> <span class='ocrx_word' id='word_1_22' title='bbox 995 386 1129 422; x_wconf 79' lang='grc' dir='ltr'><em>ποιεῖν</em></span> <span class='ocrx_word' id='word_1_23' title='bbox 1155 382 1202 422; x_wconf 78' lang='grc' dir='ltr'><em>ἐκ</em></span> <span class='ocrx_word' id='word_1_24' title='bbox 1227 381 1385 433; x_wconf 81' lang='grc' dir='ltr'><strong><em>μέσου,</em></strong></span> <span class='ocrx_word' id='word_1_25' title='bbox 1427 375 1606 434; x_wconf 54' lang='lat' dir='ltr'><strong>&amp;Zp-B</strong></span> 
     </span>
     <span class='ocr_line' id='line_1_4' title="bbox 119 439 1566 502; baseline 0.002 -19"><span class='ocrx_word' id='word_1_26' title='bbox 119 458 214 496; x_wconf 83' lang='grc' dir='ltr'><em>χειν</em></span> <span class='ocrx_word' id='word_1_27' title='bbox 251 443 384 491; x_wconf 83' lang='grc' dir='ltr'><em>α’δεῶς</em></span> <span class='ocrx_word' id='word_1_28' title='bbox 424 441 560 496; x_wconf 80' lang='grc' dir='ltr'><em>ἔχοιεν</em></span> <span class='ocrx_word' id='word_1_29' title='bbox 598 439 736 485; x_wconf 79' lang='grc' dir='ltr'><em>αῦτοί.</em></span> <span class='ocrx_word' id='word_1_30' title='bbox 809 442 888 498; x_wconf 75' lang='grc' dir='ltr'><em>ἐγώ</em></span> <span class='ocrx_word' id='word_1_31' title='bbox 922 445 971 485; x_wconf 82' lang='grc' dir='ltr'><em>δὲ</em></span> <span class='ocrx_word' id='word_1_32' title='bbox 1003 447 1078 487; x_wconf 87' lang='grc' dir='ltr'><em>τοῦ</em></span> <span class='ocrx_word' id='word_1_33' title='bbox 1109 447 1226 502; x_wconf 84' lang='grc' dir='ltr'><em>κοινῇ</em></span> <span class='ocrx_word' id='word_1_34' title='bbox 1252 447 1566 494; x_wconf 77' lang='grc' dir='ltr'><em>λυσιτελοῦντος</em></span> 
     </span>
     <span class='ocr_line' id='line_1_5' title="bbox 122 505 1568 566; baseline 0.002 -17"><span class='ocrx_word' id='word_1_35' title='bbox 122 510 264 561; x_wconf 76' lang='grc' dir='ltr'><em>ἕνεκα,</em></span> <span class='ocrx_word' id='word_1_36' title='bbox 293 505 434 563; x_wconf 75' lang='grc' dir='ltr'><em>ὥσπερ</em></span> <span class='ocrx_word' id='word_1_37' title='bbox 475 510 548 551; x_wconf 84' lang='grc' dir='ltr'><em>καί</em></span> <span class='ocrx_word' id='word_1_38' title='bbox 577 507 672 563; x_wconf 80' lang='grc' dir='ltr'><em>αἐἰ,</em></span> <span class='ocrx_word' id='word_1_39' title='bbox 715 510 789 551; x_wconf 82' lang='grc' dir='ltr'>καί</span> <span class='ocrx_word' id='word_1_40' title='bbox 824 507 1038 563; x_wconf 80' lang='grc' dir='ltr'><em>βούλομαί</em></span> <span class='ocrx_word' id='word_1_41' title='bbox 1063 527 1111 552; x_wconf 88' lang='grc' dir='ltr'><em>τε</em></span> <span class='ocrx_word' id='word_1_42' title='bbox 1146 512 1219 552; x_wconf 88' lang='grc' dir='ltr'><em>καί</em></span> <span class='ocrx_word' id='word_1_43' title='bbox 1244 512 1344 566; x_wconf 77' lang='grc' dir='ltr'><em>περὶ</em></span> <span class='ocrx_word' id='word_1_44' title='bbox 1374 512 1568 552; x_wconf 79' lang='grc' dir='ltr'><em>πλείστου</em></span> 
     </span>
     <span class='ocr_line' id='line_1_6' title="bbox 95 569 1571 629; baseline 0.004 -16"><span class='ocrx_word' id='word_1_45' title='bbox 95 569 212 628; x_wconf 74' lang='grc' dir='ltr'><em>ὄᾶγω</em></span> <span class='ocrx_word' id='word_1_46' title='bbox 242 571 316 628; x_wconf 79' lang='grc' dir='ltr'><em>τήν</em></span> <span class='ocrx_word' id='word_1_47' title='bbox 344 572 524 628; x_wconf 78' lang='grc' dir='ltr'><em>εἰρήνην,</em></span> <span class='ocrx_word' id='word_1_48' title='bbox 567 573 613 615; x_wconf 85' lang='grc' dir='ltr'><em>εἴ</em></span> <span class='ocrx_word' id='word_1_49' title='bbox 631 590 678 628; x_wconf 86' lang='grc' dir='ltr'><em>γε</em></span> <span class='ocrx_word' id='word_1_50' title='bbox 707 575 927 629; x_wconf 77' lang='grc' dir='ltr'><em>βούλοιντο</em></span> <span class='ocrx_word' id='word_1_51' title='bbox 959 578 1031 618; x_wconf 80' lang='grc' dir='ltr'>καί</span> <span class='ocrx_word' id='word_1_52' title='bbox 1056 575 1180 618; x_wconf 73' lang='grc' dir='ltr'><em>αὐτοὶ</em></span> <span class='ocrx_word' id='word_1_53' title='bbox 1205 578 1288 618; x_wconf 74' lang='grc' dir='ltr'><em>τῶν</em></span> <span class='ocrx_word' id='word_1_54' title='bbox 1314 575 1571 628; x_wconf 79' lang='grc' dir='ltr'><em>πλασμάτων</em></span> 
     </span>
     <span class='ocr_line' id='line_1_7' title="bbox 125 639 1571 695; baseline 0.001 -15"><span class='ocrx_word' id='word_1_55' title='bbox 125 639 199 680; x_wconf 81' lang='grc' dir='ltr'><em>καί</em></span> <span class='ocrx_word' id='word_1_56' title='bbox 235 640 526 692; x_wconf 78' lang='grc' dir='ltr'><em>ψευδολογιῶν</em></span> <span class='ocrx_word' id='word_1_57' title='bbox 554 639 810 689; x_wconf 76' lang='grc' dir='ltr'><em>ἀποστάντες</em></span> <span class='ocrx_word' id='word_1_58' title='bbox 850 644 1232 695; x_wconf 85' lang='grc' dir='ltr'><em>παρακοιμωμένου</em></span> <span class='ocrx_word' id='word_1_59' title='bbox 1263 640 1478 690; x_wconf 82' lang='grc' dir='ltr'><em>διαλύσεις</em></span> <span class='ocrx_word' id='word_1_60' title='bbox 1504 643 1571 682; x_wconf 84' lang='grc' dir='ltr'><em>τί-</em></span> 
     </span>
     <span class='ocr_line' id='line_1_8' title="bbox 122 700 1571 762; baseline 0.002 -16"><span class='ocrx_word' id='word_1_61' title='bbox 122 707 299 746; x_wconf 84' lang='grc' dir='ltr'><em>θεσθαι.</em></span> <span class='ocrx_word' id='word_1_62' title='bbox 353 705 394 745; x_wconf 86' lang='grc' dir='ltr'><em>εἰ</em></span> <span class='ocrx_word' id='word_1_63' title='bbox 420 705 460 745; x_wconf 87' lang='grc' dir='ltr'><em>δ’</em></span> <span class='ocrx_word' id='word_1_64' title='bbox 487 700 617 754; x_wconf 75' lang='grc' dir='ltr'><em>αὖθις</em></span> <span class='ocrx_word' id='word_1_65' title='bbox 647 706 774 747; x_wconf 79' lang='grc' dir='ltr'><em>αῦτοί</em></span> <span class='ocrx_word' id='word_1_66' title='bbox 796 705 869 749; x_wconf 86' lang='grc' dir='ltr'><em>τὸν</em></span> <span class='ocrx_word' id='word_1_67' title='bbox 897 704 1080 760; x_wconf 88' lang='grc' dir='ltr'><em>πόλεμον</em></span> <span class='ocrx_word' id='word_1_68' title='bbox 1107 714 1278 760; x_wconf 81' lang='grc' dir='ltr'><em>κινοῖεν,</em></span> <span class='ocrx_word' id='word_1_69' title='bbox 1308 705 1368 762; x_wconf 74' lang='grc' dir='ltr'><em>μή</em></span> <span class='ocrx_word' id='word_1_70' title='bbox 1399 706 1496 760; x_wconf 72' lang='grc' dir='ltr'><em>ἐμοὶ</em></span> <span class='ocrx_word' id='word_1_71' title='bbox 1518 702 1571 749; x_wconf 77' lang='grc' dir='ltr'><em>τοὶ</em></span> 
     </span>
     <span class='ocr_line' id='line_1_9' title="bbox 124 769 1574 828; baseline 0.002 -16"><span class='ocrx_word' id='word_1_72' title='bbox 124 770 304 823; x_wconf 78' lang='grc' dir='ltr'><em>ἐσόμενα</em></span> <span class='ocrx_word' id='word_1_73' title='bbox 344 769 453 812; x_wconf 81' lang='grc' dir='ltr'><em>κακὰ</em></span> <span class='ocrx_word' id='word_1_74' title='bbox 492 773 539 813; x_wconf 81' lang='grc' dir='ltr'><em>ἐκ</em></span> <span class='ocrx_word' id='word_1_75' title='bbox 576 773 653 813; x_wconf 86' lang='grc' dir='ltr'><em>τοῦ</em></span> <span class='ocrx_word' id='word_1_76' title='bbox 685 773 872 826; x_wconf 88' lang='grc' dir='ltr'><em>πολέμου</em></span> <span class='ocrx_word' id='word_1_77' title='bbox 918 774 1272 827; x_wconf 77' lang='grc' dir='ltr'><em>προσλογίζεσθαι</em></span> <span class='ocrx_word' id='word_1_78' title='bbox 1290 806 1302 828; x_wconf 85' lang='grc'><em>,</em></span> <span class='ocrx_word' id='word_1_79' title='bbox 1349 775 1439 815; x_wconf 73' lang='grc' dir='ltr'><em>ἄλλ’</em></span> <span class='ocrx_word' id='word_1_80' title='bbox 1474 771 1574 816; x_wconf 69' lang='grc' dir='ltr'><em>ἑαυ-</em></span> 
     </span>
     <span class='ocr_line' id='line_1_10' title="bbox 119 836 1572 895; baseline 0.001 -17"><span class='ocrx_word' id='word_1_81' title='bbox 119 842 230 889; x_wconf 89' lang='grc' dir='ltr'><em>τοῖς,</em></span> <span class='ocrx_word' id='word_1_82' title='bbox 274 837 413 893; x_wconf 80' lang='grc' dir='ltr'><em>πολλῷ</em></span> <span class='ocrx_word' id='word_1_83' title='bbox 439 839 523 879; x_wconf 70' lang='grc' dir='ltr'><em>ταῖν</em></span> <span class='ocrx_word' id='word_1_84' title='bbox 552 839 909 894; x_wconf 78' lang='grc' dir='ltr'><em>προϋπηργμένων</em></span> <span class='ocrx_word' id='word_1_85' title='bbox 937 836 1178 895; x_wconf 86' lang='grc' dir='ltr'><em>δεινότερα,</em></span> <span class='ocrx_word' id='word_1_86' title='bbox 1225 838 1283 888; x_wconf 74' lang='grc' dir='ltr'><em>ὥς</em></span> <span class='ocrx_word' id='word_1_87' title='bbox 1314 839 1422 895; x_wconf 74' lang='grc' dir='ltr'><em>ὃρῶ,</em></span> <span class='ocrx_word' id='word_1_88' title='bbox 1475 840 1572 882; x_wconf 59' lang='lat'><em>30⁰¹-</em></span> 
     </span>
     <span class='ocr_line' id='line_1_11' title="bbox 75 902 1576 960; baseline 0.003 -17"><span class='ocrx_word' id='word_1_89' title='bbox 75 916 242 956; x_wconf 72' lang='grc' dir='ltr'><em>πομενα.</em></span> <span class='ocrx_word' id='word_1_90' title='bbox 287 903 437 944; x_wconf 79' lang='grc' dir='ltr'><em>ἐκεῖνοι</em></span> <span class='ocrx_word' id='word_1_91' title='bbox 478 904 558 957; x_wconf 86' lang='grc' dir='ltr'><em>μὲν</em></span> <span class='ocrx_word' id='word_1_92' title='bbox 596 902 675 960; x_wconf 80' lang='grc' dir='ltr'><em>γὰρ</em></span> <span class='ocrx_word' id='word_1_93' title='bbox 704 906 879 954; x_wconf 80' lang='grc' dir='ltr'><em>Μυσοῖς</em></span> <span class='ocrx_word' id='word_1_94' title='bbox 925 907 998 947; x_wconf 79' lang='grc' dir='ltr'><em>καὶ</em></span> <span class='ocrx_word' id='word_1_95' title='bbox 1042 908 1264 960; x_wconf 85' lang='grc' dir='ltr'><em>Τριβαλοῖς</em></span> <span class='ocrx_word' id='word_1_96' title='bbox 1312 903 1454 955; x_wconf 86' lang='grc' dir='ltr'><em>πόλεις</em></span> <span class='ocrx_word' id='word_1_97' title='bbox 1501 907 1576 948; x_wconf 67' lang='grc' dir='ltr'><em>καὶ</em></span> 
     </span>
     <span class='ocr_line' id='line_1_12' title="bbox 121 965 1574 1025; baseline 0.003 -17"><span class='ocrx_word' id='word_1_98' title='bbox 121 965 269 1023; x_wconf 80' lang='grc' dir='ltr'><em>χώρας</em></span> <span class='ocrx_word' id='word_1_99' title='bbox 312 970 659 1024; x_wconf 83' lang='grc' dir='ltr'><em>καταπροϊέμενοι</em></span> <span class='ocrx_word' id='word_1_100' title='bbox 697 971 952 1024; x_wconf 79' lang='grc' dir='ltr'><em>συμμάχους</em></span> <span class='ocrx_word' id='word_1_101' title='bbox 994 968 1266 1025; x_wconf 80' lang='grc' dir='ltr'><em>ἐποιήσαντο,</em></span> <span class='ocrx_word' id='word_1_102' title='bbox 1306 967 1368 1021; x_wconf 85' lang='grc' dir='ltr'><em>οἷς</em></span> <span class='ocrx_word' id='word_1_103' title='bbox 1401 973 1467 1013; x_wconf 78' lang='grc' dir='ltr'><em>ἐπ’</em></span> <span class='ocrx_word' id='word_1_104' title='bbox 1495 973 1574 1025; x_wconf 74' lang='grc' dir='ltr'><em>ἐμὲ</em></span> 
     </span>
     <span class='ocr_line' id='line_1_13' title="bbox 123 1030 1572 1092; baseline 0.003 -18"><span class='ocrx_word' id='word_1_105' title='bbox 123 1034 386 1075; x_wconf 87' lang='grc' dir='ltr'><em>διανοοῦνται</em></span> <span class='ocrx_word' id='word_1_106' title='bbox 427 1034 638 1090; x_wconf 79' lang='grc' dir='ltr'><em>χρῆσθαι.</em></span> <span class='ocrx_word' id='word_1_107' title='bbox 714 1030 777 1084; x_wconf 83' lang='grc' dir='ltr'><em>οἷς</em></span> <span class='ocrx_word' id='word_1_108' title='bbox 817 1034 1102 1078; x_wconf 65' lang='grc' dir='ltr'><em>ἄνθιστασθαι</em></span> <span class='ocrx_word' id='word_1_109' title='bbox 1144 1032 1222 1077; x_wconf 82' lang='grc' dir='ltr'><em>οὖκ</em></span> <span class='ocrx_word' id='word_1_110' title='bbox 1266 1032 1320 1078; x_wconf 72' lang='grc' dir='ltr'><em>ἂν</em></span> <span class='ocrx_word' id='word_1_111' title='bbox 1364 1038 1572 1092; x_wconf 78' lang='grc' dir='ltr'><em>δυναίμην</em></span> 
     </span>
     <span class='ocr_line' id='line_1_14' title="bbox 122 1096 1574 1156; baseline 0.004 -18"><span class='ocrx_word' id='word_1_112' title='bbox 122 1096 231 1151; x_wconf 75' lang='grc' dir='ltr'><em>μετὰ</em></span> <span class='ocrx_word' id='word_1_113' title='bbox 257 1098 476 1152; x_wconf 86' lang='grc' dir='ltr'><em>Ῥωμαίων</em></span> <span class='ocrx_word' id='word_1_114' title='bbox 499 1101 583 1142; x_wconf 78' lang='grc' dir='ltr'><em>τῶν</em></span> <span class='ocrx_word' id='word_1_115' title='bbox 610 1101 854 1156; x_wconf 87' lang='grc' dir='ltr'><em>παρόντων·</em></span> <span class='ocrx_word' id='word_1_116' title='bbox 883 1102 1077 1143; x_wconf 84' lang='grc' dir='ltr'><em>λείπεται,</em></span> <span class='ocrx_word' id='word_1_117' title='bbox 1100 1099 1152 1156; x_wconf 79' lang='grc' dir='ltr'><em>δή</em></span> <span class='ocrx_word' id='word_1_118' title='bbox 1187 1102 1296 1155; x_wconf 71' lang='grc' dir='ltr'><em>κάμὲ</em></span> <span class='ocrx_word' id='word_1_119' title='bbox 1324 1104 1574 1156; x_wconf 82' lang='grc' dir='ltr'><em>συμμαχίαν</em></span> 
     </span>
     <span class='ocr_line' id='line_1_15' title="bbox 123 1161 1612 1223; baseline 0.003 -18"><span class='ocrx_word' id='word_1_120' title='bbox 123 1161 260 1221; x_wconf 71' lang='grc' dir='ltr'><em>ἑαυτῷ</em></span> <span class='ocrx_word' id='word_1_121' title='bbox 283 1163 493 1220; x_wconf 83' lang='grc' dir='ltr'><em>πορίζειν,</em></span> <span class='ocrx_word' id='word_1_122' title='bbox 524 1162 554 1219; x_wconf 75' lang='grc' dir='ltr'><em>ἢ</em></span> <span class='ocrx_word' id='word_1_123' title='bbox 576 1171 664 1214; x_wconf 87' lang='grc' dir='ltr'><em>τοῖς</em></span> <span class='ocrx_word' id='word_1_124' title='bbox 690 1169 945 1220; x_wconf 78' lang='grc' dir='ltr'><em>πολεμοῦσιν</em></span> <span class='ocrx_word' id='word_1_125' title='bbox 974 1164 1268 1221; x_wconf 73' lang='grc' dir='ltr'><em>ἀπιστήσεται</em></span> <span class='ocrx_word' id='word_1_126' title='bbox 1297 1169 1372 1209; x_wconf 81' lang='grc' dir='ltr'>καί</span> <span class='ocrx_word' id='word_1_127' title='bbox 1390 1169 1612 1223; x_wconf 54' lang='lat' dir='ltr'><em>&amp;amaa-c</em></span> 
     </span>
     <span class='ocr_line' id='line_1_16' title="bbox 77 1227 1575 1288; baseline 0.003 -18"><span class='ocrx_word' id='word_1_128' title='bbox 77 1230 202 1286; x_wconf 74' lang='grc' dir='ltr'><em>ιὸρεῖ.</em></span> <span class='ocrx_word' id='word_1_129' title='bbox 262 1229 313 1271; x_wconf 79' lang='grc' dir='ltr'><em>οῦ</em></span> <span class='ocrx_word' id='word_1_130' title='bbox 358 1228 440 1284; x_wconf 78' lang='grc' dir='ltr'><em>γοὶρ</em></span> <span class='ocrx_word' id='word_1_131' title='bbox 480 1227 587 1272; x_wconf 73' lang='grc' dir='ltr'><em>ἑκών</em></span> <span class='ocrx_word' id='word_1_132' title='bbox 630 1227 741 1272; x_wconf 83' lang='grc' dir='ltr'><em>εἶναι</em></span> <span class='ocrx_word' id='word_1_133' title='bbox 774 1229 1016 1288; x_wconf 80' lang='grc' dir='ltr'><em>προήσομαι</em></span> <span class='ocrx_word' id='word_1_134' title='bbox 1057 1231 1135 1286; x_wconf 81' lang='grc' dir='ltr'><em>την</em></span> <span class='ocrx_word' id='word_1_135' title='bbox 1173 1234 1366 1285; x_wconf 79' lang='grc' dir='ltr'><em>ἐμαυτοῦ</em></span> <span class='ocrx_word' id='word_1_136' title='bbox 1392 1233 1466 1274; x_wconf 79' lang='grc' dir='ltr'><em>καί</em></span> <span class='ocrx_word' id='word_1_137' title='bbox 1490 1235 1575 1275; x_wconf 74' lang='grc' dir='ltr'><em>τῶν</em></span> 
     </span>
     <span class='ocr_line' id='line_1_17' title="bbox 124 1291 1574 1354; baseline 0.001 -17"><span class='ocrx_word' id='word_1_138' title='bbox 124 1294 336 1338; x_wconf 83' lang='grc' dir='ltr'><em>συνόντων</em></span> <span class='ocrx_word' id='word_1_139' title='bbox 363 1298 586 1351; x_wconf 89' lang='grc' dir='ltr'><em>σωτηρίαν.</em></span> <span class='ocrx_word' id='word_1_140' title='bbox 641 1292 748 1352; x_wconf 72' lang='grc' dir='ltr'><em>αὕτη</em></span> <span class='ocrx_word' id='word_1_141' title='bbox 776 1299 826 1339; x_wconf 84' lang='grc' dir='ltr'><em>δὲ</em></span> <span class='ocrx_word' id='word_1_142' title='bbox 862 1295 1103 1351; x_wconf 81' lang='grc' dir='ltr'><em>ου’δαμόθεν</em></span> <span class='ocrx_word' id='word_1_143' title='bbox 1131 1291 1311 1340; x_wconf 67' lang='grc' dir='ltr'><em>ἄλλοθεν</em></span> <span class='ocrx_word' id='word_1_144' title='bbox 1340 1300 1574 1354; x_wconf 82' lang='grc' dir='ltr'><em>παρέσται,</em></span> 
     </span>
     <span class='ocr_line' id='line_1_18' title="bbox 125 1357 1577 1418; baseline 0.002 -16"><span class='ocrx_word' id='word_1_145' title='bbox 125 1357 155 1414; x_wconf 67' lang='grc' dir='ltr'><em>τ’)</em></span> <span class='ocrx_word' id='word_1_146' title='bbox 187 1362 231 1411; x_wconf 80' lang='grc' dir='ltr'><em>ἐξ</em></span> <span class='ocrx_word' id='word_1_147' title='bbox 257 1360 408 1410; x_wconf 77' lang='grc' dir='ltr'><em>Ἀσίας</em></span> <span class='ocrx_word' id='word_1_148' title='bbox 437 1359 659 1416; x_wconf 81' lang='grc' dir='ltr'><em>Περσική·</em></span> <span class='ocrx_word' id='word_1_149' title='bbox 692 1362 736 1404; x_wconf 78' lang='grc' dir='ltr'><em>οἳ</em></span> <span class='ocrx_word' id='word_1_150' title='bbox 756 1362 975 1418; x_wconf 81' lang='grc' dir='ltr'><em>βάρβαροί</em></span> <span class='ocrx_word' id='word_1_151' title='bbox 994 1379 1038 1405; x_wconf 87' lang='grc' dir='ltr'><em>τε</em></span> <span class='ocrx_word' id='word_1_152' title='bbox 1066 1358 1180 1412; x_wconf 70' lang='grc' dir='ltr'><em>ὄντες</em></span> <span class='ocrx_word' id='word_1_153' title='bbox 1205 1365 1280 1404; x_wconf 83' lang='grc' dir='ltr'><em>καί</em></span> <span class='ocrx_word' id='word_1_154' title='bbox 1298 1364 1367 1405; x_wconf 72' lang='grc' dir='ltr'><em>ἀπ’</em></span> <span class='ocrx_word' id='word_1_155' title='bbox 1386 1364 1577 1412; x_wconf 79' lang='grc' dir='ltr'><em>ἐναντίας</em></span> 
     </span>
     <span class='ocr_line' id='line_1_19' title="bbox 126 1425 1577 1485; baseline 0.002 -19"><span class='ocrx_word' id='word_1_156' title='bbox 126 1425 227 1480; x_wconf 81' lang='grc' dir='ltr'><em>ἡμῖν</em></span> <span class='ocrx_word' id='word_1_157' title='bbox 259 1425 360 1481; x_wconf 79' lang='grc' dir='ltr'><em>περὶ</em></span> <span class='ocrx_word' id='word_1_158' title='bbox 392 1425 438 1467; x_wconf 86' lang='grc' dir='ltr'><em>τὸ</em></span> <span class='ocrx_word' id='word_1_159' title='bbox 468 1429 597 1479; x_wconf 83' lang='grc' dir='ltr'><em>σέβας</em></span> <span class='ocrx_word' id='word_1_160' title='bbox 645 1427 898 1480; x_wconf 71' lang='grc' dir='ltr'><em>διακεᾴιενοι</em></span> <span class='ocrx_word' id='word_1_161' title='bbox 935 1425 1140 1481; x_wconf 73' lang='grc' dir='ltr'><em>οὐδεμίαν</em></span> <span class='ocrx_word' id='word_1_162' title='bbox 1169 1428 1300 1485; x_wconf 77' lang='grc' dir='ltr'><em>φειδώ</em></span> <span class='ocrx_word' id='word_1_163' title='bbox 1331 1428 1577 1485; x_wconf 84' lang='grc' dir='ltr'><em>ποιήσονται</em></span> 
     </span>
     <span class='ocr_line' id='line_1_20' title="bbox 127 1488 1576 1548; baseline 0.003 -16"><span class='ocrx_word' id='word_1_164' title='bbox 127 1493 210 1533; x_wconf 79' lang='grc' dir='ltr'><em>τῶν</em></span> <span class='ocrx_word' id='word_1_165' title='bbox 237 1488 524 1544; x_wconf 78' lang='grc' dir='ltr'><em>ἐμπιπτόντων</em></span> <span class='ocrx_word' id='word_1_166' title='bbox 551 1498 645 1541; x_wconf 88' lang='grc' dir='ltr'><em>ταῖς</em></span> <span class='ocrx_word' id='word_1_167' title='bbox 682 1494 854 1547; x_wconf 75' lang='grc' dir='ltr'><em>χερσῖν,</em></span> <span class='ocrx_word' id='word_1_168' title='bbox 887 1493 998 1535; x_wconf 78' lang='grc' dir='ltr'><em>α’λλά</em></span> <span class='ocrx_word' id='word_1_169' title='bbox 1027 1492 1125 1542; x_wconf 80' lang='grc' dir='ltr'><em>τοῦς</em></span> <span class='ocrx_word' id='word_1_170' title='bbox 1153 1497 1233 1546; x_wconf 81' lang='grc' dir='ltr'><em>μὲν</em></span> <span class='ocrx_word' id='word_1_171' title='bbox 1277 1496 1576 1548; x_wconf 78' lang='grc' dir='ltr'><em>α’ποκτενοῦσι,</em></span> 
     </span>
     <span class='ocr_line' id='line_1_21' title="bbox 75 1555 1575 1614; baseline 0.001 -16"><span class='ocrx_word' id='word_1_172' title='bbox 75 1555 230 1605; x_wconf 62' lang='grc' dir='ltr'><em>ποτοὺς</em></span> <span class='ocrx_word' id='word_1_173' title='bbox 259 1557 305 1598; x_wconf 83' lang='grc' dir='ltr'><em>δὲ</em></span> <span class='ocrx_word' id='word_1_174' title='bbox 334 1555 407 1597; x_wconf 74' lang='grc' dir='ltr'><em>ἐπὶ</em></span> <span class='ocrx_word' id='word_1_175' title='bbox 431 1558 602 1614; x_wconf 71' lang='grc' dir='ltr'><em>δουλεία</em></span> <span class='ocrx_word' id='word_1_176' title='bbox 631 1556 933 1604; x_wconf 81' lang='grc' dir='ltr'><em>οἷποδώσονται.</em></span> <span class='ocrx_word' id='word_1_177' title='bbox 989 1561 1030 1600; x_wconf 87' lang='grc' dir='ltr'><em>εἰ</em></span> <span class='ocrx_word' id='word_1_178' title='bbox 1053 1561 1132 1611; x_wconf 83' lang='grc' dir='ltr'><em>μὲν</em></span> <span class='ocrx_word' id='word_1_179' title='bbox 1161 1555 1236 1600; x_wconf 71' lang='grc' dir='ltr'><em>οὖν</em></span> <span class='ocrx_word' id='word_1_180' title='bbox 1263 1575 1357 1601; x_wconf 88' lang='grc' dir='ltr'><em>τινα</em></span> <span class='ocrx_word' id='word_1_181' title='bbox 1376 1562 1459 1601; x_wconf 76' lang='grc' dir='ltr'><em>τῶν</em></span> <span class='ocrx_word' id='word_1_182' title='bbox 1475 1563 1575 1612; x_wconf 85' lang='grc' dir='ltr'><em>μελ-</em></span> 
     </span>
     <span class='ocr_line' id='line_1_22' title="bbox 128 1620 1579 1679; baseline 0.001 -15"><span class='ocrx_word' id='word_1_183' title='bbox 128 1623 282 1665; x_wconf 86' lang='grc' dir='ltr'><em>λόντων</em></span> <span class='ocrx_word' id='word_1_184' title='bbox 321 1620 652 1678; x_wconf 71' lang='grc' dir='ltr'><em>διαφθείρεσθαι</em></span> <span class='ocrx_word' id='word_1_185' title='bbox 679 1621 794 1664; x_wconf 82' lang='grc' dir='ltr'><em>ἔλεον</em></span> <span class='ocrx_word' id='word_1_186' title='bbox 831 1621 1027 1676; x_wconf 86' lang='grc' dir='ltr'><em>λαβόντες</em></span> <span class='ocrx_word' id='word_1_187' title='bbox 1057 1622 1162 1678; x_wconf 85' lang='grc' dir='ltr'><em>πρὸς</em></span> <span class='ocrx_word' id='word_1_188' title='bbox 1187 1622 1264 1679; x_wconf 73' lang='grc' dir='ltr'><em>τήν</em></span> <span class='ocrx_word' id='word_1_189' title='bbox 1289 1623 1454 1679; x_wconf 80' lang='grc' dir='ltr'><em>εἰρήνην</em></span> <span class='ocrx_word' id='word_1_190' title='bbox 1483 1626 1579 1666; x_wconf 78' lang='grc' dir='ltr'><em>ἐθέ·</em></span> 
     </span>
     <span class='ocr_line' id='line_1_23' title="bbox 130 1684 1580 1744; baseline -0.001 -14"><span class='ocrx_word' id='word_1_191' title='bbox 130 1694 235 1731; x_wconf 86' lang='grc' dir='ltr'><em>λωσι</em></span> <span class='ocrx_word' id='word_1_192' title='bbox 270 1693 448 1743; x_wconf 81' lang='grc' dir='ltr'><em>χωρεῖν,</em></span> <span class='ocrx_word' id='word_1_193' title='bbox 497 1686 612 1741; x_wconf 76' lang='grc' dir='ltr'><em>κάγώ</em></span> <span class='ocrx_word' id='word_1_194' title='bbox 650 1687 834 1740; x_wconf 87' lang='grc' dir='ltr'><em>μα’λιστα</em></span> <span class='ocrx_word' id='word_1_195' title='bbox 872 1691 1101 1742; x_wconf 68' lang='grc' dir='ltr'><em>βουλοιζιιην</em></span> <span class='ocrx_word' id='word_1_196' title='bbox 1129 1684 1198 1742; x_wconf 73' lang='grc' dir='ltr'><em>ἂν,</em></span> <span class='ocrx_word' id='word_1_197' title='bbox 1225 1688 1298 1731; x_wconf 81' lang='grc' dir='ltr'><em>καί</em></span> <span class='ocrx_word' id='word_1_198' title='bbox 1326 1691 1372 1731; x_wconf 77' lang='grc' dir='ltr'><em>ἐν</em></span> <span class='ocrx_word' id='word_1_199' title='bbox 1400 1689 1580 1744; x_wconf 79' lang='grc' dir='ltr'><em>ἡμέραις</em></span> 
     </span>
     <span class='ocr_line' id='line_1_24' title="bbox 130 1750 1587 1810; baseline 0.001 -14"><span class='ocrx_word' id='word_1_200' title='bbox 130 1753 428 1797; x_wconf 68' lang='grc' dir='ltr'><em>πεντεκαίδεκα</em></span> <span class='ocrx_word' id='word_1_201' title='bbox 457 1753 735 1806; x_wconf 86' lang='grc' dir='ltr'><em>πεμπέτωσαν</em></span> <span class='ocrx_word' id='word_1_202' title='bbox 751 1753 852 1803; x_wconf 76' lang='grc' dir='ltr'><em>τοῦς</em></span> <span class='ocrx_word' id='word_1_203' title='bbox 880 1756 1100 1810; x_wconf 77' lang='grc' dir='ltr'><em>ἐροῦντας,</em></span> <span class='ocrx_word' id='word_1_204' title='bbox 1129 1750 1191 1796; x_wconf 81' lang='grc' dir='ltr'><em>ὅτι</em></span> <span class='ocrx_word' id='word_1_205' title='bbox 1207 1752 1462 1797; x_wconf 77' lang='grc' dir='ltr'><em>διαλύεσθαι</em></span> <span class='ocrx_word' id='word_1_206' title='bbox 1479 1768 1587 1798; x_wconf 76' lang='grc' dir='ltr'><em>συν-ι’</em></span> 
     </span>
    </p>
   </div>
   <div class='ocr_carea' id='block_1_3' title="bbox 223 1850 556 1890">
    <p class='ocr_par' dir='ltr' id='par_1_3' title="bbox 223 1850 556 1890">
     <span class='ocr_line' id='line_1_25' title="bbox 223 1850 556 1890; baseline -0.003 -1"><span class='ocrx_word' id='word_1_207' title='bbox 223 1866 279 1889; x_wconf 84' lang='lat'><em>20.</em></span> <span class='ocrx_word' id='word_1_208' title='bbox 306 1850 376 1890; x_wconf 86' lang='grc' dir='ltr'><em>οὖν</em></span> <span class='ocrx_word' id='word_1_209' title='bbox 402 1853 485 1888; x_wconf 83' lang='lat' dir='ltr'>add.</span> <span class='ocrx_word' id='word_1_210' title='bbox 508 1855 556 1888; x_wconf 88' lang='lat' dir='ltr'><em>M.</em></span> 
     </span>
    </p>
   </div>
   <div class='ocr_carea' id='block_1_4' title="bbox 131 1931 1590 2866">
    <p class='ocr_par' dir='ltr' id='par_1_4' title="bbox 131 1931 1590 2866">
     <span class='ocr_line' id='line_1_26' title="bbox 131 1931 1580 1980; baseline -0.001 -13"><span class='ocrx_word' id='word_1_211' title='bbox 131 1932 270 1967; x_wconf 87' lang='lat' dir='ltr'><em>tamdiu</em></span> <span class='ocrx_word' id='word_1_212' title='bbox 293 1943 369 1966; x_wconf 85' lang='lat' dir='ltr'><em>rem</em></span> <span class='ocrx_word' id='word_1_213' title='bbox 394 1932 590 1966; x_wconf 89' lang='lat' dir='ltr'>Romanam</span> <span class='ocrx_word' id='word_1_214' title='bbox 614 1931 875 1974; x_wconf 80' lang='lat' dir='ltr'><strong>administravi,</strong></span> <span class='ocrx_word' id='word_1_215' title='bbox 890 1934 1020 1968; x_wconf 85' lang='lat' dir='ltr'>melius</span> <span class='ocrx_word' id='word_1_216' title='bbox 1044 1940 1083 1968; x_wconf 84' lang='lat' dir='ltr'><em>et</em></span> <span class='ocrx_word' id='word_1_217' title='bbox 1105 1935 1250 1975; x_wconf 84' lang='lat' dir='ltr'><strong>utilius,</strong></span> <span class='ocrx_word' id='word_1_218' title='bbox 1275 1945 1381 1980; x_wconf 86' lang='lat' dir='ltr'>qnam</span> <span class='ocrx_word' id='word_1_219' title='bbox 1405 1934 1488 1979; x_wconf 86' lang='lat' dir='ltr'><strong>ipsi,</strong></span> <span class='ocrx_word' id='word_1_220' title='bbox 1511 1933 1580 1968; x_wconf 89' lang='lat' dir='ltr'><em>hoc</em></span> 
     </span>
     <span class='ocr_line' id='line_1_27' title="bbox 133 1979 1580 2024; baseline 0 -12"><span class='ocrx_word' id='word_1_221' title='bbox 133 1990 264 2013; x_wconf 84' lang='lat' dir='ltr'><strong>munus</strong></span> <span class='ocrx_word' id='word_1_222' title='bbox 301 1979 455 2020; x_wconf 81' lang='lat' dir='ltr'>obirem,</span> <span class='ocrx_word' id='word_1_223' title='bbox 502 1979 728 2013; x_wconf 86' lang='lat' dir='ltr'>Patriarchae</span> <span class='ocrx_word' id='word_1_224' title='bbox 762 1980 872 2024; x_wconf 84' lang='lat' dir='ltr'><strong>igitur</strong></span> <span class='ocrx_word' id='word_1_225' title='bbox 903 1986 940 2014; x_wconf 85' lang='lat' dir='ltr'><em>et</em></span> <span class='ocrx_word' id='word_1_226' title='bbox 975 1980 1082 2015; x_wconf 83' lang='lat' dir='ltr'><em>sociis</em></span> <span class='ocrx_word' id='word_1_227' title='bbox 1115 1981 1213 2015; x_wconf 84' lang='lat' dir='ltr'>nihil</span> <span class='ocrx_word' id='word_1_228' title='bbox 1248 1980 1350 2014; x_wconf 85' lang='lat' dir='ltr'><strong>aliud</strong></span> <span class='ocrx_word' id='word_1_229' title='bbox 1387 1981 1427 2014; x_wconf 87' lang='lat' dir='ltr'><em>in</em></span> <span class='ocrx_word' id='word_1_230' title='bbox 1457 1979 1580 2014; x_wconf 87' lang='lat' dir='ltr'><em>studio</em></span> 
     </span>
     <span class='ocr_line' id='line_1_28' title="bbox 132 2025 1583 2072; baseline 0.001 -14"><span class='ocrx_word' id='word_1_231' title='bbox 132 2025 219 2067; x_wconf 85' lang='lat' dir='ltr'><strong>fuit,</strong></span> <span class='ocrx_word' id='word_1_232' title='bbox 253 2037 362 2072; x_wconf 83' lang='lat' dir='ltr'><em>quam</em></span> <span class='ocrx_word' id='word_1_233' title='bbox 399 2025 499 2072; x_wconf 88' lang='lat' dir='ltr'><strong>quod</strong></span> <span class='ocrx_word' id='word_1_234' title='bbox 529 2025 601 2059; x_wconf 85' lang='lat' dir='ltr'><em>sibi</em></span> <span class='ocrx_word' id='word_1_235' title='bbox 628 2037 649 2058; x_wconf 84' lang='lat' dir='ltr'>a</span> <span class='ocrx_word' id='word_1_236' title='bbox 681 2027 863 2072; x_wconf 88' lang='lat' dir='ltr'><em>principio</em></span> <span class='ocrx_word' id='word_1_237' title='bbox 901 2034 1182 2072; x_wconf 84' lang='lat' dir='ltr'>proposuerunt,</span> <span class='ocrx_word' id='word_1_238' title='bbox 1214 2037 1271 2060; x_wconf 88' lang='lat' dir='ltr'><em>me</em></span> <span class='ocrx_word' id='word_1_239' title='bbox 1307 2028 1480 2060; x_wconf 82' lang='lat' dir='ltr'><em>nimirum</em></span> <span class='ocrx_word' id='word_1_240' title='bbox 1513 2027 1583 2060; x_wconf 84' lang='lat' dir='ltr'><em>hac</em></span> 
     </span>
     <span class='ocr_line' id='line_1_29' title="bbox 133 2072 1583 2120; baseline 0.001 -16"><span class='ocrx_word' id='word_1_241' title='bbox 133 2073 218 2105; x_wconf 86' lang='lat' dir='ltr'>luce</span> <span class='ocrx_word' id='word_1_242' title='bbox 244 2073 405 2117; x_wconf 84' lang='lat' dir='ltr'>privare,</span> <span class='ocrx_word' id='word_1_243' title='bbox 440 2083 512 2120; x_wconf 90' lang='lat' dir='ltr'><em>quo</em></span> <span class='ocrx_word' id='word_1_244' title='bbox 538 2072 610 2118; x_wconf 88' lang='lat' dir='ltr'><em>ipsi</em></span> <span class='ocrx_word' id='word_1_245' title='bbox 637 2075 797 2107; x_wconf 86' lang='lat' dir='ltr'><em>securius</em></span> <span class='ocrx_word' id='word_1_246' title='bbox 818 2075 996 2118; x_wconf 88' lang='lat' dir='ltr'>imperare</span> <span class='ocrx_word' id='word_1_247' title='bbox 1023 2079 1168 2119; x_wconf 82' lang='lat' dir='ltr'><strong>queant.</strong></span> <span class='ocrx_word' id='word_1_248' title='bbox 1208 2074 1255 2106; x_wconf 83' lang='lat' dir='ltr'><em>At</em></span> <span class='ocrx_word' id='word_1_249' title='bbox 1277 2084 1342 2117; x_wconf 88' lang='lat' dir='ltr'><em>ego</em></span> <span class='ocrx_word' id='word_1_250' title='bbox 1367 2074 1457 2107; x_wconf 90' lang='lat' dir='ltr'><em>boni</em></span> <span class='ocrx_word' id='word_1_251' title='bbox 1481 2083 1583 2106; x_wconf 70' lang='lat' dir='ltr'>con»-</span> 
     </span>
     <span class='ocr_line' id='line_1_30' title="bbox 135 2118 1581 2166; baseline 0 -14"><span class='ocrx_word' id='word_1_252' title='bbox 135 2118 256 2152; x_wconf 86' lang='lat' dir='ltr'><strong>munis</strong></span> <span class='ocrx_word' id='word_1_253' title='bbox 285 2121 418 2164; x_wconf 81' lang='lat' dir='ltr'>gratia,</span> <span class='ocrx_word' id='word_1_254' title='bbox 445 2119 543 2166; x_wconf 84' lang='lat' dir='ltr'><strong>quod</strong></span> <span class='ocrx_word' id='word_1_255' title='bbox 565 2121 723 2164; x_wconf 85' lang='lat' dir='ltr'>spectavi</span> <span class='ocrx_word' id='word_1_256' title='bbox 748 2131 909 2165; x_wconf 87' lang='lat' dir='ltr'>semper,</span> <span class='ocrx_word' id='word_1_257' title='bbox 948 2121 1047 2166; x_wconf 81' lang='lat' dir='ltr'>pacis</span> <span class='ocrx_word' id='word_1_258' title='bbox 1071 2131 1149 2154; x_wconf 87' lang='lat' dir='ltr'><em>sum</em></span> <span class='ocrx_word' id='word_1_259' title='bbox 1174 2119 1395 2166; x_wconf 83' lang='lat' dir='ltr'><strong>percupidus</strong></span> <span class='ocrx_word' id='word_1_260' title='bbox 1430 2129 1581 2166; x_wconf 82' lang='lat' dir='ltr'>eamque</span> 
     </span>
     <span class='ocr_line' id='line_1_31' title="bbox 135 2165 1583 2213; baseline 0 -15"><span class='ocrx_word' id='word_1_261' title='bbox 135 2165 244 2198; x_wconf 58' lang='lat' dir='ltr'><em>facio*</em></span> <span class='ocrx_word' id='word_1_262' title='bbox 268 2167 437 2200; x_wconf 79' lang='lat' dir='ltr'><em>maximi:</em></span> <span class='ocrx_word' id='word_1_263' title='bbox 471 2168 502 2200; x_wconf 88' lang='lat' dir='ltr'><em>si</em></span> <span class='ocrx_word' id='word_1_264' title='bbox 533 2165 642 2200; x_wconf 88' lang='lat' dir='ltr'>modo</span> <span class='ocrx_word' id='word_1_265' title='bbox 677 2172 715 2199; x_wconf 93' lang='lat' dir='ltr'><em>et</em></span> <span class='ocrx_word' id='word_1_266' title='bbox 745 2167 816 2211; x_wconf 89' lang='lat' dir='ltr'><em>ipsi</em></span> <span class='ocrx_word' id='word_1_267' title='bbox 846 2178 867 2199; x_wconf 89' lang='lat' dir='ltr'>a</span> <span class='ocrx_word' id='word_1_268' title='bbox 892 2167 1072 2213; x_wconf 83' lang='lat' dir='ltr'>figmentis</span> <span class='ocrx_word' id='word_1_269' title='bbox 1108 2172 1146 2201; x_wconf 84' lang='lat' dir='ltr'><em>et</em></span> <span class='ocrx_word' id='word_1_270' title='bbox 1180 2166 1583 2211; x_wconf 81' lang='lat' dir='ltr'>mendaciis-praefecti</span> 
     </span>
     <span class='ocr_line' id='line_1_32' title="bbox 139 2211 1580 2259; baseline 0.001 -14"><span class='ocrx_word' id='word_1_271' title='bbox 139 2212 300 2245; x_wconf 80' lang='lat' dir='ltr'><strong>cubiculi</strong></span> <span class='ocrx_word' id='word_1_272' title='bbox 325 2213 532 2247; x_wconf 77' lang='lat' dir='ltr'>recedentes</span> <span class='ocrx_word' id='word_1_273' title='bbox 582 2211 661 2246; x_wconf 73' lang='lat' dir='ltr'><em>eam</em></span> <span class='ocrx_word' id='word_1_274' title='bbox 684 2215 878 2259; x_wconf 88' lang='lat' dir='ltr'>complecti</span> <span class='ocrx_word' id='word_1_275' title='bbox 905 2214 1031 2248; x_wconf 82' lang='lat' dir='ltr'>velint.</span> <span class='ocrx_word' id='word_1_276' title='bbox 1091 2214 1130 2248; x_wconf 86' lang='lat' dir='ltr'><em>Si</em></span> <span class='ocrx_word' id='word_1_277' title='bbox 1165 2214 1304 2247; x_wconf 86' lang='lat' dir='ltr'>bellum</span> <span class='ocrx_word' id='word_1_278' title='bbox 1330 2213 1580 2253; x_wconf 76' lang='lat' dir='ltr'><strong>instaurarint,</strong></span> 
     </span>
     <span class='ocr_line' id='line_1_33' title="bbox 134 2258 1583 2305; baseline 0.001 -13"><span class='ocrx_word' id='word_1_279' title='bbox 134 2269 185 2292; x_wconf 83' lang='lat' dir='ltr'><em>ne</em></span> <span class='ocrx_word' id='word_1_280' title='bbox 218 2258 310 2291; x_wconf 82' lang='lat' dir='ltr'><em>mihi</em></span> <span class='ocrx_word' id='word_1_281' title='bbox 345 2270 524 2293; x_wconf 76' lang='lat' dir='ltr'><em>emersura</em></span> <span class='ocrx_word' id='word_1_282' title='bbox 556 2260 642 2294; x_wconf 82' lang='lat' dir='ltr'>inde</span> <span class='ocrx_word' id='word_1_283' title='bbox 673 2261 788 2301; x_wconf 85' lang='lat' dir='ltr'>mala,</span> <span class='ocrx_word' id='word_1_284' title='bbox 822 2260 1148 2305; x_wconf 61' lang='lat' dir='ltr'>praecedentibus),</span> <span class='ocrx_word' id='word_1_285' title='bbox 1186 2266 1227 2293; x_wconf 86' lang='lat' dir='ltr'><em>ut</em></span> <span class='ocrx_word' id='word_1_286' title='bbox 1261 2270 1440 2305; x_wconf 81' lang='lat' dir='ltr'><em>auguror,</em></span> <span class='ocrx_word' id='word_1_287' title='bbox 1474 2261 1583 2304; x_wconf 85' lang='lat' dir='ltr'>longe</span> 
     </span>
     <span class='ocr_line' id='line_1_34' title="bbox 141 2305 1583 2352; baseline 0 -14"><span class='ocrx_word' id='word_1_288' title='bbox 141 2305 328 2351; x_wconf 82' lang='lat' dir='ltr'>graviora,</span> <span class='ocrx_word' id='word_1_289' title='bbox 365 2305 431 2338; x_wconf 82' lang='lat' dir='ltr'>sed</span> <span class='ocrx_word' id='word_1_290' title='bbox 466 2306 539 2340; x_wconf 73' lang='lat' dir='ltr'><em>sibi</em></span> <span class='ocrx_word' id='word_1_291' title='bbox 562 2307 751 2341; x_wconf 78' lang='lat' dir='ltr'><strong>tribuant:</strong></span> <span class='ocrx_word' id='word_1_292' title='bbox 778 2307 925 2352; x_wconf 87' lang='lat' dir='ltr'>quando</span> <span class='ocrx_word' id='word_1_293' title='bbox 951 2308 1022 2352; x_wconf 90' lang='lat' dir='ltr'><em>ipsi</em></span> <span class='ocrx_word' id='word_1_294' title='bbox 1048 2307 1183 2342; x_wconf 77' lang='lat' dir='ltr'>Moesis</span> <span class='ocrx_word' id='word_1_295' title='bbox 1210 2311 1247 2340; x_wconf 88' lang='lat' dir='ltr'><em>et</em></span> <span class='ocrx_word' id='word_1_296' title='bbox 1273 2306 1448 2340; x_wconf 70' lang='lat' dir='ltr'><strong>Tribulus</strong></span> <span class='ocrx_word' id='word_1_297' title='bbox 1474 2306 1583 2338; x_wconf 78' lang='lat' dir='ltr'>urbes</span> 
     </span>
     <span class='ocr_line' id='line_1_35' title="bbox 140 2351 1584 2398; baseline 0.001 -14"><span class='ocrx_word' id='word_1_298' title='bbox 140 2357 179 2385; x_wconf 81' lang='lat' dir='ltr'><em>et</em></span> <span class='ocrx_word' id='word_1_299' title='bbox 216 2351 379 2395; x_wconf 81' lang='lat' dir='ltr'><em>regiones</em></span> <span class='ocrx_word' id='word_1_300' title='bbox 413 2354 514 2398; x_wconf 83' lang='lat' dir='ltr'><strong>quasi</strong></span> <span class='ocrx_word' id='word_1_301' title='bbox 554 2353 726 2397; x_wconf 79' lang='lat' dir='ltr'><em>praedam</em></span> <span class='ocrx_word' id='word_1_302' title='bbox 753 2354 968 2388; x_wconf 88' lang='lat' dir='ltr'>obiecerunt</span> <span class='ocrx_word' id='word_1_303' title='bbox 1000 2358 1037 2387; x_wconf 91' lang='lat' dir='ltr'><em>et</em></span> <span class='ocrx_word' id='word_1_304' title='bbox 1070 2354 1258 2387; x_wconf 85' lang='lat' dir='ltr'>adversum</span> <span class='ocrx_word' id='word_1_305' title='bbox 1297 2364 1355 2386; x_wconf 88' lang='lat' dir='ltr'><em>me</em></span> <span class='ocrx_word' id='word_1_306' title='bbox 1388 2352 1584 2386; x_wconf 72' lang='lat' dir='ltr'><em>auxiliares</em></span> 
     </span>
     <span class='ocr_line' id='line_1_36' title="bbox 142 2397 1586 2446; baseline 0 -14"><span class='ocrx_word' id='word_1_307' title='bbox 142 2397 393 2439; x_wconf 81' lang='lat' dir='ltr'>adsciverunt3</span> <span class='ocrx_word' id='word_1_308' title='bbox 436 2399 571 2445; x_wconf 82' lang='lat' dir='ltr'><strong>quibus</strong></span> <span class='ocrx_word' id='word_1_309' title='bbox 604 2402 690 2446; x_wconf 85' lang='lat' dir='ltr'><strong>quia</strong></span> <span class='ocrx_word' id='word_1_310' title='bbox 725 2401 892 2435; x_wconf 86' lang='lat' dir='ltr'>resistere</span> <span class='ocrx_word' id='word_1_311' title='bbox 928 2411 1008 2433; x_wconf 89' lang='lat' dir='ltr'>eum</span> <span class='ocrx_word' id='word_1_312' title='bbox 1046 2401 1226 2440; x_wconf 83' lang='lat' dir='ltr'><em>Romanis,</em></span> <span class='ocrx_word' id='word_1_313' title='bbox 1252 2410 1343 2445; x_wconf 87' lang='lat' dir='ltr'><em>quos</em></span> <span class='ocrx_word' id='word_1_314' title='bbox 1371 2399 1478 2440; x_wconf 89' lang='lat' dir='ltr'><strong>duco,</strong></span> <span class='ocrx_word' id='word_1_315' title='bbox 1510 2410 1586 2432; x_wconf 86' lang='lat' dir='ltr'><em>non</em></span> 
     </span>
     <span class='ocr_line' id='line_1_37' title="bbox 139 2445 1586 2489; baseline 0 -11"><span class='ocrx_word' id='word_1_316' title='bbox 139 2445 258 2485; x_wconf 80' lang='lat' dir='ltr'>valeo,</span> <span class='ocrx_word' id='word_1_317' title='bbox 281 2450 457 2489; x_wconf 78' lang='lat' dir='ltr'>superest,</span> <span class='ocrx_word' id='word_1_318' title='bbox 481 2451 521 2479; x_wconf 88' lang='lat' dir='ltr'><em>ut</em></span> <span class='ocrx_word' id='word_1_319' title='bbox 544 2451 580 2480; x_wconf 83' lang='lat' dir='ltr'><em>et</em></span> <span class='ocrx_word' id='word_1_320' title='bbox 603 2447 695 2481; x_wconf 84' lang='lat' dir='ltr'><em>mihi</em></span> <span class='ocrx_word' id='word_1_321' title='bbox 719 2448 858 2481; x_wconf 81' lang='lat' dir='ltr'><em>auxilia</em></span> <span class='ocrx_word' id='word_1_322' title='bbox 882 2448 927 2482; x_wconf 87' lang='lat' dir='ltr'><em>ad</em></span> <span class='ocrx_word' id='word_1_323' title='bbox 951 2447 1074 2481; x_wconf 81' lang='lat' dir='ltr'>hostes</span> <span class='ocrx_word' id='word_1_324' title='bbox 1099 2457 1198 2481; x_wconf 87' lang='lat' dir='ltr'>meos</span> <span class='ocrx_word' id='word_1_325' title='bbox 1224 2445 1461 2480; x_wconf 76' lang='lat' dir='ltr'>debellandos</span> <span class='ocrx_word' id='word_1_326' title='bbox 1484 2445 1586 2479; x_wconf 79' lang='lat' dir='ltr'><em>firma</em></span> 
     </span>
     <span class='ocr_line' id='line_1_38' title="bbox 143 2492 1587 2539; baseline 0 -14"><span class='ocrx_word' id='word_1_327' title='bbox 143 2502 370 2535; x_wconf 87' lang='lat' dir='ltr'>comparem:</span> <span class='ocrx_word' id='word_1_328' title='bbox 401 2492 488 2527; x_wconf 86' lang='lat' dir='ltr'>nolo</span> <span class='ocrx_word' id='word_1_329' title='bbox 521 2494 657 2538; x_wconf 87' lang='lat' dir='ltr'><strong>quippe</strong></span> <span class='ocrx_word' id='word_1_330' title='bbox 690 2505 805 2527; x_wconf 90' lang='lat' dir='ltr'>meam</span> <span class='ocrx_word' id='word_1_331' title='bbox 849 2504 1087 2539; x_wconf 83' lang='lat' dir='ltr'>meorumque</span> <span class='ocrx_word' id='word_1_332' title='bbox 1126 2495 1281 2527; x_wconf 71' lang='lat' dir='ltr'><em>sanutem</em></span> <span class='ocrx_word' id='word_1_333' title='bbox 1312 2493 1479 2538; x_wconf 79' lang='lat' dir='ltr'><em>prodere.</em></span> <span class='ocrx_word' id='word_1_334' title='bbox 1510 2493 1587 2526; x_wconf 77' lang='lat' dir='ltr'><em>&#39;Ea</em></span> 
     </span>
     <span class='ocr_line' id='line_1_39' title="bbox 143 2538 1585 2586; baseline 0 -15"><span class='ocrx_word' id='word_1_335' title='bbox 143 2549 229 2572; x_wconf 84' lang='lat' dir='ltr'>vero</span> <span class='ocrx_word' id='word_1_336' title='bbox 261 2538 399 2571; x_wconf 79' lang='lat' dir='ltr'><strong>auxilia</strong></span> <span class='ocrx_word' id='word_1_337' title='bbox 433 2546 507 2571; x_wconf 82' lang='lat' dir='ltr'><em>non</em></span> <span class='ocrx_word' id='word_1_338' title='bbox 534 2540 704 2581; x_wconf 76' lang='lat' dir='ltr'><strong>aliunde,</strong></span> <span class='ocrx_word' id='word_1_339' title='bbox 749 2552 858 2586; x_wconf 83' lang='lat' dir='ltr'><em>quam</em></span> <span class='ocrx_word' id='word_1_340' title='bbox 883 2541 1069 2574; x_wconf 87' lang='lat' dir='ltr'>Persarum</span> <span class='ocrx_word' id='word_1_341' title='bbox 1095 2551 1143 2573; x_wconf 82' lang='lat' dir='ltr'><em>ex</em></span> <span class='ocrx_word' id='word_1_342' title='bbox 1166 2540 1250 2573; x_wconf 82' lang='lat' dir='ltr'><em>Asia</em></span> <span class='ocrx_word' id='word_1_343' title='bbox 1277 2539 1585 2584; x_wconf 73' lang='lat' dir='ltr'>suppeditabunt:</span> 
     </span>
     <span class='ocr_line' id='line_1_40' title="bbox 146 2584 1587 2631; baseline 0 -14"><span class='ocrx_word' id='word_1_344' title='bbox 146 2584 211 2631; x_wconf 86' lang='lat' dir='ltr'><strong>qui</strong></span> <span class='ocrx_word' id='word_1_345' title='bbox 243 2590 279 2618; x_wconf 88' lang='lat' dir='ltr'><em>et</em></span> <span class='ocrx_word' id='word_1_346' title='bbox 304 2584 451 2618; x_wconf 83' lang='lat' dir='ltr'>barbari</span> <span class='ocrx_word' id='word_1_347' title='bbox 477 2590 515 2618; x_wconf 90' lang='lat' dir='ltr'><em>et</em></span> <span class='ocrx_word' id='word_1_348' title='bbox 535 2596 715 2620; x_wconf 70' lang='lat' dir='ltr'><em>sacrorum</em></span> <span class='ocrx_word' id='word_1_349' title='bbox 746 2589 845 2621; x_wconf 82' lang='lat' dir='ltr'><strong>cultu</strong></span> <span class='ocrx_word' id='word_1_350' title='bbox 880 2587 986 2621; x_wconf 88' lang='lat' dir='ltr'>nohis</span> <span class='ocrx_word' id='word_1_351' title='bbox 1016 2586 1210 2620; x_wconf 84' lang='lat' dir='ltr'><em>dissimiles</em></span> <span class='ocrx_word' id='word_1_352' title='bbox 1246 2586 1363 2620; x_wconf 79' lang='lat' dir='ltr'><em>obviis</em></span> <span class='ocrx_word' id='word_1_353' title='bbox 1399 2598 1474 2620; x_wconf 92' lang='lat' dir='ltr'><em>non</em></span> <span class='ocrx_word' id='word_1_354' title='bbox 1498 2596 1587 2631; x_wconf 84' lang='lat' dir='ltr'>par-</span> 
     </span>
     <span class='ocr_line' id='line_1_41' title="bbox 148 2630 1585 2677; baseline 0 -13"><span class='ocrx_word' id='word_1_355' title='bbox 148 2635 254 2672; x_wconf 87' lang='lat' dir='ltr'>cent,</span> <span class='ocrx_word' id='word_1_356' title='bbox 290 2630 355 2664; x_wconf 81' lang='lat' dir='ltr'><em>sed</em></span> <span class='ocrx_word' id='word_1_357' title='bbox 388 2632 480 2664; x_wconf 83' lang='lat' dir='ltr'>alios</span> <span class='ocrx_word' id='word_1_358' title='bbox 515 2633 662 2677; x_wconf 86' lang='lat' dir='ltr'>quidem</span> <span class='ocrx_word' id='word_1_359' title='bbox 699 2633 958 2674; x_wconf 81' lang='lat' dir='ltr'><em>trucidabunt,</em></span> <span class='ocrx_word' id='word_1_360' title='bbox 979 2634 1070 2666; x_wconf 83' lang='lat' dir='ltr'>alios</span> <span class='ocrx_word' id='word_1_361' title='bbox 1105 2635 1144 2666; x_wconf 88' lang='lat' dir='ltr'><em>in</em></span> <span class='ocrx_word' id='word_1_362' title='bbox 1176 2633 1385 2667; x_wconf 75' lang='lat' dir='ltr'>servitutem</span> <span class='ocrx_word' id='word_1_363' title='bbox 1414 2633 1585 2666; x_wconf 83' lang='lat' dir='ltr'>vendent.</span> 
     </span>
     <span class='ocr_line' id='line_1_42' title="bbox 149 2677 1589 2725; baseline 0.001 -15"><span class='ocrx_word' id='word_1_364' title='bbox 149 2677 271 2722; x_wconf 88' lang='lat' dir='ltr'>Quare</span> <span class='ocrx_word' id='word_1_365' title='bbox 309 2679 351 2711; x_wconf 81' lang='lat' dir='ltr'><em>si·</em></span> <span class='ocrx_word' id='word_1_366' title='bbox 371 2677 615 2722; x_wconf 85' lang='lat' dir='ltr'>periturorum</span> <span class='ocrx_word' id='word_1_367' title='bbox 644 2681 880 2714; x_wconf 76' lang='lat' dir='ltr'>miseratione</span> <span class='ocrx_word' id='word_1_368' title='bbox 908 2680 1100 2720; x_wconf 85' lang='lat' dir='ltr'><em>commoti,</em></span> <span class='ocrx_word' id='word_1_369' title='bbox 1131 2680 1176 2714; x_wconf 73' lang='lat' dir='ltr'><em>ad</em></span> <span class='ocrx_word' id='word_1_370' title='bbox 1199 2689 1324 2725; x_wconf 80' lang='lat' dir='ltr'>pacem</span> <span class='ocrx_word' id='word_1_371' title='bbox 1351 2679 1434 2712; x_wconf 85' lang='lat' dir='ltr'>dare</span> <span class='ocrx_word' id='word_1_372' title='bbox 1460 2690 1499 2712; x_wconf 81' lang='lat' dir='ltr'><em>se</em></span> <span class='ocrx_word' id='word_1_373' title='bbox 1520 2689 1589 2712; x_wconf 83' lang='lat' dir='ltr'><em>vo·</em></span> 
     </span>
     <span class='ocr_line' id='line_1_43' title="bbox 148 2723 1588 2772; baseline 0 -16"><span class='ocrx_word' id='word_1_374' title='bbox 148 2723 248 2764; x_wconf 89' lang='lat' dir='ltr'>lent,</span> <span class='ocrx_word' id='word_1_375' title='bbox 281 2723 321 2756; x_wconf 86' lang='lat' dir='ltr'><em>id</em></span> <span class='ocrx_word' id='word_1_376' title='bbox 356 2735 421 2769; x_wconf 87' lang='lat' dir='ltr'><em>ego</em></span> <span class='ocrx_word' id='word_1_377' title='bbox 457 2736 602 2771; x_wconf 85' lang='lat' dir='ltr'><strong>quoque</strong></span> <span class='ocrx_word' id='word_1_378' title='bbox 645 2735 871 2772; x_wconf 82' lang='lat' dir='ltr'>summopere</span> <span class='ocrx_word' id='word_1_379' title='bbox 902 2727 1209 2772; x_wconf 80' lang='lat' dir='ltr'>vehementerque</span> <span class='ocrx_word' id='word_1_380' title='bbox 1235 2726 1368 2760; x_wconf 78' lang='lat' dir='ltr'>velim:</span> <span class='ocrx_word' id='word_1_381' title='bbox 1393 2731 1431 2758; x_wconf 77' lang='lat' dir='ltr'><em>et</em></span> <span class='ocrx_word' id='word_1_382' title='bbox 1458 2725 1588 2758; x_wconf 80' lang='lat' dir='ltr'>diebus</span> 
     </span>
     <span class='ocr_line' id='line_1_44' title="bbox 151 2769 1590 2819; baseline 0 -16"><span class='ocrx_word' id='word_1_383' title='bbox 151 2769 359 2815; x_wconf 85' lang='lat' dir='ltr'>quindecim</span> <span class='ocrx_word' id='word_1_384' title='bbox 388 2772 552 2812; x_wconf 82' lang='lat' dir='ltr'>mittant,</span> <span class='ocrx_word' id='word_1_385' title='bbox 585 2773 648 2818; x_wconf 88' lang='lat' dir='ltr'><strong>qui</strong></span> <span class='ocrx_word' id='word_1_386' title='bbox 673 2784 732 2808; x_wconf 86' lang='lat' dir='ltr'><em>me</em></span> <span class='ocrx_word' id='word_1_387' title='bbox 757 2775 801 2808; x_wconf 83' lang='lat' dir='ltr'><em>de</em></span> <span class='ocrx_word' id='word_1_388' title='bbox 826 2784 999 2807; x_wconf 85' lang='lat' dir='ltr'>consensu</span> <span class='ocrx_word' id='word_1_389' title='bbox 1026 2774 1172 2806; x_wconf 86' lang='lat' dir='ltr'><em>illorum</em></span> <span class='ocrx_word' id='word_1_390' title='bbox 1197 2783 1305 2819; x_wconf 74' lang='lat' dir='ltr'>super</span> <span class='ocrx_word' id='word_1_391' title='bbox 1328 2773 1395 2806; x_wconf 84' lang='lat' dir='ltr'><em>hac</em></span> <span class='ocrx_word' id='word_1_392' title='bbox 1419 2783 1459 2805; x_wconf 88' lang='lat' dir='ltr'><em>re</em></span> <span class='ocrx_word' id='word_1_393' title='bbox 1481 2771 1590 2804; x_wconf 79' lang='lat' dir='ltr'>certi-</span> 
     </span>
     <span class='ocr_line' id='line_1_45' title="bbox 152 2817 1589 2866; baseline 0.002 -19"><span class='ocrx_word' id='word_1_394' title='bbox 152 2825 250 2851; x_wconf 87' lang='lat' dir='ltr'>orem</span> <span class='ocrx_word' id='word_1_395' title='bbox 279 2817 413 2860; x_wconf 80' lang='lat' dir='ltr'><em>faciat,</em></span> <span class='ocrx_word' id='word_1_396' title='bbox 444 2823 487 2851; x_wconf 85' lang='lat' dir='ltr'><em>ut</em></span> <span class='ocrx_word' id='word_1_397' title='bbox 525 2818 603 2864; x_wconf 81' lang='lat' dir='ltr'>ipse</span> <span class='ocrx_word' id='word_1_398' title='bbox 635 2820 805 2855; x_wconf 86' lang='lat' dir='ltr'>similiter</span> <span class='ocrx_word' id='word_1_399' title='bbox 841 2821 984 2855; x_wconf 78' lang='lat' dir='ltr'>mittam</span> <span class='ocrx_word' id='word_1_400' title='bbox 1009 2819 1352 2866; x_wconf 67' lang='lat' dir='ltr'><em>barbarosque-iam</em></span> <span class='ocrx_word' id='word_1_401' title='bbox 1377 2822 1525 2864; x_wconf 66' lang='lat' dir='ltr'><em>parato»</em></span> <span class='ocrx_word' id='word_1_402' title='bbox 1548 2817 1589 2850; x_wconf 86' lang='lat' dir='ltr'><em>in</em></span> 
     </span>
    </p>
   </div>
  </div>
 </body>
</html>
