1812 3132
280 151 357 225 94
807 165 1177 209 CANTACUZENJ

85 266 310 326 Ᾱ.Ε.ι34ιῆ
347 267 544 325 πρότερον
583 266 760 322 εὐμενὴς
801 270 873 310 καί
909 256 1080 310 πλείονα
1122 270 1320 324 παρέχων
1359 267 1435 322 τήν
1479 267 1610 323 ῥοπὴν
1643 267 1718 310 καὶ

277 337 567 391 ἀκριβέστερον
607 336 822 389 προσέχων
851 329 1010 394 ἑωρᾶτο
1038 337 1096 391 τῷ
1121 332 1285 390 μεγάλῳ
1314 334 1564 390 δομεστίκῳ,
1596 331 1620 374 ὃ
1645 336 1719 375 καί

274 405 435 457 μᾶλλον
468 401 669 455 βασιλίδα
710 397 786 453 τήν
822 397 982 456 μητέρα
1012 397 1318 454 παρεσκεύαζεν
1346 399 1563 444 ἀνιᾶσθαι.
1615 394 1717 448 τούς

272 470 352 521 μὲν
384 462 458 508 οὖν
486 463 754 521 συκοφάντας
784 462 918 514 οὕτως
946 461 1229 517 ιῖπεσκεύαστο
1258 462 1278 504 ὃ
1318 461 1535 518 βασιλεὺς,
1574 463 1715 522 ἐκείνῳ
1754 454 1756 456 ¹

275 536 311 576 δ’
341 530 530 585 ἅπαντα,
558 531 656 586 περὶ
684 524 743 573 ὧν
770 530 795 585 ἦ
823 532 988 584 βασιλίς
1015 527 1126 585 ἥκει,
1155 527 1356 581 ἐξειπών,
1397 525 1523 578 αὖθις
1548 532 1740 582 βασιλι-5

266 598 350 654 ’κήν
377 598 555 652 ἐσθῆτα,
587 597 627 637 εἰ
646 593 704 651 μή
733 612 806 638 του
836 591 964 637 ἄλλου
989 627 1000 648 ,
1041 598 1115 649 τῆς
1152 597 1252 648 γοῦν
1283 597 1366 636 τῶν
1394 596 1555 636 πολλῶν
1594 595 1716 650 δόξης

272 667 407 717 ἕνεκα,
435 659 731 715 συνεβούλευεν
758 658 980 714 ἀναλαβεῖν
990 695 1002 713 ,
1031 661 1079 702 ἵν’
1109 662 1290 709 ἐκείνους
1316 676 1359 702 τε
1388 657 1578 717 ἀποδείξῃ
1607 657 1715 701 ὕπο-

138 732 175 767 Ρ.
191 733 256 779 395
273 728 500 778 πτεύοντας
538 727 676 782 ἀληθῆ
727 727 801 768 καί
843 722 973 768 αὕτὸν
1001 729 1168 768 πολλῶν
1196 726 1456 781 πραγμάτων
1484 724 1714 782 α’παλλάξῃ.

274 798 428 844 ἐκεῖνος
471 795 518 836 δὲ
551 796 724 847 βασιλεῖ’
742 794 820 845 μὲν
846 788 1003 839 πολλάς
1028 794 1100 845 τῆς
1129 793 1189 839 εἰς
1219 789 1352 832 αὐτὸν
1393 789 1608 842 ειῖμενεύις
1633 788 1715 844 χὰ-

272 877 394 918 ριτας
436 857 638 913 ὡμολόγει
677 860 847 912 καὶτῆς
876 858 1211 910 καλοκάγαθίας·
1249 855 1296 897 τὸ
1336 857 1375 897 δ’
1414 857 1473 904 εἰς
1509 841 1767 909 βασιλέωξχο

274 929 417 982 σχῆμα
451 925 717 978 μεταμείβειν
740 925 793 964 ου’
813 925 973 977 μᾶλλον
993 920 1144 975 ἑτέρων
1164 923 1317 979 αἰτιῶν,
1347 918 1374 976 ἢ
1395 924 1478 963 τῶν
1503 936 1715 978 συκοφαν-

271 994 353 1035 τῶν
380 992 498 1032 ἕνεκα
523 986 598 1030 οὕκ
625 987 852 1043 ἐθελήσειν,
882 984 1061 1044 ῗνάὖτῷ
1087 988 1215 1044 τούτῳ
1241 989 1312 1042 τῆς
1338 989 1587 1042 κακουργίας
1606 988 1715 1040 λαμ-

270 1056 377 1113 βάνῃ
407 1058 525 1105 δίκας
553 1057 649 1110 παρ’
680 1054 846 1107 αὐτῶν,
885 1052 1021 1108 ἔργοις
1062 1050 1203 1101 αὐτοῖς
1240 1053 1507 1109 συκυφάντας
1531 1053 1717 1108 α’ποφαί-

269 1140 367 1166 νων.
429 1120 557 1169 αὸτὸς
584 1122 631 1161 δὲ
659 1118 731 1161 καί
757 1118 855 1175 πρίν
878 1118 1077 1172 βασιλίδα
1105 1116 1242 1173 ἥκειν,
1273 1118 1372 1173 περὶ
1398 1112 1456 1159 ὧν
1486 1108 1711 1173 α’φίξεται,

271 1189 452 1246 ἔφασκεν
481 1188 650 1229 εἰδέναι.
678 1183 750 1227 καί
774 1184 851 1240 γὰρ
880 1186 962 1241 τῶν
987 1183 1037 1225 τὰ
1065 1182 1283 1240 α’πὸῤῥητα
1322 1181 1574 1225 συνειδότων
1605 1181 1764 1240 aziz-{7¹15

133 1265 175 1300 V.
189 1267 256 1302 320
270 1250 378 1304 τινες
406 1249 598 1308 πρότεροι
624 1251 814 1299 ἐλθόντες
837 1247 912 1305 τήν
938 1265 982 1291 τε
1010 1244 1154 1304 ἄφιξιν
1175 1245 1303 1303 αὐτῆς
1339 1250 1441 1303 περὶ
1475 1242 1533 1289 ὧν
1555 1249 1712 1302 γένοιτο

272 1322 394 1371 νυνί,
432 1317 600 1372 ἔνδηλον
633 1317 800 1358 ἐποίουν
840 1318 900 1372 τῷ
925 1313 1093 1371 μεγάλῳ
1123 1315 1349 1371 δομεστίῑιῳ
1377 1316 1449 1355 καί
1469 1311 1564 1362 τούς
1594 1328 1711 1355 συνε-

271 1382 523 1432 σκευακότας
558 1382 633 1437 τὴν
678 1377 918 1435 ἐπιβουλήν.
972 1377 1272 1433 συνεβούλευόν
1309 1396 1352 1420 τε
1391 1376 1494 1434 πρὸς
1533 1380 1711 1431 βασιλέα

235 1447 525 1506 Βσυγκρούειν
562 1448 720 1501 ἐκείνην
765 1445 839 1487 τὸν
865 1443 967 1487 ὐἱὸν
996 1442 1220 1500 φθάσαντα
1258 1442 1335 1498 τὴν
1361 1442 1515 1499 ἔφοδον
1540 1445 1615 1484 καί
1637 1439 1710 1484 λό-

267 1533 354 1572 γοις
383 1513 685 1565 πεπλασμένοις
712 1509 787 1565 τήν
811 1511 1017 1564 βασιλέως
1035 1507 1299 1563 ἐκταράττειν
1317 1508 1483 1562 ψυχὴν,
1512 1508 1763 1563 ἵν’ἐκείνηαο

265 1583 398 1637 μηδὲν
440 1575 581 1620 ἀνύειν
618 1573 647 1633 ᾗ
673 1577 753 1618 τῶν
788 1577 1125 1630 βεβουλευμένων
1164 1571 1336 1629 δυνατή.
1405 1573 1426 1615 ὁ
1454 1576 1494 1615 δ’
1520 1574 1708 1626 ἀπεπέμ-

266 1659 378 1702 ψατο
406 1643 513 1700 πρὸς
561 1640 712 1699 ὀργὴν,
759 1640 817 1690 αἷς
862 1641 983 1682 οὐδὲν
1012 1636 1182 1692 ἄμεινον
1208 1640 1415 1692 πολεμίων
1441 1637 1546 1694 πρὸς
1579 1635 1710 1680 αὖτὸν

268 1712 586 1765 διακειμένους,
625 1710 701 1750 καί
741 1709 878 1750 ταῦτα
920 1707 1054 1762 φίλων
1096 1706 1402 1762 περικειμένους
1438 1709 1710 1760 προσωπεῖον.

360 1840 392 1864 2.
417 1825 536 1872 ὦρᾷτο
565 1825 599 1857 P.
692 1832 746 1858 αι.
770 1819 1028 1865 βουλευμένων
1048 1820 1087 1853 P.

268 1947 437 1983 magnum
456 1932 690 1969 domesticum
708 1929 912 1975 complecti,
933 1928 1146 1974 propensius
1165 1928 1200 1961 ei
1223 1927 1343 1961 favere
1364 1933 1400 1960 et
1413 1927 1626 1961 familiarius
1643 1926 1709 1959 ad·
1732 1947 1734 1950 >

269 1985 399 2018 hibere
424 1983 520 2016 visus
547 1984 623 2012 est:
649 1987 741 2023 quae
767 1986 822 2010 res
847 1977 953 2008 matri
978 1986 1177 2008 moerorem
1208 1975 1411 2007 cumulavit.
1461 1973 1706 2018 Sycophantas

269 2034 394 2077 itaque
421 2027 467 2061 ad
489 2026 586 2059 hunc
619 2024 766 2057 modum
799 2023 950 2056 removit
985 2023 1182 2066 Imperator
1213 2021 1481 2066 domesticoque
1517 2020 1705 2061 omnibus,

270 2088 379 2122 super
404 2073 536 2119 quibus
560 2077 673 2104 mater
697 2071 743 2104 ad
773 2080 810 2102 se
830 2072 976 2102 venerat
999 2068 1189 2108 iudicatis,
1236 2078 1431 2111 purpuram
1463 2067 1588 2100 saltem
1620 2076 1709 2111 pro·-

269 2130 351 2170 pter
377 2121 474 2166 vulgi
500 2119 707 2163 opinionem
732 2115 906 2150 suadebat
928 2124 1125 2155 assumere,
1149 2124 1194 2146 ne
1218 2123 1336 2146 veram
1362 2123 1438 2146 esse
1463 2114 1706 2157 suspicionem

271 2167 482 2205 ostenderet
535 2164 725 2210 ipsumque
768 2161 892 2195 multis
936 2161 1112 2193 molestiis
1158 2161 1302 2192 levaret.
1364 2161 1588 2193 Domesticus
1631 2164 1706 2192 tam

272 2217 408 2250 amicae
435 2218 472 2246 et
502 2210 676 2245 candidae
701 2220 783 2254 erga
816 2219 854 2242 se
885 2207 1064 2239 voluntati
1100 2206 1222 2251 gratiis
1259 2206 1366 2246 actis,
1402 2206 1567 2239 habitum
1603 2216 1707 2238 suum

273 2274 355 2296 cum
382 2258 615 2304 imperatorio
650 2262 797 2301 propter
837 2253 1117 2288 obtrectatorum
1141 2252 1283 2286 voculas
1307 2253 1518 2296 praesertim
1543 2262 1705 2286 commu-

277 2315 354 2343 tare
381 2318 456 2340 non
480 2305 575 2338 vult:
599 2314 637 2336 re
662 2304 754 2349 ipsa,
778 2310 855 2334 esse
882 2300 1169 2339 calumniatores,
1194 2299 1308 2343 palam
1335 2299 1527 2332 ostendens
1554 2304 1590 2332 et
1618 2308 1707 2342 poe-

276 2367 341 2389 nas
371 2354 416 2387 de
443 2362 564 2385 eorum
596 2349 827 2394 improbitate
858 2357 1011 2380 sumenS.
1060 2345 1106 2379 Se
1143 2356 1312 2391 quoque,
1338 2346 1544 2390 priusquam
1567 2344 1708 2378 veniret

275 2399 506 2445 imperatrix,
547 2395 653 2442 quani
687 2395 734 2428 ob
759 2403 901 2426 causam
933 2397 1083 2426 ventura
1121 2397 1235 2431 esset,
1268 2393 1483 2434 cognovisse.
1546 2389 1709 2437 Quidam*

274 2448 371 2480 enim
393 2445 511 2478 eidem
533 2454 552 2475 a
569 2442 725 2482 secretis,
751 2450 917 2483 magnum
939 2438 1175 2471 domesticum
1198 2437 1241 2470 de
1256 2437 1354 2470 aditu
1379 2438 1454 2471 eius
1477 2442 1513 2470 et
1534 2437 1579 2470 de
1598 2442 1703 2469 causa

275 2493 392 2539 deque
415 2488 665 2523 inventoribus
700 2493 737 2521 et
762 2484 962 2520 architectis
986 2485 1092 2518 huius
1119 2485 1194 2518 doli
1225 2490 1547 2528 praemonuerant:
1584 2483 1705 2516 consi-

273 2541 435 2583 liumque
464 2536 654 2575 dederant,
693 2539 734 2567 ut
756 2543 896 2566 accessu
923 2536 1209 2576 praeoccupato,
1244 2531 1341 2563 illam
1373 2542 1453 2564 cum
1486 2532 1703 2574 imperatore

276 2585 537 2622 committeret,
570 2582 734 2625 fictisque
769 2579 992 2613 sermonibus
1031 2588 1113 2611 eum
1149 2582 1367 2617 exterreret,
1398 2588 1469 2622 quo
1508 2578 1584 2609 ina>
1607 2575 1703 2609 nihil

276 2643 418 2670 eorum,
453 2639 544 2674 quae
572 2632 766 2666 statuerat,
800 2625 970 2670 perficere
995 2629 1125 2668 posset.
1174 2623 1304 2657 Verum
1336 2623 1442 2656 hosce
1477 2622 1703 2656 consiliarios

274 2678 387 2710 iratus
414 2675 568 2713 dimisit,
592 2679 633 2706 ut
656 2673 719 2718 qui
744 2671 810 2706 sub
835 2672 1028 2704 amicorum
1053 2680 1204 2715 persona
1237 2670 1405 2703 hostilem
1429 2675 1591 2714 tegerent
1622 2670 1704 2702 ani-

275 2734 390 2765 mum3
427 2732 501 2754 non
527 2722 620 2754 enim
646 2720 731 2753 talia
758 2730 794 2752 se
818 2719 964 2758 decere,
990 2717 1052 2750 sed
1076 2728 1219 2761 prorsus
1249 2718 1424 2749 contraria
1441 2740 1452 2755 ,
1482 2721 1522 2749 ut
1548 2716 1576 2749 si
1604 2715 1704 2760 quod

279 2775 372 2805 esset
395 2767 604 2814 imperatori
635 2777 715 2800 cum
749 2771 863 2800 matre
888 2763 1099 2806 dissidium,
1134 2763 1181 2797 ad
1219 2761 1519 2797 reconciliandam
1555 2762 1702 2808 gratiam
