1806 3152
265 154 378 209 608
613 232 616 236 ,
797 170 1165 212 οΑΝΤΑσυΖΕΝι

71 270 322 323 Δ.Ο.ι347τὰ
348 264 543 325 βασίλεια
581 271 865 325 ἐπεραιοῦντο.
923 267 1241 320 ἀντιταξάμενοι
1278 267 1323 307 δὲ
1371 269 1512 317 αὐτοῖς
1551 268 1596 319 ἐκ
1622 272 1702 311 τῶν

264 338 381 390 μετὰ
401 339 603 389 βασιλέως
632 335 899 390 στρατιωτῶν
927 350 1060 387 τινες,
1082 331 1171 386 ἅμα
1202 334 1275 374 καί
1301 336 1376 375 τοῦ
1407 332 1541 387 δήμου
1572 350 1702 389 προσ-

271 405 615 456 επιβοηθοῦντος,
659 400 732 441 οὐκ
763 399 858 441 εἴων
888 401 938 456 τῇ
965 402 1016 456 γῇ
1051 404 1274 453 προσχεῖν,
1308 399 1398 440 ἄλλ’
1418 399 1704 451 α’πεπέμποντο
1748 402 1754 405 ’

234 468 488 521 Ββάλλοντες
515 473 684 522 συχνοῖς
721 471 805 514 τοῖς
841 466 1017 519 βέλεσιν.
1073 464 1247 518 ὁρῶντες
1274 466 1320 505 δὲ
1349 464 1419 505 καί
1447 466 1619 517 ἐκεῖνοι,
1649 463 1707 514 αἷς

267 533 344 574 οὐκ
373 534 671 588 α’ντισχήσουσι
698 530 802 588 πρὸς
829 531 1070 582 τοσούτους,
1103 529 1314 585 (πρότερον
1346 529 1425 585 γὰρ
1457 525 1578 588 ᾤοντο
1595 528 1730 586 ὑπὲρό

268 600 483 653 βασιλίδος
532 600 675 647 αὐτοῖς
704 599 776 638 καί
804 595 876 638 τὸν
916 598 1046 650 δῆμον
1075 594 1516 651 συμπροσθήσεσθαι,)
1550 593 1708 649 [ἐνεχώ-

266 680 369 720 ρουν
404 680 447 706 τε
490 668 563 706 καί
607 665 741 705 ουκέτι
770 660 943 717 ὕστερον
985 661 1253 716 ἐπεβοήθουν.
1308 660 1506 715 βασιλεὺς
1539 664 1584 703 δὲ
1614 663 1707 704 κατ’

268 731 427 784 ἐκείνην
464 729 541 784 την
578 730 740 785 ἡμέραν
767 730 898 783 μηδὲν
935 729 1058 769 πλέον
1085 727 1189 782 μήτε
1216 725 1399 782 πράξας,
1439 725 1541 782 μήτε
1566 726 1708 781 εἰπών,-

270 798 330 844 εἰς
356 794 430 851 τὴν
458 795 688 851 ὑστεραίαν
720 793 818 844 τούς
847 809 892 834 τε
921 792 1194 846 ἐπισκόπους,
1226 789 1319 834 ὅσοι
1347 788 1470 846 ἦσαν,
1497 809 1707 847 μεταπεμ-

269 862 456 915 ψάμενος
493 862 536 903 ἐν
562 860 782 917 Βυζαντίῳ
824 860 896 900 καί
939 862 1023 900 τῶν
1053 860 1111 915 τῷ
1135 857 1270 916 κλήρῳ
1299 858 1616 913 κατειλεγμένων
1641 861 1764 914 τῆςῐο

272 925 613 981 ἐκκλησίαςτούς
642 926 821 978 μάλιστα
852 925 897 965 ἐν
927 921 1064 980 λόγῳ,
1096 926 1262 979 πρῶτον
1280 926 1358 976 μὲν
1376 924 1474 979 περί
1497 925 1579 966 τῶν
1605 923 1710 966 κατὰ

122 1005 176 1041 ·v,
193 990 342 1050 555jcdv
369 989 550 1044 πόλεμον
567 989 890 1045 συμβεβηκότων
912 991 1153 1044 ὃιειλέχθη,
1183 989 1239 1038 ὥς
1262 986 1555 1046 οὕτεὲξαρχῆς
1576 992 1707 1032 ἕλοιτο

261 1050 431 1110 αὐτὸς,
463 1052 559 1098 οὕτε
590 1063 674 1104 τοῖς
701 1057 907 1110 βασιλέως
936 1054 1244 1109 ἐπιβουλεύσειε
1265 1058 1437 1111 παισίν,
1467 1054 1605 1112 ὥσπερ
1627 1053 1710 1097 ὑπὸ

235 1125 358 1167 cmiv
392 1125 666 1177 συκοφαντῶν
693 1127 979 1176 κατηγορεῖτο,
1019 1121 1200 1162 ἄλλ’ύπ’
1226 1123 1392 1163 ἐκείνων
1433 1121 1504 1163 διὰ
1550 1120 1711 1177 φθόνον

273 1190 541 1243 κεκινημένου
571 1185 981 1240 ἐπιβουλευσάντων,
1012 1182 1246 1239 ἀναγκαίως
1273 1189 1346 1240 τῆς
1373 1188 1508 1228 αὕτοῦ
1535 1186 1607 1228 καί
1631 1183 1765 1229 τῶνῑό

271 1252 475 1296 συνόντων
511 1252 721 1308 σωτηρίας
759 1254 877 1293 ἕνεκα
916 1247 1107 1304 ἦμύνετο.
1164 1254 1223 1299 εἰς
1264 1251 1442 1306 οἷνάγκην
1489 1253 1536 1294 δὲ
1576 1250 1713 1295 ἐλθών

272 1319 346 1360 καί
373 1318 602 1373 βαρβάροις
618 1318 823 1372 χρήσαιτο
844 1314 1109 1369 συμμάχοις,
1161 1315 1346 1366 Μυσούς
1373 1315 1448 1358 καί
1481 1316 1716 1372 Τριβαλούς

270 1383 343 1425 καί
373 1381 525 1431 αὐτούς
572 1381 672 1431 τους
701 1380 946 1436 βαρβάρους
973 1382 1138 1422 ἐκείνων
1165 1379 1413 1435 ἐπαγόντων.
1450 1381 1523 1423 καί
1544 1384 1619 1436 τῆς
1647 1395 1716 1436 γε-

270 1450 493 1503 γενημένης
527 1449 694 1503 φθορᾶς
747 1449 820 1488 καί
859 1447 1154 1499 αἰχμαλωσίας
1183 1450 1266 1488 τῶν
1289 1446 1507 1500 Ῥωμαίων
1534 1448 1716 1496 ἐκείνους

269 1510 535 1571 ᾆπεὸείκνυεν
590 1514 761 1562 αἰτίους.
827 1508 972 1553 ἔπειτα
1012 1510 1084 1553 καί
1129 1514 1212 1554 τῶν
1248 1514 1500 1566 γιγνομένων
1536 1514 1768 1554 ἐποιεῖτοαο

270 1577 515 1633 μάρτυρας,
544 1576 601 1627 ὥς
634 1573 758 1625 αὐτὸς
788 1578 866 1629 μὲν
895 1572 994 1618 οὔτε
1020 1575 1244 1633 πρότερον,
1287 1573 1380 1620 οὔτε
1410 1580 1484 1620 νῦν
1513 1580 1716 1634 δυσχερές

272 1660 316 1686 τι
338 1645 435 1699 περί
461 1644 677 1696 βασιλίδος
695 1643 897 1683 διανοοῖτο
914 1639 987 1682 καί
1001 1644 1083 1682 τῶν
1099 1644 1261 1684 παίδων
1273 1675 1285 1694 ,
1315 1641 1407 1684 ἀλλ’
1426 1641 1505 1685 ὅσα
1532 1642 1713 1696 μάλιστά

274 1711 363 1753 ἐστι
393 1707 499 1764 πρὸς
528 1710 735 1764 σωτηρίαν
766 1706 839 1749 καί
865 1708 1124 1749 λυσιτέλειαν
1151 1708 1225 1762 τῆς
1253 1703 1404 1764 ἀρχῆς.
1440 1704 1490 1750 ἂν
1523 1710 1563 1749 δ’
1582 1709 1716 1764 ἐκείνη

276 1848 380 1877 erant
402 1842 613 1877 triremibus
639 1847 676 1875 et
697 1841 828 1876 lembis
853 1842 1011 1883 armatis,
1035 1841 1081 1875 ad
1106 1841 1281 1888 palatium
1315 1841 1511 1875 traiiciunt.
1560 1841 1632 1875 Sed
1653 1852 1714 1876 eos

274 1891 444 1923 nonnulli
470 1890 514 1922 de
539 1889 716 1922 militibus
742 1889 969 1933 imperatoris
985 1914 995 1931 ,
1026 1889 1162 1933 populo
1181 1887 1401 1930 adiuvante,
1426 1887 1559 1922 crebris
1585 1888 1713 1921 iaculis

275 1936 323 1970 ad
349 1942 479 1970 terram
508 1936 692 1981 appellere
713 1934 967 1979 prohibebant.
1017 1935 1191 1968 videntes
1217 1936 1396 1974 Galataei,
1420 1946 1457 1968 se
1483 1940 1605 1968 contra
1632 1938 1714 1967 tan·

274 1988 349 2016 tam
374 1984 647 2016 multitudinem
673 1982 864 2023 invalidos,
902 1982 1145 2027 (speraverant
1170 1982 1280 2022 enim,
1304 1982 1479 2027 populum
1506 1991 1569 2025 pro
1598 1981 1715 2027 impe-

273 2030 407 2063 ratrice
436 2030 572 2063 tuenda
596 2029 642 2061 ad
668 2029 764 2073 ipsos
791 2028 1050 2074 acc‘essu1·um,)
1070 2034 1164 2062 retro
1191 2028 1349 2061 abeunt:
1375 2039 1442 2060 nec
1465 2026 1598 2060 deinde
1623 2027 1713 2060 sub-

274 2076 370 2109 sidio
396 2077 521 2110 venire
558 2076 702 2108 audent.
753 2077 952 2119 Imperator
989 2075 1048 2113 die
1075 2075 1141 2108 illo
1166 2075 1262 2107 nihil
1289 2080 1472 2119 praeterea
1507 2084 1574 2106 nec
1599 2074 1711 2114 fecit,

273 2133 343 2156 nec
372 2123 515 2156 locutus
552 2127 619 2159 est.
674 2122 851 2167 Sequenti
891 2122 1103 2166 episcopos,
1147 2123 1354 2167 quicunque
1393 2120 1714 2165 Constantinopoli

273 2169 571 2213 reperiebantur,
609 2173 646 2201 et
682 2169 768 2201 cleri
797 2169 981 2213 principes
1018 2168 1130 2213 cogit:
1162 2179 1202 2201 ac
1225 2168 1378 2212 primum
1405 2167 1552 2211 quidem
1579 2166 1624 2200 de
1648 2167 1708 2209 iis,

275 2226 368 2259 quae
397 2215 496 2249 bello
522 2214 750 2256 accidissent,
776 2215 931 2254 disserit,
958 2214 1056 2261 quod
1081 2225 1199 2258 neque
1231 2225 1249 2246 a
1272 2214 1454 2258 principio
1482 2213 1560 2257 ipse
1595 2213 1712 2247 susci-

272 2262 382 2302 tarit,
414 2273 533 2308 neque
558 2262 684 2294 liberis
717 2261 959 2305 imperatori8‚
987 2259 1305 2306 (quemadmodum
1340 2262 1418 2293 eius
1451 2259 1710 2293 obtrectatores

275 2307 461 2352 garriant‚)
499 2307 650 2341 insidias
685 2308 833 2341 molitus
869 2308 927 2344 sit,
977 2306 1048 2339 Sed
1072 2317 1151 2339 cum
1175 2306 1231 2338 illi
1264 2306 1373 2350 capiti
1406 2316 1471 2340 suo
1497 2306 1712 2340 insidiantes

277 2364 321 2386 ex
346 2353 485 2387 invidia
522 2354 617 2387 illud
654 2355 888 2394 excitassent,
925 2353 1156 2386 facere-vnon
1192 2354 1374 2396 potuisse,
1419 2354 1507 2398 quin
1541 2363 1606 2397 pro
1645 2362 1711 2386 sua

277 2409 495 2444 suorumque
521 2401 635 2432 salute
663 2405 920 2446 propugnaret,
945 2399 1240 2432 ‹et-barbarorum
1265 2410 1411 2445 quoque
1435 2399 1594 2440 auxilia,
1620 2409 1712 2444 quo-

278 2446 379 2479 niam
403 2448 596 2479 necessitas
621 2447 672 2478 ita
699 2447 893 2491 flagitaret,
920 2445 990 2478 sibi
1016 2444 1243 2489 adiunxisse:
1280 2445 1424 2492 quando
1451 2450 1488 2478 et
1512 2446 1582 2489 ipsi
1607 2445 1712 2478 Moe-

280 2502 338 2525 sos
364 2502 405 2523 ac
432 2492 614 2525 'L‘riballos
648 2492 814 2526 similiter
840 2491 1010 2525 barbaros
1039 2492 1258 2525 induxerint.
1309 2492 1419 2537 Quod
1451 2497 1573 2526 autem
1608 2495 1712 2524 tanta

279 2537 379 2571 labes
404 2538 515 2579 faeta,
543 2544 598 2572 tot
609 2539 848 2572 Romanorum
862 2538 958 2583 capti
978 2538 1070 2577 sint,
1099 2549 1158 2571 eos
1182 2539 1221 2571 in
1245 2549 1348 2572 causa
1373 2549 1450 2572 esse
1474 2539 1589 2572 docet.
1616 2537 1711 2581 Tum

282 2595 328 2618 ex
375 2585 463 2628 ipsis
504 2587 590 2619 actis
636 2586 885 2619 testimonium
932 2588 1058 2623 affert,
1103 2596 1140 2618 se
1174 2595 1242 2618 nec
1277 2585 1387 2626 alias,
1425 2595 1492 2618 nec
1531 2585 1568 2617 in
1602 2589 1710 2629 prae-

283 2641 364 2663 sens
389 2631 556 2663 adversus
581 2632 774 2676 Augustam
818 2633 969 2676 eiusque
1004 2631 1138 2664 liberos
1166 2632 1364 2677 quidquam
1398 2630 1529 2664 hostile
1556 2630 1710 2662 medita—

281 2683 360 2712 tum
386 2687 482 2717 esse,
504 2683 566 2711 aut
591 2678 782 2718 meditari,
813 2677 876 2711 scd
901 2688 1138 2724 quaecunque
1171 2678 1324 2722 imperio
1349 2678 1522 2711 salutaria
1546 2672 1709 2721 inpiimis

282 2722 403 2757 forent
435 2728 543 2768 atque
569 2725 685 2758 utilia.
750 2725 814 2758 Sin
847 2725 910 2758 illa
944 2724 1132 2758 inimicum
1163 2725 1318 2760 retineat
1345 2725 1524 2766 animum,
1561 2729 1597 2758 et
1619 2721 1708 2756 resi-
