1812 3132
277 202 295 238 1
317 183 384 249 14
798 190 1172 236 CANTAcqum

77 294 481 354 Α.Ο.ι34ιβασιλεύς.
534 295 635 337 νυνί
665 307 736 345 τε,
773 287 912 347 ὥσπερ
952 290 1043 331 οὐδ’
1073 285 1203 336 αὐτὸς
1231 285 1416 340 ἀγνοεῖς,
1461 286 1513 325 ου’
1540 283 1715 325 τοιαῦτα

267 363 418 418 μόνον,
461 359 568 402 ἀλλὰ
605 361 677 401 καί
704 356 837 411 μείζω
874 357 1013 413 πολλῷ
1040 352 1409 407 καταπράττεσθαι
1452 348 1607 391 δύναιτ’
1638 343 1714 401 ἂν,

269 428 562 471 ἀνυπεύθυνον
588 423 699 478 ἔχων
742 421 818 477 τὴν
846 419 984 476 α’ρχῆν
1012 418 1084 460 καί
1112 418 1197 459 τῶν
1225 412 1475 472 πραγμάτων
1504 409 1714 468 αὐτοκρά-

269 511 352 548 τωρ
391 487 463 534 ὤν.
521 489 629 532 α’λλὰ
671 489 743 530 καί
779 486 897 539 τότε,
941 488 1155 532 πείθοντος
1182 483 1316 524 αὕτοῦ
1341 480 1548 534 βασιλέα,
1579 478 1716 520 κατεί-

270 574 398 614 χοντο
427 557 659 610 δεσμῶται,
688 555 762 610 τῆς
789 569 834 595 τε
864 552 1041 606 ἀνδρίας
1066 549 1361 603 βασκαι’νοντος
1388 547 1462 587 καί
1491 546 1564 599 τῆς
1592 543 1740 588 συνέ-5

272 641 378 673 σεως
415 624 488 665 καί
542 619 599 675 μῆ
644 617 1024 676 παρευδοκιμηθειή
1078 616 1178 668 παρ’
1212 613 1412 664 ἐκείνων,
1453 609 1715 657 δεδοικότος·

276 691 348 731 καί
391 689 464 730 νῦν
506 684 629 728 οὐδὲν
674 681 796 740 ἧττον
837 679 1103 735 διανενόηται
1130 681 1226 734 παρ’
1257 674 1351 719 ὅλον
1381 675 1455 718 τὸν
1482 676 1575 730 βίον
1603 675 1722 716 κατέ-

238 759 265 793 C
278 771 371 810 χειν
402 753 445 795 έν
474 755 650 805 δεσμοῖς.
684 752 808 792 τοῦτο
839 750 884 790 δὲ
914 747 963 787 οὗ
992 745 1295 799 στοχαζόμενος
1321 739 1463 796 εἶπον,
1491 740 1723 796 ἄλλ”οἷκρι-

280 822 366 875 βῶς
392 818 525 867 εἰδώς.
583 814 710 859 οἶσθα
737 813 815 870 γὰρ
835 849 847 867 ,
876 813 933 862 ὥς
962 812 1112 865 πολλῆς
1141 806 1356 861 εὐμενείας
1377 805 1602 849 ἀπολαύων
1622 807 1724 860 παρ’

281 886 415 928 αὕτοῦ
462 882 535 925 καί
570 884 654 924 τῶν
683 878 930 936 ἀπορρήτων
972 876 1178 918 κοινωνῶν
1207 870 1345 931 αὐτῷ,
1375 867 1434 915 ὧν
1463 870 1531 914 διὰ
1560 871 1636 926 τὴν
1663 871 1777 919 εἷςιο

281 952 394 1004 ὑμᾶς
424 944 590 991 εὔνοιαν
618 942 968 1001 καταπεφρόνηκα
996 940 1090 984 νυνί
1106 974 1117 994 ,
1156 937 1292 980 πάντα
1331 939 1513 994 α’κριβῶς
1551 936 1726 979 σύνοιδα

283 1018 418 1074 αὐτῷ,
449 1011 549 1056 ὅθεν
570 1014 657 1055 οὐδ’
676 1012 867 1053 οἷπιστεῖν
894 1010 990 1063 ἐμοὶ
1014 1005 1175 1062 χρεών,
1206 1003 1313 1046 α’λλά
1341 1002 1623 1058 βουλεύεσθαι
1651 999 1727 1056 τὴν

273 1083 506 1136 ταχίστην,
537 1081 614 1128 ἕως
642 1079 736 1120 ἐστὶ
760 1075 928 1131 καιρὸς,
975 1073 1026 1115 οὔ
1056 1069 1182 1125 μόνον
1210 1068 1310 1119 τούς
1334 1070 1489 1118 παῖδας
1515 1068 1728 1110 α’παλλάτ-

155 1151 277 1197 V.329
290 1164 372 1190 τειν
400 1148 483 1188 τῶν
511 1145 673 1196 κακῶν,
706 1140 810 1183 ἀλλά
841 1142 914 1182 καί
941 1140 1102 1196 σεαυτῷ
1131 1135 1207 1192 τὴν
1226 1134 1450 1189 Ῥωμαίων
1469 1133 1629 1190 ἀρχὴν,
1662 1130 1731 1175 σοὶ

284 1215 471 1267 μάλιστα
499 1208 791 1266 προσήκουσαν
817 1208 900 1248 τῶν
930 1205 1114 1257 πάντων,
1143 1207 1388 1259 περιποιεῖν.
1441 1202 1563 1242 τοῦτο
1593 1200 1783 1243 &gn-15

289 1295 362 1335 ρον
395 1276 548 1332 τρόπον
576 1272 782 1316 α’δύνατον
812 1273 1006 1326 γενέσθαι
1028 1302 1041 1323 ,
1090 1271 1129 1311 εἰ
1155 1267 1214 1323 μὴ
1244 1266 1440 1324 πρότερος
1483 1267 1636 1312 ἐκεῖνος
1663 1265 1729 1305 ἐκ·

289 1345 464 1398 βληθείη
494 1342 576 1382 τῶν
603 1337 858 1393 πραγμάτων
884 1338 956 1390 τῆς
996 1335 1142 1388 ἀρχῆς.
1200 1334 1327 1374 ἐκεῖνο
1356 1333 1402 1373 δὲ
1429 1330 1552 1372 πάλιν
1579 1325 1732 1383 ἑτέρως

247 1409 368 1451 Βοῦκ
406 1409 588 1461 ἐγχωρεῖ
598 1438 608 1456 ,
651 1405 690 1444 εἰ
723 1401 781 1457 μὴ
825 1399 953 1450 αὐτὸς
994 1395 1295 1451 ἐκπολεμώσεις
1331 1397 1470 1453 ἐκείνῳ
1506 1395 1732 1449 βασιλίδα,

293 1474 351 1523 ὥς
377 1471 581 1528 ἁρπάζειν
606 1469 680 1524 τὴν
708 1470 928 1522 βασιλείαν
958 1466 1254 1516 διανοουμένου
1274 1460 1477 1504 κατειπών
1504 1462 1577 1501 καί
1603 1456 1734 1513 αὐτὴν

294 1541 367 1580 καί
391 1539 545 1585 παῖδας
588 1535 865 1590 διαφθείρειν,
922 1527 1152 1582 α’ξιώτατος
1190 1530 1225 1569 δ’
1255 1524 1305 1569 ἂν
1334 1525 1420 1581 εἴης
1458 1523 1787 1572 πιστεύεσθαιῃο

294 1607 396 1659 παρ’
424 1602 529 1657 αὐτῇ
546 1634 559 1653 ,
584 1596 632 1641 οὗ
661 1597 788 1651 μόνον
818 1596 875 1645 ὥς
901 1594 951 1637 τὰ
977 1595 1288 1648 βεβουλευμένα
1308 1595 1366 1650 τῷ
1382 1591 1557 1647 γαμβρῷ
1584 1590 1734 1645 σαφῶς

297 1667 444 1721 εἰδώς,
484 1666 570 1708 ἀλλ’
616 1661 673 1713 ὥς
715 1664 787 1705 καί
813 1659 978 1718 φύσεως
1006 1656 1135 1715 αὖτῆς
1162 1657 1266 1715 ὑπὲρ
1295 1660 1365 1714 τῆς
1393 1658 1453 1707 εἰς
1479 1657 1634 1710 ἐκεί-νην
1661 1652 1734 1696 εὔ-

397 1790 448 1823 ¹9·
473 1773 647 1820 βασιλίδα
674 1772 712 1808 P.

301 1880 386 1906 vero
420 1866 476 1913 (id
500 1865 599 1911 quod
624 1874 691 1898 nec
722 1869 759 1897 te
792 1861 899 1907 latet)
933 1872 1007 1895 non
1040 1861 1128 1895 talia
1161 1861 1298 1902 solum,
1336 1860 1400 1894 sed
1434 1862 1550 1894 multo
1589 1871 1736 1906 quoque

301 1915 438 1948 maiora
474 1916 612 1958 potest,
652 1909 794 1955 quando
832 1909 921 1952 gesti
958 1909 1101 1952 imperii
1135 1907 1314 1941 rationem
1348 1918 1422 1940 non
1455 1908 1656 1951 reposcitur
1702 1912 1740 1940 et

304 1961 439 2000 habet,
483 1968 576 2004 quae
617 1958 695 1991 vult
728 1953 910 1988 statuendi
947 1955 1196 1987 auctoritatem
1234 1955 1378 1997 plenam
1424 1958 1534 1998 atque
1573 1954 1739 1990 liberam.

306 2008 408 2052 Quin
432 2005 495 2038 ille
528 2011 604 2038 tum
641 2013 787 2048 quoque
819 2002 1071 2046 imperatorem
1109 2000 1278 2044 impulit,
1311 2004 1352 2032 ut
1386 1999 1424 2032 in
1451 2000 1592 2032 vincula
1618 2000 1739 2034 trade-

307 2059 455 2091 rentur,
491 2062 572 2084 cum
597 2060 721 2082 eorum
744 2048 869 2080 virtuti
897 2046 1186 2091 prudentiaeque
1209 2046 1388 2080 invideret
1415 2056 1475 2086 ac,
1507 2057 1553 2079 ne
1579 2047 1740 2080 claritate

306 2099 464 2133 nominis
491 2097 537 2131 ab
574 2095 630 2128 his
666 2098 916 2139 superaretur,
953 2097 1139 2125 metueret.
1188 2092 1293 2126 Nunc
1316 2091 1434 2126 nihilo
1465 2095 1584 2127 minus
1619 2090 1741 2136 quoad

306 2144 487 2183 vixerint,
516 2143 555 2174 in
576 2140 742 2174 custodia
766 2150 826 2174 eos
852 2139 1056 2184 relinquere
1082 2139 1250 2175 decrevit.
1299 2139 1395 2172 Haec
1434 2150 1509 2171 non
1546 2151 1590 2172 ex
1620 2140 1743 2173 conie-

309 2196 434 2230 ctura,
468 2188 532 2221 sed
567 2199 612 2220 ex
648 2192 742 2220 certa
778 2185 926 2217 scientia
963 2195 983 2216 a
1016 2195 1073 2217 me
1099 2184 1279 2222 dicuntur,
1327 2185 1432 2217 Nosti
1462 2196 1642 2230 namque,
1670 2197 1743 2231 quo

312 2238 393 2271 loco
418 2234 514 2281 apud
548 2234 652 2266 illum
688 2231 839 2273 fuerim3
874 2230 1056 2276 quomodo
1092 2231 1179 2263 item
1215 2241 1343 2264 arcana
1373 2241 1437 2263 sua
1473 2231 1563 2265 mihi
1598 2231 1743 2265 credere

315 2284 442 2316 solitus
468 2281 533 2323 sit3
571 2290 679 2326 quem
701 2279 876 2312 honorem
911 2277 982 2310 iam
1022 2277 1131 2310 vestri
1165 2276 1285 2310 studio
1316 2278 1525 2322 contempsi.
1574 2277 1745 2311 Omnium

317 2330 394 2362 eius
431 2332 646 2362 secretorum
681 2325 720 2358 in
753 2323 876 2368 primis
909 2323 1070 2355 conscius
1103 2332 1191 2356 sum.
1248 2324 1369 2368 Quare
1402 2335 1476 2357 non
1510 2325 1600 2358 mihi
1632 2323 1744 2358 dene·

317 2374 433 2420 ganda
461 2373 547 2406 fides
562 2397 572 2412 ,
595 2371 659 2404 sed
679 2382 777 2410 mox,
812 2370 898 2403 dum
923 2374 1064 2413 tempus
1087 2369 1198 2409 sinit,
1226 2369 1442 2403 conferenda
1467 2371 1644 2411 consilia,
1669 2381 1745 2404 non

317 2427 472 2460 tantum,
498 2417 678 2463 quomodo
703 2417 770 2450 filii
797 2425 966 2448 aerumna
997 2415 1181 2454 leventur,
1211 2416 1277 2450 sed
1302 2418 1433 2456 etiam,
1470 2415 1652 2462 quomodo
1675 2417 1746 2449 im-

318 2467 459 2511 perium
480 2466 551 2499 tibi
585 2474 671 2509 prae
703 2461 871 2496 omnibus
906 2461 1061 2494 maxime
1094 2467 1217 2505 aptum
1253 2468 1291 2496 et
1320 2464 1539 2498 conveniens
1569 2463 1746 2508 acquiras.

314 2513 425 2557 Quod
449 2512 554 2546 aliter
578 2510 658 2542 fieri
680 2509 890 2554 neutiquam
917 2512 1057 2551 potest,
1087 2518 1194 2552 quam
1220 2510 1249 2541 si
1275 2509 1352 2554 ipse
1375 2510 1474 2554 prius
1500 2510 1652 2553 imperio
1679 2509 1747 2542 de-

315 2559 493 2594 turbetur.
548 2557 666 2600 Atque
698 2554 767 2588 hoc
798 2565 938 2588 rursum
968 2563 1042 2586 non
1081 2554 1175 2594 erit,
1209 2555 1280 2588 nisi
1315 2561 1355 2589 tu
1389 2556 1582 2600 Augustam
1619 2555 1747 2589 hostili

316 2605 417 2638 illius
447 2604 532 2636 odio
557 2603 721 2635 imbuas:
757 2598 975 2639 accusando,
1013 2599 1183 2645 inquam,
1220 2603 1322 2646 quasi
1358 2602 1422 2649 qui
1453 2601 1644 2646 imperium
1685 2612 1749 2635 ra-
1788 2614 1791 2615 ⁷

315 2661 402 2695 pere
427 2650 614 2694 ipsamque
640 2658 721 2682 cum
747 2647 872 2680 liberis
898 2644 1077 2680 trucidare
1112 2646 1348 2681 machinetur.
1398 2647 1594 2682 Tribuetur
1624 2653 1747 2682 autem

316 2696 387 2730 tibi
417 2695 504 2728 fides
529 2695 703 2734 maxima,
744 2697 820 2726 tum
849 2692 936 2737 quia
957 2702 1057 2724 socer
1079 2694 1201 2735 generi
1227 2695 1382 2739 cogitata
1415 2699 1452 2727 et
1471 2688 1606 2728 'sensus
1634 2682 1750 2738 probe

318 2743 427 2782 scias,
449 2746 527 2774 tum
553 2740 639 2786 quia
664 2745 826 2773 naturam
852 2738 965 2784 ipsam
991 2748 1076 2783 prae
1102 2738 1224 2772 studio
1249 2741 1289 2773 in
1318 2741 1417 2774 illam
1429 2746 1465 2774 et
1489 2740 1606 2774 filium
1632 2742 1750 2784 impe-

319 2794 473 2825 ratorem
498 2788 598 2834 parvi
622 2785 781 2833 pendere
804 2785 904 2823 visus
930 2785 1010 2820 eris.
1059 2784 1220 2822 Tametsi
1254 2787 1388 2823 dixerit
1418 2786 1573 2834 aliquis,
1607 2787 1753 2825 ruinam
