1800 3138
518 177 893 220 HISTORIARUM
933 181 1003 220 111.
1035 181 1102 225 33.
1407 179 1508 215 201

88 278 168 333 γὰρ
199 277 354 320 ἐκείνου
381 272 583 331 στρατιὰν
609 279 746 333 πολλῷ
771 278 827 333 τῷ
854 277 991 334 μέτρῳ
1011 280 1083 332 τῆς
1104 278 1268 318 ἐκείνων
1285 276 1559 331 ὑπερέχεινΆ.
1575 286 1611 321 C.
1630 286 1715 332 1342

91 344 182 384 ἀλλ’
211 343 375 397 ὁρῶντα
407 339 479 383 τὸν
507 339 713 393 πόλεμον,
754 340 812 389 ὥς
837 340 1027 394 μεγάλων
1055 341 1172 383 ἔσται
1199 344 1428 397 συμφορῶν
1455 339 1523 383 αἴ-

88 423 172 456 τιος
191 406 426 460 Ῥωμαίοις,
457 408 529 447 καί
560 404 774 447 δεδοικότα
804 404 880 459 την
913 409 1071 447 ἐκεῖθεν
1098 409 1361 459 βεβιωμένων
1388 407 1526 460 βάσα-

91 488 161 514 νον
190 469 426 526 ιίνθρώποις
466 471 680 525 μηδεμίαν
718 468 775 518 ὥς
821 466 950 511 οἷόντε
977 468 1160 523 μάλιστα
1185 473 1229 512 ἐν
1245 476 1332 520 τοῖς
1346 473 1526 527 προσδο-

63 538 288 589 5κωμένοις
329 541 468 585 κακοῖς
508 534 646 577 αἰτίαν
686 537 949 590 παρέχεσθαι
987 538 1229 590 πειρᾶσθαι.
1283 535 1330 577 ὃν
1358 537 1405 578 δὲ
1433 538 1523 578 κατ’

93 603 226 643 αὐτοῦ
251 603 384 651 ἐξεῖπε
412 599 485 642 καί
506 601 588 642 τῶν
614 602 822 642 συνόντων
851 597 1106 655 ἐφορισμὸν,
1135 600 1327 654 ἡγεῖσθαι
1343 603 1421 654 μὲν
1440 602 1525 642 δει-

91 665 177 719 νὸν,
201 668 289 715 πῶς
314 665 394 722 γὰρ
425 662 499 718 οὗ,-
529 667 652 707 οὕὸὲν
680 667 726 707 δὲ
755 662 861 707 εἶναι
889 663 994 719 πρὸς
1020 665 1164 706 αὐτόν.
1226 667 1266 707 εἰ
1289 666 1368 721 γάρ
1398 669 1522 719 βασι-
1536 676 1568 710 Ρ.
1583 675 1649 720 457

91 732 210 785 λέως,
239 728 378 785 ὥσπερ
409 729 535 773 αὖτοί
557 747 708 787 φασιν,
747 728 1023 783 ἐπεβούλευσε
1047 735 1131 779 τοῖς
1158 731 1303 772 παισίν
1333 731 1524 786 ἐπιορκή-

91 812 182 848 σας,
211 792 320 849 εἶχεν
343 793 396 838 ἄν
419 812 512 838 τινα
541 794 645 850 πρὸς
674 798 828 837 ἐκεῖνον
858 793 1036 847 δύναμιν
1062 793 1115 835 τὰ
1143 796 1352 849 εἰρημένα.
1406 798 1446 838 εἰ
1479 798 1526 838 δὲ

36 858 246 904 ἰοτοότων
271 862 349 914 μὲν
376 857 498 903 οὐδὲν
526 855 620 903 οὔτε
649 860 865 916 εἴργαστο,
900 854 992 901 οὔτε
1020 858 1288 914 ἐνεθυμήθη,
1331 862 1524 913 ἐμμένον-

94 941 165 975 τος
186 926 234 967 δὲ
255 928 389 968 αὐτοῦ
417 933 502 974 τοῖς
528 928 711 981 ἑξαρχῆς
741 924 814 967 καί
833 924 933 973 τούς
960 921 1110 980 ὅρκους
1136 927 1358 979 τηροῦντος
1381 925 1526 979 βεβαί-

92 1007 162 1044 ως,
189 990 272 1033 ὑπὸ
303 991 464 1048 φθόνου
496 994 570 1033 καί
595 993 877 1046 συκοφαντίας
904 990 1028 1032 αὐτοὶ
1051 993 1315 1044 κεκινημένοι,
1341 989 1419 1044 τήν
1443 993 1526 1032 πᾶ-

94 1070 175 1099 σαν
199 1056 417 1109 Ῥωμαίων
443 1055 667 1110 ἡγεμονίαν
703 1059 779 1097 νῦν
805 1071 848 1097 τε
876 1051 957 1110 ἤδη
984 1056 1209 1110 νεμομένην
1235 1058 1308 1097 καί
1333 1054 1393 1097 ἔτι
1418 1057 1527 1109 μᾶλ-

91 1126 164 1164 λον
191 1121 511 1177 δαπανήσουσαν
538 1117 709 1176 ἤγειραν
738 1120 898 1176 φλόγα,
926 1115 988 1176 ιἢν
1023 1119 1084 1175 μὴ
1111 1120 1212 1169 θεὸς
1241 1118 1405 1163 ἄνωθεν
1435 1119 1526 1162 ἑπι-

42 1185 253 1241 ἰὄβλέψας
276 1189 396 1229 ἵλεων
415 1189 669 1244 κατασβέσῃ,
702 1189 940 1241 σκοπητέον,
968 1187 1009 1227 εἰ
1031 1183 1091 1240 μὴ
1119 1186 1276 1238 μᾶλλον
1304 1186 1459 1238 αὐτοῖς,
1490 1181 1520 1240 ἢ

90 1251 231 1309 ἐκείνῳ
257 1250 302 1294 τὸ
335 1252 417 1293 ἀπὸ
442 1253 549 1293 θεοῦ
571 1252 832 1308 χωρίζεσθαι
874 1249 1098 1307 προσήκει,
1144 1257 1232 1300 τοῖς
1274 1252 1418 1299 αἰτίοις
1444 1253 1527 1292 τῶν

93 1320 230 1359 κακῶν
253 1321 548 1372 γεγενημένοις.
605 1319 659 1358 ου’
684 1315 764 1373 γὰρ
793 1319 969 1359 ἕπεσθαι
996 1315 1044 1358 τὸ
1074 1319 1190 1358 θεῖον
1214 1321 1307 1365 ταῖς
1337 1314 1560 1371 παραλό-Β

91 1399 180 1437 γοις
209 1384 292 1424 τῶν
321 1380 550 1438 ἀρχιερέων
567 1382 739 1437 ὁρμαῖς,
768 1382 990 1431 Διονύσιος
1018 1379 1042 1422 ὅ
1069 1383 1200 1435 μέγας
1226 1382 1529 1437 ἀπεφθέγξατο.

95 1443 222 1496 αὖθίς
249 1463 294 1489 τε
321 1449 475 1500 ἐδεῖτο,
503 1448 554 1490 τά
582 1464 626 1490 τε
654 1449 780 1503 μέχρι
808 1448 882 1489 νῦν
913 1448 1193 1502 τετολμημένα
1221 1445 1444 1489 συνιδόντα
1474 1444 1531 1496 ὥς

44 1511 235 1565 zedam,
277 1515 350 1554 καί
390 1511 439 1554 τὰ
466 1514 666 1564 μέλλοντα
692 1509 748 1562 ὦς
772 1513 909 1569 πολλῷ
938 1514 996 1569 τῷ
1025 1514 1163 1570 μέτρῳ
1192 1513 1326 1566 χείρω
1353 1513 1531 1566 προσδο-

97 1580 234 1630 κᾶται,
262 1574 376 1631 ἥκειν
402 1576 506 1632 πρὸς
535 1576 662 1631 αὐτην
691 1579 762 1618 καί
788 1574 974 1618 διαλύειν
1000 1575 1076 1625 τας
1102 1576 1327 1631 συμφορὰς
1348 1576 1531 1629 Ῥωμαί-

100 1658 185 1696 οις,
225 1642 353 1696 μόνον
385 1637 483 1684 ὄντα
511 1640 690 1683 δυνατὸν
721 1640 773 1683 τὰ
799 1643 974 1683 τοιαῦτα
1002 1640 1376 1695 καταπράττεσθαι.
1432 1642 1472 1682 εἰ
1493 1643 1528 1682 δ’

101 1703 196 1760 οὖν,
241 1703 332 1748 ἀλλ’
378 1708 491 1764 αὐτῷ
519 1708 596 1760 μὲν
635 1703 746 1748 ἅπαν
781 1705 996 1762 εἴργασται
1032 1703 1078 1748 τὸ
1110 1707 1204 1746 δέον
1232 1704 1335 1760 πρός
1361 1721 1406 1747 τε
1431 1706 1531 1747 θεὸν

102 1851 188 1897 quia
219 1861 297 1883 cum
330 1850 466 1883 bellum
498 1849 567 1882 hoc
603 1851 768 1883 Romanis
804 1850 921 1883 clades
956 1850 1118 1894 ingentes
1140 1849 1362 1882 invecturum
1390 1850 1531 1894 prospi-

102 1898 175 1931 ciat
199 1902 236 1930 ct
259 1901 408 1936 metuat,
431 1907 536 1941 quam
563 1898 601 1929 in
630 1897 750 1929 futuro
777 1896 920 1930 sacculo
949 1895 1156 1928 hominibus
1181 1896 1362 1928 actionum
1386 1907 1530 1928 suarum

101 1942 538 1978 rationem.reddendam
570 1944 683 1982 sciat,
722 1943 898 1975 malorum
940 1943 1184 1985 ingruentium
1223 1952 1344 1974 ansam
1381 1941 1530 1983 nullam,

102 1995 276 2034 quantum
309 1990 464 2022 maxime
502 1988 580 2020 fieri
616 1989 751 2033 possit,
785 1989 965 2034 porrigere
998 1993 1157 2021 conetur.
1206 1987 1314 2032 Quod
1345 1992 1463 2020 autem
1491 1998 1530 2020 se

104 2041 141 2068 et
163 2047 245 2068 suos
268 2034 497 2068 anathemate
528 2035 653 2068 inferis
679 2035 885 2075 devoverit,
922 2034 991 2067 sibi
1019 2034 1165 2079 quidem
1193 2033 1366 2067 horribile
1390 2033 1529 2078 videri;

106 2088 144 2115 et
167 2084 318 2116 merito:
343 2087 587 2114 verumtamen
610 2081 705 2114 nihil
731 2081 777 2114 ad
798 2092 836 2115 se
860 2082 1053 2126 pertinere,
1102 2080 1139 2113 Si
1178 2081 1274 2113 enim
1304 2080 1531 2124 imperatoris

105 2127 268 2161 defuncti
292 2127 430 2167 liberis,
455 2127 686 2160 iureiurando
710 2128 858 2166 violato,
882 2126 1030 2159 insidias
1054 2127 1198 2160 molitus
1222 2127 1289 2165 sit,
1315 2130 1355 2158 ut
1377 2127 1447 2169 ipsi
1473 2127 1531 2158 di-

106 2175 260 2214 ctitant,
294 2174 558 2207 accusationem
590 2173 731 2218 aliquid
765 2175 883 2206 valere
922 2174 1094 2217 potuisse.
1144 2173 1182 2205 Si
1209 2177 1329 2205 autem
1355 2172 1533 2206 eiusmodi

106 2220 203 2253 nihil
234 2230 351 2265 neque
389 2220 536 2261 fecerit,
572 2230 692 2265 neque
717 2221 907 2265 cogitarit,
936 2223 973 2251 et
994 2217 1039 2251 ab
1067 2219 1172 2253 initio
1200 2219 1393 2252 constituta
1417 2229 1533 2253 serva·-

106 2266 200 2299 verit
235 2271 510 2311 constanterque
545 2277 589 2299 ex
622 2267 822 2300 iuramento
861 2277 899 2299 se
931 2265 1100 2309 gesserit:
1139 2275 1216 2297 cum
1246 2265 1316 2309 ipsi
1335 2264 1472 2298 invidia
1495 2269 1534 2298 et

109 2312 391 2346 obtrectatorum
424 2313 558 2345 voculis
598 2313 788 2352 commoti,
823 2312 1029 2345 universum
1062 2311 1255 2344 Romanum
1282 2311 1475 2354 imperium
1501 2316 1538 2344 et

109 2368 206 2391 nunc
232 2357 481 2401 depascentem
504 2358 678 2392 flammam
703 2365 740 2392 et
764 2358 848 2404 (nisi
875 2358 972 2391 Deus
998 2356 1042 2390 de
1074 2358 1175 2391 coelo
1207 2357 1385 2401 propitius
1423 2357 1535 2401 respi-

111 2407 209 2438 ciens
247 2415 323 2437 eam
355 2405 588 2448 restinxerit)
622 2405 731 2450 magis
766 2405 994 2449 ‹lepasturam
1037 2404 1294 2441 excitaverint,
1330 2401 1536 2443 videndum,

112 2450 244 2495 ecquid
267 2461 342 2484 non
370 2451 480 2494 magis
505 2452 621 2495 ipsos,
648 2456 775 2494 utpote
800 2451 975 2483 malorum
1004 2459 1126 2482 causas
1152 2454 1189 2482 et
1214 2448 1402 2493 originem,
1426 2460 1535 2493 quam

112 2507 150 2530 se
176 2508 197 2529 a
222 2497 298 2530 Deo
327 2496 463 2529 secludi
486 2507 641 2542 aequum
666 2497 721 2530 sit.
768 2496 858 2529 Nam
880 2495 1040 2528 divinum
1066 2506 1200 2528 numen
1233 2506 1307 2528 non
1330 2495 1433 2540 sequi
1457 2496 1537 2539 epi-

113 2553 302 2587 scoporum
333 2542 468 2575 alienas
497 2554 516 2575 a
541 2549 635 2577 recta
672 2543 811 2578 ratione
836 2542 1065 2582 affectiones,
1096 2542 1276 2585 praeclare
1298 2541 1432 2573 dictum
1459 2552 1536 2575 csse

115 2601 134 2622 a
159 2600 285 2633 magno
310 2589 496 2631 Dionysio.
521 2588 574 2623 Ad
604 2594 799 2623 extremum
823 2588 983 2634 petebat,
1012 2592 1063 2626 ut,
1086 2586 1379 2632 quandoquidem
1402 2592 1536 2627 nosset,

115 2639 154 2667 et
175 2634 359 2680 hucusque
384 2640 585 2679 perpetrata
610 2647 716 2680 quam
741 2640 860 2669 essent
889 2635 1019 2678 gravia,
1034 2637 1070 2665 et
1092 2633 1215 2667 multis
1239 2632 1353 2666 modis
1379 2634 1537 2677 graviora

116 2682 333 2726 exspectari,
358 2683 550 2724 Augustam
577 2682 694 2716 adiret
722 2687 759 2715 et
782 2681 960 2714 aerumnis
986 2680 1221 2712 Romanorum
1245 2679 1351 2712 finem
1374 2681 1539 2724 impone-

117 2732 194 2768 ret;
220 2727 400 2772 siquidem
423 2727 462 2761 id
490 2727 624 2762 efficere
648 2729 744 2762 solus
772 2732 900 2772 posset.
945 2726 982 2758 Si
1010 2725 1203 2766 detrectet,
1228 2726 1352 2759 saltem
1375 2737 1411 2759 se
1430 2726 1540 2770 quid·

120 2772 207 2818 quid
233 2772 411 2810 ,debuerit
446 2784 524 2808 cum
553 2786 633 2819 erga
665 2775 779 2810 Deum
795 2800 803 2816 ,
833 2779 908 2807 tum
935 2783 1013 2817 erga
1039 2782 1098 2806 eos
1121 2797 1131 2814 ,
1155 2772 1219 2817 qui
1245 2782 1341 2806 nunc
1374 2782 1448 2806 rem
1472 2773 1540 2805 Ro-
