1800 3132
506 186 883 232 msTomARUM
922 191 995 230 ιιι,
1024 190 1094 234 63.
1415 169 1526 226 385

84 306 131 346 δὲ
160 299 183 346 ὅ
210 304 341 358 μέγας
373 302 468 343 §nst
491 299 628 354 μάθοι
653 298 754 349 τούς
783 300 1028 355 βαρβάρους
1056 298 1252 350 ἐπιόντας
1262 335 1274 354 ‚
1322 302 1399 344 δύο
1443 303 1729 352 τῶνΑ.ῦ.ι343

84 371 288 425 τριηρέων
334 369 379 409 ἐν
421 365 704 422 Θεσσαλονίκῃ
739 365 1012 420 καταλιπών,
1059 366 1296 409 ἀπέπλευσε
1324 374 1415 417 ταῖς
1443 370 1534 410 ἐπι-

83 439 242 485 λοίποις
271 436 330 483 εἷς
356 432 601 484 Βυζάντιον,
630 432 773 479 δείσας
811 430 870 485 μή
909 428 992 472 ὑπό
1023 448 1067 472 τε
1096 435 1180 474 ταῖν
1206 432 1437 488 βαρβάρων
1464 437 1537 477 καὶ

83 503 286 556 βασιλέως
307 501 351 541 ἐν
366 499 648 554 Θεσσαλονίκῃ
669 501 937 551 πολιορκοῖτο.
969 496 1127 553 Ἀμοὺρ
1150 499 1195 539 δὲ
1211 501 1368 558 Εὐβοίᾳ
1395 502 1534 542 ἐνδια-

58 565 237 623 ὄτριβων
258 563 330 607 διά
355 565 439 606 τῶν
472 565 638 616 α’νέμων
662 560 738 616 τὴν
767 562 1022 613 α’ντίπνοιαν,
1052 564 1353 618 ἐδυσχέραινεν
1386 566 1462 606 οὐκ
1483 565 1535 606 ιῖ-

81 633 244 681 νεκτῶς.
263 628 433 683 συμβὰν
451 630 497 671 δέ
515 645 554 670 τι
576 627 648 670 καί
665 629 806 683 ἕτερον
818 628 870 668 ου’
889 631 1070 684 μετρίως
1088 627 1257 671 ἔπειθεν
1273 631 1534 684 α’γανακτεῖν.

82 699 130 740 ἐκ
147 697 229 753 γὰρ
251 698 444 738 Πτελεοῦ
471 696 617 736 πλοίου
642 695 953 749 συλληφθέιτος
975 695 1050 734 καί
1078 695 1162 735 τῶν
1179 693 1464 748 αἰχμαλώτων
1482 693 1536 737 ἆ-

80 764 267 817 γομένων
296 759 400 816 πρὸς
434 758 587 812 αὐτὸν,
631 756 916 809 ἐπυνθάνετο,
958 758 1002 800 εἴ
1024 776 1065 800 τι
1099 760 1249 801 εἰδεῖεν
1277 760 1378 816 περὶ
1410 765 1536 814 βασι-

81 829 198 877 λέως.
255 825 294 868 οἱ
319 827 356 867 δ’
383 824 552 882 ἔφασαν
571 857 584 878 ,
631 822 698 866 ὅτι
725 825 852 866 τινῶν
879 826 926 866 ἐκ
958 826 1263 880 Θεσσαλονικης
1292 826 1536 881 ἀφιγμένων

34 891 188 949 ιοπρὸς
230 889 387 942 αὐτοὺς
423 889 650 944 πύθοιντο,
710 890 768 938 αἱς
807 889 831 930 ὅ
874 890 1006 944 μέγας
1048 889 1152 941 δοὺξ
1204 891 1362 946 πολλὴν
1421 887 1534 946 ἄγων

81 959 259 1012 δύναμιν
289 955 463 1012 ἱππικήν
491 972 536 999 τε
565 954 658 1009 ἅμα
704 955 778 997 καί
814 954 945 1010 πεζήν
978 958 1050 997 καί
1086 958 1262 1012 Πέρσας
1289 956 1392 999 κατὰ
1426 974 1536 1011 συμ-

79 1026 271 1078 μαχιάν,
298 1027 471 1078 βασιλεῖ’
491 1025 550 1081 τῷ
582 1023 924 1080 Καντακουζηνῷ
962 1020 1326 1078 έπιστρατεύσειεν
1365 1019 1453 1065 ὄντι
1490 1025 1578 1065 §vc

81 1088 292 1147 Βεῤῥοίᾳ·
335 1089 460 1130 πλέον
501 1090 548 1130 δὲ
589 1089 723 1143 μηδὲν
764 1088 934 1130 εἰδέναι.
991 1087 1013 1129 ὅ
1044 1090 1090 1129 δὲ
1119 1089 1165 1130 ἐκ
1195 1091 1278 1130 τῶν
1304 1091 1536 1143 λεγομένων

81 1153 384 1210 στοχαζόμενος
411 1155 456 1196 ἒν
489 1153 620 1208 οἷγῶνι
651 1149 761 1195 εἶναι
786 1154 966 1207 βασιλέα
989 1184 1000 1204 ,
1033 1156 1193 1206 μᾶλλον
1221 1155 1534 1209 ἐδυσχέραινεν,

32 1218 147 1264 155'u
172 1219 232 1276 μὴ
258 1222 419 1274 ταχέως
444 1216 531 1274 εἶχε
557 1222 746 1274 βοηθεῖν.
804 1221 851 1260 ἐκ
879 1222 964 1261 τῶν
993 1217 1174 1275 ἀρίστων
1214 1221 1261 1261 δὲ
1302 1223 1386 1262 τῶν
1415 1224 1535 1275 Περ-

83 1288 168 1329 σῶν
195 1285 416 1340 ἐκκλησίαν
443 1286 728 1340 συναθροίσας
756 1286 830 1326 καί
855 1285 1080 1341 παρελθών
1109 1284 1236 1335 αὐτὸς
1264 1288 1323 1334 εἰς
1348 1287 1505 1339 μέσους
1521 1318 1535 1338 ,

82 1351 194 1403 ἔλεξε
212 1352 369 1393 τοιάδε.
423 1349 614 1405 ,,πολλὴν
647 1346 792 1392 ἄνοιαν
821 1349 901 1405 ἐγώ
928 1351 1002 1392 καί
1027 1352 1257 1407 ἀνανδρίαν
1273 1354 1433 1394 ἐκείνου
1463 1368 1533 1392 κα-

83 1419 405 1474 ταψηφισαιμην
434 1414 514 1469 ἂν,
561 1412 675 1466 ὅστις
714 1417 790 1458 ἐπί
810 1434 853 1458 τι
881 1417 1126 1472 ὡρμημένος
1146 1452 1158 1472 ‚
1185 1418 1242 1472 μή
1274 1417 1407 1460 πάντα
1438 1416 1536 1458 δεύ-

87 1500 192 1539 τερα
221 1480 384 1537 ἡγοῖτο,
428 1484 537 1537 μηδὲ
567 1485 708 1524 πᾶσαν
737 1485 924 1537 φαίνοιτο
952 1483 1144 1538 σπουδὴν
1173 1483 1535 1537 ἐπιδεικνύμενος,

34 1546 196 1595 ιιοαῗστε
236 1544 352 1603 ἄγειν
381 1549 440 1596 εἰς
479 1547 600 1604 ἔργον
638 1546 689 1589 τά
718 1550 1043 1601 βεβουλευμένα.
1099 1551 1139 1590 εἰ
1164 1548 1246 1604 γὰρ
1274 1552 1420 1602 μέλλοι
1449 1555 1537 1598 τοῖς

87 1618 167 1670 μὲν
186 1616 232 1656 ἐκ
255 1616 330 1656 τοῦ
358 1611 517 1671 ῥᾴστου
549 1614 874 1668 περιγινομένοις
901 1614 1131 1668 ἐπιχειρεῖν
1148 1647 1160 1666 ,
1192 1611 1244 1655 ἂν
1276 1616 1322 1656 δέ
1353 1631 1396 1655 τι
1423 1631 1531 1668 συμ-
1549 1626 1580 1660 D

88 1682 213 1737 βαίνῃ
242 1677 440 1732 κώλυμα,
482 1675 511 1734 ἢ
548 1675 809 1720 παντάπασιν
852 1679 1161 1734 ἀπαγορεύειν,
1193 1674 1219 1733 ἢ
1256 1675 1426 1731 ἇμελεῖν
1449 1696 1536 1731 μα·-

89 1743 361 1799 λακιζόμενον
408 1742 483 1786 καί
507 1744 744 1800 περιμένειν
786 1741 863 1799 τήν
895 1740 976 1786 ἆπὸ
1018 1746 1101 1786 τῶν
1131 1743 1386 1800 πραγμάτων
1412 1742 1537 1798 ἐκβαα

187 1858 238 1882 ιο.
265 1841 384 1882 αὐτὸν
407 1846 470 1880 καὶ
498 1843 688 1881 πύθοιντο
714 1845 749 1879 Ρ.

92 1952 177 1994 ubi,
207 1954 325 1987 ventis
351 1950 540 1986 contrariis
576 1947 826 1996 surgentibus,
871 1962 935 1996 per
970 1948 1048 1984 dies
1084 1961 1158 1984 non
1191 1962 1324 1996 paucos
1358 1950 1534 1985 substitit.

93 2004 241 2046 Magnus
267 1999 352 2040 dux,
399 1999 534 2032 infesto
559 1999 792 2032 barbarorum
819 1998 978 2032 adventu
1008 1999 1054 2031 ad
1081 2009 1118 2031 se
1143 1998 1297 2042 perlato,
1323 1997 1536 2038 formidans,

93 2059 140 2082 ne
176 2052 213 2081 et
241 2046 285 2079 ab
318 2047 393 2079 iuis
431 2051 469 2079 et
490 2046 535 2079 ab
560 2046 778 2090 imperatore
805 2045 1087 2079 Thessalonicae
1112 2044 1365 2085 obsideretur,
1393 2045 1535 2077 duabus

95 2094 174 2127 illic
204 2093 412 2127 triremibus
445 2093 603 2131 relictis,
641 2103 721 2126 cum
754 2093 884 2125 ceteris
919 2092 1131 2137 Byzantium
1166 2092 1318 2124 traiecit.
1366 2091 1536 2124 Amurius

97 2151 183 2174 vero
207 2141 324 2174 ventis
346 2138 504 2174 adversis
524 2140 564 2171 in
588 2139 735 2173 Euboea
760 2144 943 2179 retentus,
977 2139 1163 2172 mirificam
1189 2138 1311 2170 animo
1347 2138 1536 2170 tristitiam

96 2185 290 2231 capiebat,
318 2196 424 2232 quem
450 2190 619 2219 eventum
640 2184 828 2232 *quoddam
852 2197 926 2219 non
958 2184 1132 2218 mediocri
1159 2184 1411 2228 indignatione
1436 2195 1537 2217 com-

95 2232 226 2279 plevit.
285 2232 312 2265 E
336 2232 457 2266 Pteleo
490 2243 647 2278 namque
686 2237 789 2277 capta
825 2243 914 2265 nave
947 2237 983 2264 et
1019 2231 1171 2277 captivis
1198 2231 1347 2263 adeum
1373 2229 1540 2265 adductis

98 2279 299 2314 sciscitatus
330 2284 384 2313 est
403 2303 413 2319 ,
448 2280 478 2312 si
512 2279 604 2324 quid
637 2278 682 2312 de
715 2280 934 2323 imperatore
959 2284 1117 2312 nossent.
1166 2278 1225 2310 Illi
1252 2283 1475 2317 memorant,
1500 2287 1539 2309 se

97 2326 144 2360 de
169 2326 316 2360 advenis
342 2325 725 2359 Thessalonicensibus
751 2325 908 2365 audisse,
925 2336 1090 2371 magnum
1117 2324 1242 2357 ducem
1268 2323 1407 2367 ingenti
1432 2324 1541 2369 equi-

96 2378 176 2406 tum
208 2372 444 2418 peditumque
474 2382 649 2412 numere,
683 2372 861 2406 adiunctis
899 2371 984 2405 item
1013 2372 1146 2410 Persis,
1180 2371 1218 2403 in
1250 2369 1539 2403 Cantacuzenum

98 2419 196 2466 apud
231 2419 451 2453 Berrhoeam
485 2419 756 2463 profecturum3
787 2418 882 2452 nihil
913 2419 1068 2462 amplius
1099 2418 1321 2461 comperisse.
1372 2417 1539 2451 Ammius

97 2466 186 2500 hinc
222 2465 416 2511 colligens,
449 2465 521 2498 iam
555 2475 637 2498 eum
669 2466 708 2499 in
738 2466 858 2499 medio
890 2466 1026 2498 versari
1052 2465 1262 2502 certamine,
1288 2463 1539 2497 vehementius

99 2511 261 2548 indoluit
278 2537 287 2552 ,
309 2511 408 2556 quod
435 2512 469 2544 ei
495 2516 636 2546 mature
660 2521 865 2546 succurrere
892 2522 966 2545 non
992 2515 1123 2556 posset.
1156 2510 1298 2543 Deinde
1323 2510 1540 2555 optimatum

100 2570 247 2593 suorum
273 2563 487 2592 conventum
515 2559 589 2602 egit
613 2563 722 2604 atque
761 2560 801 2592 in
837 2559 996 2593 medium
1021 2568 1245 2601 progressus,
1278 2556 1346 2590 hac
1371 2557 1537 2590 oratione

100 2617 186 2640 usus
211 2611 277 2643 est.
331 2605 414 2639 Meo
447 2604 595 2650 quidem
627 2606 764 2639 iudicio
794 2616 968 2651 perquam
993 2614 1115 2637 amens
1147 2609 1183 2637 et
1205 2603 1352 2646 ignavus
1376 2602 1446 2642 sit,
1472 2603 1539 2648 qui

101 2653 155 2687 rei
191 2652 392 2695 cuiuspiam
425 2656 591 2694 suscepta
629 2652 838 2692 voluntate,
873 2662 947 2684 non
975 2651 1094 2683 omnia
1122 2650 1155 2683 ei
1180 2650 1392 2694 postponit,
1419 2659 1540 2695 neque

103 2698 150 2732 ad
187 2698 388 2732 deliberata
424 2697 643 2742 perficienda
681 2710 852 2732 summam
890 2698 1159 2731 contentionem
1184 2694 1344 2731 adhibet.
1394 2696 1484 2729 Nam
1508 2696 1540 2727 si

103 2745 200 2779 factu
237 2744 385 2791 quidem
419 2744 589 2778 facillima
626 2755 852 2790 aggressurus
878 2745 948 2783 sit,
981 2743 1243 2788 impedimento
1269 2747 1391 2776 autem
1414 2743 1539 2787 aliquo

105 2791 252 2833 oblato,
290 2796 353 2824 aut
384 2790 531 2823 omnino
570 2788 756 2837 desperet,
780 2796 843 2826 aut
867 2790 1049 2825 emollitus
1073 2789 1232 2835 negligat
1257 2796 1294 2824 et
1316 2798 1435 2825 rerum
1461 2789 1541 2822 exi-

152 2860 428 2895 Caneacuzenus
455 2858 502 2892 ΙΙ.
1233 2858 1277 2892 25
