1820 3152
540 188 919 232 nls'romARUM
961 185 1034 231 ni.
1073 191 1141 236 85.
1447 170 1555 245 527·

121 286 187 334 ὅτι
226 289 330 344 ὑπὲρ
366 290 571 343 βασιλέως
612 289 725 344 αὐτῷ
751 289 932 331 τοσαῦτα
964 290 1240 344 ἐπολέμησαν,
1272 286 1343 344 (τὰ
1385 286 1467 344 γὰρ
1494 289 1559 331 δι’·
1573 298 1755 344 Α.(Ζ.ι345

121 373 221 398 καια
248 355 323 397 καί
345 354 396 397 τὰ
426 352 684 409 προσήκοντα
713 353 879 403 δούλοις
906 353 1137 409 εὐγνώμοσι
1170 354 1472 412 πεποιηκέναι,)
1482 350 1602 397 ἇλ-ῠ

120 426 203 471 λως
236 424 277 463 θ’
298 418 359 463 ὅτι
402 421 490 462 οὐδ’
523 417 647 470 αὖτός
691 421 783 463 ἐστι
826 423 1022 473 πολέμιος
1049 422 1132 462 τῶν
1161 423 1370 474 βασιλέως
1397 423 1564 464 παίδων

105 489 195 530 ‘uae'
221 487 486 543 διαφθείρειν
509 487 690 535 ἐκείνους
719 487 765 528 ἐκ
793 485 942 536 παντὸς
971 484 1130 542 τρόπου
1160 487 1368 544 ᾑρημένος
1385 520 1397 542 ,
1455 487 1560 531 ἀλλὰ

93 550 322 610 5πρότερόν
366 568 407 594 τε
448 550 502 593 τοὶ
528 551 713 605 μάλιστα
761 553 932 600 ἐκείνοις
961 552 1033 594 καί
1066 553 1290 607 Ῥωμαίοις
1321 552 1564 595 συνοίσοντα

117 619 399 672 σπουδάζειν,
427 616 502 660 καί
525 619 603 660 νῦν
631 615 755 660 οῦδὲν
781 611 904 673 ἧττον
930 618 1038 672 μετὰ
1069 618 1143 662 τὸν
1167 620 1362 662 τοσοῖτον
1387 616 1565 673 πόλεμον

116 685 191 726 καί
230 683 305 738 τήν
333 677 495 740 ἔφατον
524 683 825 739 ἀγνωμοσύνην
852 683 926 726 καὶ
949 685 1145 739 μανίαν,·
1169 684 1223 741 ἢν
1251 684 1291 728 οἱ
1317 685 1422 742 ὑπὲρ
1457 686 1564 729 ἐκεί-

115 766 199 792 νων
227 751 381 806 δῆθεν,
423 752 477 807 τῇ
513 751 548 792 δ’
568 751 746 807 α’ληθείᾳ
775 752 866 792 κατ’
893 750 1060 794 ἐκείνων
1087 750 1161 794 τὸν
1200 750 1377 805 πόλεμον
1404 768 1564 808 κεκινη-

116 813 230 865 κότες
267 814 532 867 ἐνεδείξαντο.
589 818 844 871 ἐκκαλύψειν
882 815 962 873 γὰρ
1003 813 1083 874 ἤδη
1120 816 1167 860 τὸ
1213 816 1456 875 α’πόᾷᾄητον
1483 822 1564 861 av'-

69 888 226 935 ιοτοῖς,
257 882 315 932 ὥς
345 881 408 937 εἴη
432 883 791 937 βεβουλευμένος,
822 881 906 938 εἶ’γε
935 882 1009 925 καὶ
1033 883 1141 926 κατὰ
1170 883 1338 940 γνώμην
1366 883 1430 940 εἴη
1446 886 1561 942 θεῷ,

116 951 158 992 εἰ
197 951 451 1003 περιγένοιτο
495 950 581 991 τῶν
616 947 908 1003 πολεμούντων
952 948 1027 992 καί
1065 950 1209 1006 κύριος
1245 953 1330 994 τῶν
1356 954 1565 1006 βασιλέως

115 1016 278 1057 παίδων
305 1013 559 1069 κατασταίη,
601 1016 742 1057 πᾶσαν
772 1013 849 1070 τὴν
875 1011 1013 1071 ἇρχὴν
1050 1013 1280 1069 ζΡωμαίων
1309 1017 1390 1074 ὑφ’
1409 1015 1565 1060 ἑαυτὸν

114 1081 412 1135 πεποιημένος,
442 1078 501 1133 μή
530 1081 602 1135 τῆς
628 1079 826 1140 πατρῴας
854 1082 990 1136 ἀρχῆς
1013 1083 1284 1138 α’ποστερεΐν,
1319 1082 1428 1126 ἀλλὰ
1457 1086 1560 1126 διοι-
1573 1092 1602 1126 Ρ.
1619 1094 1688 1139 6ῑὸ

114 1145 299 1201 κη’σαντα
343 1143 393 1187 τὰ
442 1145 668 1200 πράγματα
707 1142 833 1202 ἄχρις
874 1143 927 1189 ἂν
965 1148 1170 1202 βασιλεὺς
1211 1146 1350 1200 ὃνέος
1380 1150 1566 1208 Ἰωάννης

68 1209 222 1267 ,5πρὸς
262 1210 429 1267 ἡλικίαν
458 1206 650 1267 εὔφρονα
689 1213 891 1268 α’φίκηται
941 1214 1014 1255 καί
1058 1214 1293 1270 δυναμένην
1336 1209 1450 1270 ἄγειν
1488 1218 1566 1273 τὴν

115 1275 274 1332 α’ρχὴν·
302 1275 445 1322 ἔπειτα
473 1278 590 1336 αὐτῷ
612 1277 894 1333 παραδιδόναι
916 1277 995 1334 την
1018 1278 1256 1334 ἡγεμονίαν.
1284 1279 1436 1324 τούτου
1461 1285 1565 1337 γοῦν

117 1341 288 1398 ἀληθῶς
327 1339 437 1386 οὕτω
483 1346 728 1400 κεκριμένου
773 1346 874 1401 παρ’
901 1345 1046 1403 αὐτῷ’,
1096 1339 1194 1388 οὔτε
1228 1352 1316 1397 τοῖς
1359 1347 1565 1405 πρότερον

117 1408 362 1462 ὀργίζεσθαι
389 1407 497 1464 ὑπὲρ
526 1411 685 1452 ἐκείνου
713 1410 1069 1467 πεπολεμηκέσιν,
1113 1407 1210 1453 οὔτε
1236 1411 1337 1463 τούς
1363 1412 1565 1468 συνόντας

116 1475 190 1515 καί
213 1475 634 1527 συγκατακτωμένους
675 1474 752 1529 την
797 1472 938 1531 ἀρχὴν
985 1475 1089 1532 πρὸς
1141 1480 1322 1530 βασιλέα
1362 1478 1436 1522 τὸν
1473 1483 1570 1523 νέον·

62 1537 284 1589 Ἆοοῖεσθαι
309 1537 638 1595 ἐξαμαρτάνειν,
679 1542 720 1583 εἰ
744 1542 971 1594 μέλλουσιν
1016 1543 1157 1601 ἐκείνῳ
1193 1546 1353 1596 μᾶλλον
1380 1543 1457 1602 τήν
1484 1547 1563 1601 ἆρ-

114 1603 199 1660 χην
244 1603 562 1657 συνδιασώζειν.
622 1600 680 1648 ὧν
719 1608 837 1649 ἕνεκα
884 1610 957 1650 καί
995 1606 1102 1663 πρὸς
1133 1607 1291 1658 αὖτοῦς
1335 1606 1429 1653 οὔτε
1464 1612 1565 1667 περὶ

114 1672 196 1713 τῶν
228 1672 326 1726 πρίν
360 1673 645 1726 γεγενημένων
675 1671 1021 1728 ἀπεχθάνεσθαι,
1054 1668 1148 1716 οὔτε
1176 1672 1248 1716 τόν
1281 1674 1426 1718 ἔπειτα
1454 1676 1561 1733 χρό-

114 1751 200 1792 νον,
231 1731 284 1778 ἂν
313 1735 428 1793 αὔτῷ
457 1734 694 1791 βούλωνται
724 1745 936 1792 συνεῖναι,
982 1742 1155 1794 βασιλεῖ
1187 1741 1245 1797 τῷ
1282 1744 1359 1800 νέῳ
1392 1741 1593 1786 olba-'iam

113 1865 232 1894 aulem
266 1860 405 1893 nullum
441 1871 518 1894 esse
557 1860 595 1893 in
630 1871 668 1893 se
703 1861 780 1895 odii
836 1868 902 1897 aut
927 1863 1003 1896 irae
1028 1863 1247 1908 vestigium,
1284 1876 1405 1912 neque
1430 1862 1559 1912 putare

111 1918 150 1941 se
174 1909 373 1948 offensum,
398 1917 476 1939 cum
504 1918 568 1952 pro
595 1909 814 1953 imperatore
838 1921 903 1943 suo
933 1911 983 1942 ita
1007 1910 1273 1956 depugnat-int:
1302 1912 1430 1946 fecisse
1459 1916 1558 1948 enim

113 1964 207 2000 quae
234 1953 367 1999 probos
400 1964 440 1986 ac
465 1954 588 1987 fideles
618 1966 738 1988 servos
774 1955 890 1990 facere
920 1957 1053 1990 iustum
1091 1969 1132 1990 ac
1170 1957 1338 1992 decorum
1363 1960 1427 1994 sit:
1454 1972 1559 2005 prae-

113 2001 236 2034 sertim
275 2011 354 2032 cum
386 2011 453 2034 nec
489 2001 566 2046 ipse
603 2001 739 2034 liberos
771 2004 1002 2049 imperatoris
1031 2010 1289 2050 persequatur,
1324 2016 1457 2052 eosque
1484 2020 1558 2053 quo

113 2049 213 2087 iure,
249 2058 320 2092 qua
355 2047 488 2080 iniuria
521 2048 681 2092 perditos
708 2049 822 2091 velit,
862 2051 926 2083 sed
951 2057 989 2084 et
1014 2057 1120 2084 antea
1148 2063 1242 2096 quae
1267 2062 1391 2086 eorum
1419 2064 1460 2085 ac
1486 2056 1556 2087 Ro-

112 2103 300 2126 manorum
325 2094 530 2127 rationibus
563 2095 807 2129 conducerent
837 2097 1034 2143 diligenter
1055 2100 1190 2131 curarit
1224 2105 1261 2133 et
1291 2098 1398 2133 modo
1435 2100 1555 2134 nihilo

112 2139 233 2174 minus
263 2146 386 2182 curet,
411 2146 493 2185 post
517 2147 590 2175 tam
615 2148 718 2175 atrox
758 2142 897 2176 bellum
951 2149 987 2176 et
1019 2145 1210 2178 infandum
1236 2147 1350 2179 scelus
1383 2157 1424 2179 ac
1455 2147 1558 2179 furo-

112 2198 203 2220 rem:
234 2198 365 2232 quem,
392 2189 455 2233 qni
482 2189 593 2222 verbo
627 2200 691 2232 pro
718 2189 812 2230 illis,
841 2201 879 2223 re
904 2197 1025 2224 autem
1052 2202 1134 2225 vera
1162 2198 1284 2227 contra
1308 2193 1391 2227 illos
1416 2192 1555 2227 bellum

109 2238 315 2273 moverent,
343 2234 566 2267 declararint.
619 2236 854 2270 Detecturum
880 2239 974 2270 enim
1001 2238 1089 2283 ipsis
1114 2241 1335 2282 mysterium.
1383 2240 1554 2275 Voluisse

111 2291 170 2321 se,
195 2281 238 2320 si,
263 2280 340 2313 Deo
365 2281 603 2325 approbante,
626 2282 792 2316 hostibus
819 2283 1011 2318 debellatis
1037 2290 1188 2332 totoque
1216 2287 1369 2332 imperio
1396 2287 1555 2320 Romano

111 2326 184 2360 sibi
215 2325 433 2368 subiuncta,
470 2329 698 2373 imperatoris
737 2331 894 2363 filiorum
932 2330 1099 2365 dominus
1134 2332 1354 2374 efficeretur,
1385 2345 1458 2367 non
1493 2345 1555 2368 eos

110 2380 263 2419 paterno
294 2375 499 2419 princ1patu
536 2374 742 2420 depellere,
793 2377 857 2410 sed
903 2378 1218 2412 administratione
1250 2385 1408 2422 retenta,
1439 2386 1555 2426 usque

110 2421 197 2453 dum
230 2420 522 2454 adolescentulus
555 2421 711 2456 Ioannes
738 2424 817 2456 aevi
843 2424 967 2458 florem
993 2426 1219 2469 contingeret
1254 2431 1448 2474 possetque
1484 2439 1550 2461 suo

109 2467 225 2501 Marte
258 2467 412 2511 populos
457 2478 580 2512 regere
597 2495 606 2510 ‚
643 2474 719 2502 tum
753 2470 914 2518 denique
939 2473 972 2505 ei
998 2483 1116 2506 rerum
1141 2471 1302 2506 habenas
1328 2474 1550 2508 contradere.

110 2513 189 2548 Hoc
214 2513 325 2558 igitur
349 2524 429 2546 cum
454 2525 496 2547 ex
520 2516 640 2549 animo
681 2527 839 2563 vereque
876 2520 1062 2559 statuerit,
1088 2529 1208 2564 neque
1235 2520 1339 2554 irasci
1366 2520 1461 2562 illis,
1486 2523 1550 2566 qui

108 2561 210 2605 prins
240 2571 303 2603 pro
335 2560 401 2593 illo
429 2571 526 2593 arma
554 2563 722 2603 tulerint,
760 2575 881 2609 neque
906 2565 1095 2606 arbitrari,
1121 2577 1200 2606 eos,
1230 2569 1294 2612 qui
1317 2578 1440 2601 secum
1477 2569 1553 2601 sint

110 2611 149 2639 et
171 2607 209 2640 in
237 2606 390 2651 imperio
417 2608 637 2653 acquirendo
663 2611 774 2643 simul
797 2616 932 2644 navant
960 2623 1106 2657 operam
1125 2637 1136 2653 ,
1158 2623 1305 2659 peccare
1328 2614 1368 2648 in
1394 2615 1551 2658 impera·

110 2657 224 2686 torem
259 2654 446 2693 iuvenem,
481 2655 511 2687 si
550 2654 605 2688 illi
644 2657 766 2700 potius
800 2657 866 2690 hac
900 2659 1042 2692 ratione
1066 2665 1234 2701 servent,
1260 2671 1366 2707 quam
1393 2662 1553 2695 adimant

110 2698 316 2743 imperitum
377 2699 500 2742 Quare
533 2712 600 2736 nee
637 2703 711 2736 illis
752 2704 934 2737 infensum
971 2716 1047 2738 csse
1072 2711 1220 2751 propter
1245 2708 1461 2752 praeterita,
1486 2719 1552 2741 nec

112 2746 142 2778 si
169 2747 207 2778 in
242 2751 423 2790 posterum
456 2747 526 2780 sibi
560 2749 718 2783 militare
755 2751 968 2792 voluerint)
989 2753 1196 2797 imperatori
1221 2754 1443 2788 adolescenti
1472 2755 1551 2786 exi—

113 2793 258 2827 stimare
299 2793 422 2827 hostes
461 2803 538 2828 esse
570 2793 697 2832 factos.
760 2796 828 2830 Sed
854 2807 974 2842 penes*
994 2799 1090 2844 ipsos
1117 2801 1303 2845 optionem
1330 2812 1417 2837 esse.
1468 2801 1550 2834 Sive
