<?xml version="1.0" encoding="UTF-8"?>
<!DOCTYPE html PUBLIC "-//W3C//DTD XHTML 1.0 Transitional//EN"
    "http://www.w3.org/TR/xhtml1/DTD/xhtml1-transitional.dtd">
<html xmlns="http://www.w3.org/1999/xhtml" xml:lang="en" lang="en">
 <head>
  <title>
</title>
<meta http-equiv="Content-Type" content="text/html;charset=utf-8" />
  <meta name='ocr-system' content='tesseract 3.04.00' />
  <meta name='ocr-capabilities' content='ocr_page ocr_carea ocr_par ocr_line ocrx_word'/>
</head>
<body>
  <div class='ocr_page' id='page_1' title='image "./corpusscriptorum24niebuoft_0265.png"; bbox 0 0 1800 3138; ppageno 0'>
   <div class='ocr_carea' id='block_1_1' title="bbox 542 174 1533 239">
    <p class='ocr_par' dir='ltr' id='par_1_1' title="bbox 542 174 1533 239">
     <span class='ocr_line' id='line_1_1' title="bbox 542 174 1533 239; baseline -0.004 -5"><span class='ocrx_word' id='word_1_1' title='bbox 542 190 916 234; x_wconf 71' lang='lat' dir='ltr'><strong>ms‘romARUM</strong></span> <span class='ocrx_word' id='word_1_2' title='bbox 956 195 1026 234; x_wconf 85' lang='lat'>111.</span> <span class='ocrx_word' id='word_1_3' title='bbox 1054 199 1125 239; x_wconf 80' lang='grc' dir='ltr'><strong><em>ιιι.</em></strong></span> <span class='ocrx_word' id='word_1_4' title='bbox 1426 174 1533 231; x_wconf 79' lang='lat'><strong>253</strong></span> 
     </span>
    </p>
   </div>
   <div class='ocr_carea' id='block_1_2' title="bbox 57 290 1728 1788">
    <p class='ocr_par' dir='ltr' id='par_1_2' title="bbox 57 290 1728 1788">
     <span class='ocr_line' id='line_1_2' title="bbox 108 290 1728 351; baseline -0.001 -12"><span class='ocrx_word' id='word_1_5' title='bbox 108 294 380 351; x_wconf 74' lang='grc' dir='ltr'><em>συμβουλεύω</em></span> <span class='ocrx_word' id='word_1_6' title='bbox 404 293 501 347; x_wconf 76' lang='grc' dir='ltr'><strong><em>νῦν,</em></strong></span> <span class='ocrx_word' id='word_1_7' title='bbox 529 293 634 351; x_wconf 82' lang='grc' dir='ltr'><strong><em>πρὸς</em></strong></span> <span class='ocrx_word' id='word_1_8' title='bbox 659 293 732 336; x_wconf 84' lang='grc' dir='ltr'><strong>τὸν</strong></span> <span class='ocrx_word' id='word_1_9' title='bbox 754 295 981 349; x_wconf 78' lang='grc' dir='ltr'><strong><em>Τριβαλιὸν</em></strong></span> <span class='ocrx_word' id='word_1_10' title='bbox 1011 290 1192 350; x_wconf 75' lang='grc' dir='ltr'><strong><em>ἄρχοντα</em></strong></span> <span class='ocrx_word' id='word_1_11' title='bbox 1220 297 1381 349; x_wconf 76' lang='grc' dir='ltr'><strong><em>ἐλθεῖν,</em></strong></span> <span class='ocrx_word' id='word_1_12' title='bbox 1406 291 1728 348; x_wconf 63' lang='grc' dir='ltr'><strong><em>πάλαιΑ.0.ι3-’μ</em></strong></span> 
     </span>
     <span class='ocr_line' id='line_1_3' title="bbox 109 357 1547 418; baseline -0.002 -15"><span class='ocrx_word' id='word_1_13' title='bbox 109 377 155 403; x_wconf 86' lang='grc' dir='ltr'><strong>τε</strong></span> <span class='ocrx_word' id='word_1_14' title='bbox 183 364 332 418; x_wconf 92' lang='grc' dir='ltr'><strong><em>φιλίως</em></strong></span> <span class='ocrx_word' id='word_1_15' title='bbox 369 361 630 413; x_wconf 73' lang='grc' dir='ltr'><em>διακείμενον</em></span> <span class='ocrx_word' id='word_1_16' title='bbox 664 361 759 412; x_wconf 73' lang='grc' dir='ltr'><strong><em>ἐμοὶ</em></strong></span> <span class='ocrx_word' id='word_1_17' title='bbox 792 358 865 401; x_wconf 72' lang='grc' dir='ltr'><strong>καὶ</strong></span> <span class='ocrx_word' id='word_1_18' title='bbox 890 362 963 401; x_wconf 81' lang='grc' dir='ltr'><strong>νῦν</strong></span> <span class='ocrx_word' id='word_1_19' title='bbox 991 361 1116 417; x_wconf 74' lang='grc' dir='ltr'><strong><em>ὀλίγῳ</em></strong></span> <span class='ocrx_word' id='word_1_20' title='bbox 1145 361 1342 416; x_wconf 78' lang='grc' dir='ltr'><strong><em>πρότερον</em></strong></span> <span class='ocrx_word' id='word_1_21' title='bbox 1365 357 1547 409; x_wconf 72' lang='grc' dir='ltr'><strong><em>σπονδὰς</em></strong></span> 
     </span>
     <span class='ocr_line' id='line_1_4' title="bbox 108 419 1544 482; baseline -0.001 -14"><span class='ocrx_word' id='word_1_22' title='bbox 108 426 180 468; x_wconf 80' lang='grc' dir='ltr'><strong><em>καί</em></strong></span> <span class='ocrx_word' id='word_1_23' title='bbox 218 424 462 479; x_wconf 77' lang='grc' dir='ltr'><strong><em>συμμαχίαν</em></strong></span> <span class='ocrx_word' id='word_1_24' title='bbox 502 426 787 478; x_wconf 86' lang='grc' dir='ltr'><strong><em>πεποιημένον.</em></strong></span> <span class='ocrx_word' id='word_1_25' title='bbox 860 419 912 465; x_wconf 74' lang='grc' dir='ltr'><strong>οὗ</strong></span> <span class='ocrx_word' id='word_1_26' title='bbox 955 425 1207 480; x_wconf 77' lang='grc' dir='ltr'><em>χρησάμενοι</em></span> <span class='ocrx_word' id='word_1_27' title='bbox 1245 427 1298 482; x_wconf 82' lang='grc' dir='ltr'><strong><em>τῇ</em></strong></span> <span class='ocrx_word' id='word_1_28' title='bbox 1341 424 1514 477; x_wconf 76' lang='grc' dir='ltr'><em>δυνάμει</em></span> <span class='ocrx_word' id='word_1_29' title='bbox 1532 446 1544 467; x_wconf 71' lang='lat'><em>2</em></span> 
     </span>
     <span class='ocr_line' id='line_1_5' title="bbox 107 485 1547 547; baseline 0 -16"><span class='ocrx_word' id='word_1_30' title='bbox 107 490 213 547; x_wconf 85' lang='grc' dir='ltr'><strong><em>πρός</em></strong></span> <span class='ocrx_word' id='word_1_31' title='bbox 238 507 281 533; x_wconf 86' lang='grc' dir='ltr'><strong>τε</strong></span> <span class='ocrx_word' id='word_1_32' title='bbox 306 487 613 544; x_wconf 84' lang='grc' dir='ltr'><strong><em>Διδυμότειχον</em></strong></span> <span class='ocrx_word' id='word_1_33' title='bbox 641 489 895 544; x_wconf 76' lang='grc' dir='ltr'><strong><em>ἑπανῆξομεν</em></strong></span> <span class='ocrx_word' id='word_1_34' title='bbox 921 493 1083 544; x_wconf 76' lang='grc' dir='ltr'><strong><em>ταχέως</em></strong></span> <span class='ocrx_word' id='word_1_35' title='bbox 1109 492 1183 532; x_wconf 79' lang='grc' dir='ltr'><em>καί</em></span> <span class='ocrx_word' id='word_1_36' title='bbox 1219 489 1320 547; x_wconf 80' lang='grc' dir='ltr'><strong><em>πρὸς</em></strong></span> <span class='ocrx_word' id='word_1_37' title='bbox 1351 490 1405 533; x_wconf 75' lang='grc' dir='ltr'><strong><em>τὰ</em></strong></span> <span class='ocrx_word' id='word_1_38' title='bbox 1441 485 1547 532; x_wconf 76' lang='grc' dir='ltr'><strong><em>ἄλλα</em></strong></span> 
     </span>
     <span class='ocr_line' id='line_1_6' title="bbox 82 551 1545 611; baseline -0.001 -14"><span class='ocrx_word' id='word_1_39' title='bbox 82 557 186 604; x_wconf 82' lang='grc' dir='ltr'><strong><em>5τοῦ</em></strong></span> <span class='ocrx_word' id='word_1_40' title='bbox 224 557 406 608; x_wconf 84' lang='grc' dir='ltr'><strong><em>πολέμου</em></strong></span> <span class='ocrx_word' id='word_1_41' title='bbox 443 556 495 596; x_wconf 80' lang='grc' dir='ltr'><strong>ου’</strong></span> <span class='ocrx_word' id='word_1_42' title='bbox 535 552 683 610; x_wconf 79' lang='grc' dir='ltr'><strong><em>μέτριά</em></strong></span> <span class='ocrx_word' id='word_1_43' title='bbox 720 570 816 596; x_wconf 87' lang='grc' dir='ltr'><strong><em>τινα</em></strong></span> <span class='ocrx_word' id='word_1_44' title='bbox 845 551 1094 611; x_wconf 72' lang='grc' dir='ltr'><strong><em>ὠφελοῦσαν</em></strong></span> <span class='ocrx_word' id='word_1_45' title='bbox 1122 558 1264 609; x_wconf 75' lang='grc' dir='ltr'><strong><em>ἕξομεν</em></strong></span> <span class='ocrx_word' id='word_1_46' title='bbox 1293 555 1366 611; x_wconf 72' lang='grc' dir='ltr'><strong>τήν</strong></span> <span class='ocrx_word' id='word_1_47' title='bbox 1391 558 1545 598; x_wconf 84' lang='grc' dir='ltr'><strong><em>ἐκείνου</em></strong></span> 
     </span>
     <span class='ocr_line' id='line_1_7' title="bbox 107 614 1538 677; baseline -0.001 -15"><span class='ocrx_word' id='word_1_48' title='bbox 107 620 369 674; x_wconf 74' lang='grc' dir='ltr'><strong><em>συμμαχίαν.</em></strong></span> <span class='ocrx_word' id='word_1_49' title='bbox 434 619 531 673; x_wconf 76' lang='grc' dir='ltr'><strong><em>ἐμοὶ</em></strong></span> <span class='ocrx_word' id='word_1_50' title='bbox 565 622 644 673; x_wconf 84' lang='grc' dir='ltr'><strong>μὲν</strong></span> <span class='ocrx_word' id='word_1_51' title='bbox 686 614 767 663; x_wconf 74' lang='grc' dir='ltr'><strong>οὖν</strong></span> <span class='ocrx_word' id='word_1_52' title='bbox 811 621 982 662; x_wconf 81' lang='grc' dir='ltr'><strong><em>τοιαῦτα</em></strong></span> <span class='ocrx_word' id='word_1_53' title='bbox 1021 619 1134 672; x_wconf 76' lang='grc' dir='ltr'><strong><em>ἔδοξε</em></strong></span> <span class='ocrx_word' id='word_1_54' title='bbox 1163 625 1386 664; x_wconf 73' lang='grc' dir='ltr'><strong><em>λυσιτελεῖν</em></strong></span> <span class='ocrx_word' id='word_1_55' title='bbox 1410 622 1454 663; x_wconf 84' lang='grc' dir='ltr'><strong>ἑν</strong></span> <span class='ocrx_word' id='word_1_56' title='bbox 1480 622 1538 677; x_wconf 77' lang='grc' dir='ltr'><strong><em>τῷ</em></strong></span> 
     </span>
     <span class='ocr_line' id='line_1_8' title="bbox 107 682 1538 746; baseline 0 -20"><span class='ocrx_word' id='word_1_57' title='bbox 107 683 297 739; x_wconf 76' lang='grc' dir='ltr'><strong><em>παρόντι.</em></strong></span> <span class='ocrx_word' id='word_1_58' title='bbox 327 686 368 728; x_wconf 80' lang='grc' dir='ltr'><strong><em>εἴ</em></strong></span> <span class='ocrx_word' id='word_1_59' title='bbox 381 685 427 746; x_wconf 54' lang='grc' dir='ltr'><strong>δέ</strong></span> <span class='ocrx_word' id='word_1_60' title='bbox 445 701 538 726; x_wconf 89' lang='grc' dir='ltr'><strong><em>τινα</em></strong></span> <span class='ocrx_word' id='word_1_61' title='bbox 554 684 706 739; x_wconf 88' lang='grc' dir='ltr'><strong><em>βελτίω</em></strong></span> <span class='ocrx_word' id='word_1_62' title='bbox 721 682 887 741; x_wconf 74' lang='grc' dir='ltr'><strong><em>γνώμην</em></strong></span> <span class='ocrx_word' id='word_1_63' title='bbox 910 682 1055 739; x_wconf 71' lang='grc' dir='ltr'><strong><em>ἑτέραν</em></strong></span> <span class='ocrx_word' id='word_1_64' title='bbox 1081 684 1170 739; x_wconf 81' lang='grc' dir='ltr'><strong><em>ἔχει</em></strong></span> <span class='ocrx_word' id='word_1_65' title='bbox 1196 702 1260 735; x_wconf 88' lang='grc' dir='ltr'><strong>τις</strong></span> <span class='ocrx_word' id='word_1_66' title='bbox 1287 689 1538 740; x_wconf 77' lang='grc' dir='ltr'><strong><em>εἰσενεγκεῖν,</em></strong></span> 
     </span>
     <span class='ocr_line' id='line_1_9' title="bbox 106 747 1551 806; baseline 0 -14"><span class='ocrx_word' id='word_1_67' title='bbox 106 747 236 798; x_wconf 69' lang='grc' dir='ltr'><strong><em>αὐτός</em></strong></span> <span class='ocrx_word' id='word_1_68' title='bbox 263 765 307 791; x_wconf 89' lang='grc' dir='ltr'><strong>τε</strong></span> <span class='ocrx_word' id='word_1_69' title='bbox 333 750 615 805; x_wconf 75' lang='grc' dir='ltr'><strong><em>πεισθήσομαι</em></strong></span> <span class='ocrx_word' id='word_1_70' title='bbox 642 748 774 806; x_wconf 78' lang='grc' dir='ltr'><strong><em>ἡδέως</em></strong></span> <span class='ocrx_word' id='word_1_71' title='bbox 801 752 873 792; x_wconf 84' lang='grc' dir='ltr'><em>καί</em></span> <span class='ocrx_word' id='word_1_72' title='bbox 902 757 990 800; x_wconf 82' lang='grc' dir='ltr'><strong><em>τοῖς</em></strong></span> <span class='ocrx_word' id='word_1_73' title='bbox 1026 747 1166 801; x_wconf 73' lang='grc' dir='ltr'><strong><em>ἄλλοις</em></strong></span> <span class='ocrx_word' id='word_1_74' title='bbox 1200 751 1551 805; x_wconf 66' lang='grc' dir='ltr'><strong><em>συμβουλεύσω.”’</em></strong></span> 
     </span>
     <span class='ocr_line' id='line_1_10' title="bbox 107 809 1540 872; baseline 0.001 -15"><span class='ocrx_word' id='word_1_75' title='bbox 107 815 129 857; x_wconf 80' lang='grc' dir='ltr'><em>ὃ</em></span> <span class='ocrx_word' id='word_1_76' title='bbox 167 818 245 868; x_wconf 84' lang='grc' dir='ltr'><strong>μὲν</strong></span> <span class='ocrx_word' id='word_1_77' title='bbox 285 809 360 858; x_wconf 74' lang='grc' dir='ltr'><strong>οὖν</strong></span> <span class='ocrx_word' id='word_1_78' title='bbox 393 815 593 869; x_wconf 75' lang='grc' dir='ltr'><strong><em>βασιλευς</em></strong></span> <span class='ocrx_word' id='word_1_79' title='bbox 625 819 798 859; x_wconf 80' lang='grc' dir='ltr'><strong><em>τοιαῦτα</em></strong></span> <span class='ocrx_word' id='word_1_80' title='bbox 825 813 951 859; x_wconf 82' lang='grc' dir='ltr'><strong><em>εἶπεν.</em></strong></span> <span class='ocrx_word' id='word_1_81' title='bbox 1003 817 1030 872; x_wconf 85' lang='grc' dir='ltr'><em>ἧ</em></span> <span class='ocrx_word' id='word_1_82' title='bbox 1062 817 1240 872; x_wconf 76' lang='grc' dir='ltr'><strong><em>στρατιὰ</em></strong></span> <span class='ocrx_word' id='word_1_83' title='bbox 1270 821 1316 860; x_wconf 74' lang='grc' dir='ltr'><strong>δὲ</strong></span> <span class='ocrx_word' id='word_1_84' title='bbox 1341 815 1427 871; x_wconf 76' lang='grc' dir='ltr'><strong>ἅμα</strong></span> <span class='ocrx_word' id='word_1_85' title='bbox 1454 824 1540 868; x_wconf 77' lang='grc' dir='ltr'><strong><em>τοῖς</em></strong></span> 
     </span>
     <span class='ocr_line' id='line_1_11' title="bbox 58 876 1574 938; baseline 0.001 -16"><span class='ocrx_word' id='word_1_86' title='bbox 58 879 278 937; x_wconf 70' lang='grc' dir='ltr'><strong><em>ωῆγεμόσι</em></strong></span> <span class='ocrx_word' id='word_1_87' title='bbox 331 883 429 936; x_wconf 72' lang='grc' dir='ltr'><strong><em>περὶ</em></strong></span> <span class='ocrx_word' id='word_1_88' title='bbox 461 883 693 935; x_wconf 77' lang='grc' dir='ltr'><strong><em>δισχιλίους</em></strong></span> <span class='ocrx_word' id='word_1_89' title='bbox 720 877 864 935; x_wconf 77' lang='grc' dir='ltr'><strong><em>ὄντες,</em></strong></span> <span class='ocrx_word' id='word_1_90' title='bbox 905 876 1030 936; x_wconf 77' lang='grc' dir='ltr'><strong><em>,,οὗ’τε</em></strong></span> <span class='ocrx_word' id='word_1_91' title='bbox 1070 885 1379 938; x_wconf 84' lang='grc' dir='ltr'><strong><em>παραινέσεων”</em></strong></span> <span class='ocrx_word' id='word_1_92' title='bbox 1424 877 1574 924; x_wconf 81' lang='grc' dir='ltr'><strong>εἶπονΒ</strong></span> 
     </span>
     <span class='ocr_line' id='line_1_12' title="bbox 106 943 1541 1002; baseline 0.001 -14"><span class='ocrx_word' id='word_1_93' title='bbox 106 949 259 1002; x_wconf 83' lang='grc' dir='ltr'><strong><em>,,χρειἀ</em></strong></span> <span class='ocrx_word' id='word_1_94' title='bbox 296 945 397 1002; x_wconf 84' lang='grc' dir='ltr'><strong><em>πρὸς</em></strong></span> <span class='ocrx_word' id='word_1_95' title='bbox 425 944 561 1001; x_wconf 78' lang='grc' dir='ltr'><strong><em>ἡμᾶς,</em></strong></span> <span class='ocrx_word' id='word_1_96' title='bbox 609 943 645 989; x_wconf 71' lang='grc' dir='ltr'><em>ὦ</em></span> <span class='ocrx_word' id='word_1_97' title='bbox 671 950 862 1001; x_wconf 81' lang='grc' dir='ltr'><strong><em>βασιλεῦ,</em></strong></span> <span class='ocrx_word' id='word_1_98' title='bbox 893 943 985 990; x_wconf 70' lang='grc' dir='ltr'><strong><em>οὔτε</em></strong></span> <span class='ocrx_word' id='word_1_99' title='bbox 1010 948 1334 1002; x_wconf 79' lang='grc' dir='ltr'><strong><em>βουλευμάτων·</em></strong></span> <span class='ocrx_word' id='word_1_100' title='bbox 1393 948 1482 989; x_wconf 75' lang='grc' dir='ltr'><strong><em>ἀλλ’</em></strong></span> <span class='ocrx_word' id='word_1_101' title='bbox 1510 945 1541 989; x_wconf 71' lang='grc' dir='ltr'><strong>εἲ</strong></span> 
     </span>
     <span class='ocr_line' id='line_1_13' title="bbox 106 1011 1543 1071; baseline 0 -17"><span class='ocrx_word' id='word_1_102' title='bbox 106 1015 193 1071; x_wconf 72' lang='grc' dir='ltr'><strong><em>θεῷ</em></strong></span> <span class='ocrx_word' id='word_1_103' title='bbox 223 1028 269 1054; x_wconf 88' lang='grc' dir='ltr'><strong>τε</strong></span> <span class='ocrx_word' id='word_1_104' title='bbox 296 1014 367 1054; x_wconf 84' lang='grc' dir='ltr'>καί</span> <span class='ocrx_word' id='word_1_105' title='bbox 391 1013 460 1054; x_wconf 69' lang='grc' dir='ltr'><strong><em>σοι’</em></strong></span> <span class='ocrx_word' id='word_1_106' title='bbox 487 1014 604 1054; x_wconf 74' lang='grc' dir='ltr'><strong><em>δοκεῖ</em></strong></span> <span class='ocrx_word' id='word_1_107' title='bbox 629 1011 761 1054; x_wconf 78' lang='grc' dir='ltr'><strong><em>πάντα</em></strong></span> <span class='ocrx_word' id='word_1_108' title='bbox 789 1011 982 1068; x_wconf 79' lang='grc' dir='ltr'><strong><em>πράττειν</em></strong></span> <span class='ocrx_word' id='word_1_109' title='bbox 1009 1013 1082 1056; x_wconf 81' lang='grc' dir='ltr'><em>καί</em></span> <span class='ocrx_word' id='word_1_110' title='bbox 1107 1013 1368 1070; x_wconf 70' lang='grc' dir='ltr'><strong><em>ὑφίστασθαι</em></strong></span> <span class='ocrx_word' id='word_1_111' title='bbox 1412 1028 1543 1067; x_wconf 86' lang='grc' dir='ltr'><strong><em>παρε-</em></strong></span> 
     </span>
     <span class='ocr_line' id='line_1_14' title="bbox 106 1074 1540 1135; baseline -0.001 -13"><span class='ocrx_word' id='word_1_112' title='bbox 106 1078 388 1131; x_wconf 79' lang='grc' dir='ltr'><strong><em>σκευάσμεθα.</em></strong></span> <span class='ocrx_word' id='word_1_113' title='bbox 455 1078 512 1127; x_wconf 78' lang='grc' dir='ltr'><strong><em>ὥς</em></strong></span> <span class='ocrx_word' id='word_1_114' title='bbox 547 1074 622 1120; x_wconf 76' lang='grc' dir='ltr'><strong>οὖν</strong></span> <span class='ocrx_word' id='word_1_115' title='bbox 661 1075 768 1120; x_wconf 77' lang='grc' dir='ltr'><strong><em>οὕτω</em></strong></span> <span class='ocrx_word' id='word_1_116' title='bbox 809 1081 1234 1135; x_wconf 78' lang='grc' dir='ltr'><strong><em>παρεσκευασμένοις,</em></strong></span> <span class='ocrx_word' id='word_1_117' title='bbox 1278 1075 1404 1128; x_wconf 77' lang='grc' dir='ltr'><strong><em>αὖτὸς</em></strong></span> <span class='ocrx_word' id='word_1_118' title='bbox 1447 1077 1540 1121; x_wconf 76' lang='grc' dir='ltr'><strong><em>ὅποι</em></strong></span> 
     </span>
     <span class='ocr_line' id='line_1_15' title="bbox 109 1142 1541 1200; baseline 0 -15"><span class='ocrx_word' id='word_1_119' title='bbox 109 1146 227 1186; x_wconf 79' lang='grc' dir='ltr'><strong><em>δοκεῖ</em></strong></span> <span class='ocrx_word' id='word_1_120' title='bbox 253 1146 414 1196; x_wconf 80' lang='grc' dir='ltr'><strong><em>βέλτιον</em></strong></span> <span class='ocrx_word' id='word_1_121' title='bbox 461 1143 607 1198; x_wconf 80' lang='grc' dir='ltr'><strong><em>ἡγοῦ.”</em></strong></span> <span class='ocrx_word' id='word_1_122' title='bbox 673 1143 780 1199; x_wconf 76' lang='grc' dir='ltr'><strong><em>πρός</em></strong></span> <span class='ocrx_word' id='word_1_123' title='bbox 818 1142 890 1186; x_wconf 79' lang='grc' dir='ltr'><strong>οὖν</strong></span> <span class='ocrx_word' id='word_1_124' title='bbox 922 1143 996 1199; x_wconf 70' lang='grc' dir='ltr'><strong>την</strong></span> <span class='ocrx_word' id='word_1_125' title='bbox 1028 1143 1221 1199; x_wconf 76' lang='grc' dir='ltr'><strong><em>τοιαύτην</em></strong></span> <span class='ocrx_word' id='word_1_126' title='bbox 1259 1145 1541 1200; x_wconf 77' lang='grc' dir='ltr'><strong><em>βραχυλογίαν</em></strong></span> 
     </span>
     <span class='ocr_line' id='line_1_16' title="bbox 60 1207 1542 1266; baseline -0.001 -14"><span class='ocrx_word' id='word_1_127' title='bbox 60 1211 178 1263; x_wconf 72' lang='grc' dir='ltr'><strong>ι5καί</strong></span> <span class='ocrx_word' id='word_1_128' title='bbox 206 1207 228 1250; x_wconf 80' lang='grc' dir='ltr'><strong><em>ὅ</em></strong></span> <span class='ocrx_word' id='word_1_129' title='bbox 256 1208 452 1263; x_wconf 76' lang='grc' dir='ltr'><strong><em>βασιλεὺς</em></strong></span> <span class='ocrx_word' id='word_1_130' title='bbox 477 1209 643 1263; x_wconf 75' lang='grc' dir='ltr'><strong><em>ἡσθείς,</em></strong></span> <span class='ocrx_word' id='word_1_131' title='bbox 685 1212 847 1252; x_wconf 82' lang='grc' dir='ltr'><strong><em>ἐκέλευε</em></strong></span> <span class='ocrx_word' id='word_1_132' title='bbox 879 1213 930 1266; x_wconf 81' lang='grc' dir='ltr'><strong><em>τῇ</em></strong></span> <span class='ocrx_word' id='word_1_133' title='bbox 957 1208 1149 1264; x_wconf 80' lang='grc' dir='ltr'><strong><em>σάλπιγγι</em></strong></span> <span class='ocrx_word' id='word_1_134' title='bbox 1177 1209 1252 1265; x_wconf 73' lang='grc' dir='ltr'><strong>την</strong></span> <span class='ocrx_word' id='word_1_135' title='bbox 1276 1209 1542 1264; x_wconf 71' lang='grc' dir='ltr'><strong><em>ἀναχώρησιν</em></strong></span> 
     </span>
     <span class='ocr_line' id='line_1_17' title="bbox 107 1273 1540 1330; baseline -0.001 -12"><span class='ocrx_word' id='word_1_136' title='bbox 107 1277 321 1330; x_wconf 80' lang='grc' dir='ltr'><strong><em>σημαίνειν</em></strong></span> <span class='ocrx_word' id='word_1_137' title='bbox 349 1273 421 1316; x_wconf 77' lang='grc' dir='ltr'><strong>καὶ</strong></span> <span class='ocrx_word' id='word_1_138' title='bbox 446 1273 739 1328; x_wconf 78' lang='grc' dir='ltr'><strong><em>συνταξάμενοι</em></strong></span> <span class='ocrx_word' id='word_1_139' title='bbox 769 1274 970 1330; x_wconf 75' lang='grc' dir='ltr'><strong><em>ἐχώρουν.</em></strong></span> <span class='ocrx_word' id='word_1_140' title='bbox 1025 1275 1277 1325; x_wconf 83' lang='grc' dir='ltr'><strong><em>Ἀπόκαυκος</em></strong></span> <span class='ocrx_word' id='word_1_141' title='bbox 1310 1273 1394 1317; x_wconf 83' lang='grc' dir='ltr'><strong>δὲὸ</strong></span> <span class='ocrx_word' id='word_1_142' title='bbox 1410 1276 1540 1329; x_wconf 74' lang='grc' dir='ltr'><strong><em>μέγας</em></strong></span> 
     </span>
     <span class='ocr_line' id='line_1_18' title="bbox 109 1340 1542 1398; baseline -0.001 -15"><span class='ocrx_word' id='word_1_143' title='bbox 109 1340 211 1392; x_wconf 71' lang='grc' dir='ltr'><strong>ὃοὺξ</strong></span> <span class='ocrx_word' id='word_1_144' title='bbox 246 1343 291 1383; x_wconf 81' lang='grc' dir='ltr'><strong>ἐν</strong></span> <span class='ocrx_word' id='word_1_145' title='bbox 324 1340 602 1398; x_wconf 82' lang='grc' dir='ltr'><strong><em>Θεσσαλονίκῃ</em></strong></span> <span class='ocrx_word' id='word_1_146' title='bbox 639 1340 714 1395; x_wconf 76' lang='grc' dir='ltr'><strong>την</strong></span> <span class='ocrx_word' id='word_1_147' title='bbox 742 1342 939 1396; x_wconf 83' lang='grc' dir='ltr'><strong><em>ἐσομένην</em></strong></span> <span class='ocrx_word' id='word_1_148' title='bbox 975 1342 1164 1396; x_wconf 76' lang='grc' dir='ltr'><strong><em>ταραχήν</em></strong></span> <span class='ocrx_word' id='word_1_149' title='bbox 1193 1340 1292 1397; x_wconf 74' lang='grc' dir='ltr'><strong><em>περὶ</em></strong></span> <span class='ocrx_word' id='word_1_150' title='bbox 1314 1340 1391 1396; x_wconf 76' lang='grc' dir='ltr'><strong>τήν</strong></span> <span class='ocrx_word' id='word_1_151' title='bbox 1417 1344 1542 1394; x_wconf 84' lang='grc' dir='ltr'><strong><em>βασι-</em></strong></span> 
     </span>
     <span class='ocr_line' id='line_1_19' title="bbox 103 1403 1538 1464; baseline -0.001 -15"><span class='ocrx_word' id='word_1_152' title='bbox 103 1409 211 1456; x_wconf 76' lang='grc' dir='ltr'><strong><em>λέως</em></strong></span> <span class='ocrx_word' id='word_1_153' title='bbox 237 1405 433 1461; x_wconf 76' lang='grc' dir='ltr'><strong><em>στρατιὰν</em></strong></span> <span class='ocrx_word' id='word_1_154' title='bbox 458 1404 606 1458; x_wconf 78' lang='grc' dir='ltr'><strong><em>εἰδώς,</em></strong></span> <span class='ocrx_word' id='word_1_155' title='bbox 649 1407 709 1463; x_wconf 82' lang='grc' dir='ltr'><strong>(οἱ</strong></span> <span class='ocrx_word' id='word_1_156' title='bbox 737 1406 816 1462; x_wconf 81' lang='grc' dir='ltr'><strong>γὰρ</strong></span> <span class='ocrx_word' id='word_1_157' title='bbox 863 1406 1147 1461; x_wconf 78' lang='grc' dir='ltr'><strong><em>διαλεγόμενοι</em></strong></span> <span class='ocrx_word' id='word_1_158' title='bbox 1183 1406 1328 1464; x_wconf 71' lang='grc' dir='ltr'><strong><em>κρύφα</em></strong></span> <span class='ocrx_word' id='word_1_159' title='bbox 1358 1408 1461 1462; x_wconf 82' lang='grc' dir='ltr'><strong><em>πρὸς</em></strong></span> <span class='ocrx_word' id='word_1_160' title='bbox 1492 1403 1538 1448; x_wconf 73' lang='lat' dir='ltr'><strong>td</strong></span> 
     </span>
     <span class='ocr_line' id='line_1_20' title="bbox 109 1468 1541 1528; baseline 0 -14"><span class='ocrx_word' id='word_1_161' title='bbox 109 1469 355 1514; x_wconf 74' lang='grc' dir='ltr'><strong><em>διαλύεσθαι</em></strong></span> <span class='ocrx_word' id='word_1_162' title='bbox 382 1469 594 1528; x_wconf 78' lang='grc' dir='ltr'><strong><em>ἑμῆνυον,)</em></strong></span> <span class='ocrx_word' id='word_1_163' title='bbox 625 1468 762 1527; x_wconf 72' lang='grc' dir='ltr'><strong><em>ὥσπερ</em></strong></span> <span class='ocrx_word' id='word_1_164' title='bbox 793 1471 1092 1527; x_wconf 69' lang='grc' dir='ltr'><strong><em>ἀναθαρσήσας</em></strong></span> <span class='ocrx_word' id='word_1_165' title='bbox 1118 1472 1198 1514; x_wconf 86' lang='grc' dir='ltr'><strong>καί</strong></span> <span class='ocrx_word' id='word_1_166' title='bbox 1223 1489 1263 1515; x_wconf 88' lang='grc' dir='ltr'><strong>τι</strong></span> <span class='ocrx_word' id='word_1_167' title='bbox 1287 1472 1393 1514; x_wconf 83' lang='grc' dir='ltr'><strong><em>κατὰ</em></strong></span> <span class='ocrx_word' id='word_1_168' title='bbox 1419 1476 1541 1527; x_wconf 89' lang='grc' dir='ltr'><strong><em>βασι-</em></strong></span> 
     </span>
     <span class='ocr_line' id='line_1_21' title="bbox 57 1534 1540 1592; baseline -0.001 -12"><span class='ocrx_word' id='word_1_169' title='bbox 57 1540 211 1590; x_wconf 68' lang='grc' dir='ltr'><strong><em>2ολέως</em></strong></span> <span class='ocrx_word' id='word_1_170' title='bbox 249 1534 505 1590; x_wconf 73' lang='grc' dir='ltr'><strong><em>δυνήσεσθαι</em></strong></span> <span class='ocrx_word' id='word_1_171' title='bbox 532 1537 704 1585; x_wconf 83' lang='grc' dir='ltr'><strong><em>ἐλπίσας</em></strong></span> <span class='ocrx_word' id='word_1_172' title='bbox 734 1535 805 1578; x_wconf 79' lang='grc' dir='ltr'><strong>διὰ</strong></span> <span class='ocrx_word' id='word_1_173' title='bbox 844 1536 919 1591; x_wconf 76' lang='grc' dir='ltr'><strong>τήν</strong></span> <span class='ocrx_word' id='word_1_174' title='bbox 949 1539 1176 1592; x_wconf 78' lang='grc' dir='ltr'><strong><em>προδοσίαν</em></strong></span> <span class='ocrx_word' id='word_1_175' title='bbox 1202 1538 1284 1579; x_wconf 76' lang='grc' dir='ltr'><strong>τῶν</strong></span> <span class='ocrx_word' id='word_1_176' title='bbox 1311 1534 1540 1589; x_wconf 84' lang='grc' dir='ltr'><strong><em>συνόντων,</em></strong></span> 
     </span>
     <span class='ocr_line' id='line_1_22' title="bbox 107 1596 1585 1657; baseline -0.001 -14"><span class='ocrx_word' id='word_1_177' title='bbox 107 1600 204 1651; x_wconf 79' lang='grc' dir='ltr'><strong><em>τούς</em></strong></span> <span class='ocrx_word' id='word_1_178' title='bbox 239 1599 407 1650; x_wconf 80' lang='grc' dir='ltr'><strong><em>ὁπλίτας</em></strong></span> <span class='ocrx_word' id='word_1_179' title='bbox 444 1598 533 1643; x_wconf 84' lang='grc' dir='ltr'><strong><em>ὅσοι</em></strong></span> <span class='ocrx_word' id='word_1_180' title='bbox 572 1596 681 1656; x_wconf 76' lang='grc' dir='ltr'><strong><em>ἦσαν</em></strong></span> <span class='ocrx_word' id='word_1_181' title='bbox 718 1603 790 1643; x_wconf 82' lang='grc' dir='ltr'><em>καί</em></span> <span class='ocrx_word' id='word_1_182' title='bbox 826 1600 976 1655; x_wconf 72' lang='grc' dir='ltr'><strong><em>ψιλοὺς</em></strong></span> <span class='ocrx_word' id='word_1_183' title='bbox 1015 1600 1182 1652; x_wconf 81' lang='grc' dir='ltr'><strong><em>τοξότας</em></strong></span> <span class='ocrx_word' id='word_1_184' title='bbox 1215 1605 1299 1643; x_wconf 78' lang='grc' dir='ltr'><strong>τῶν</strong></span> <span class='ocrx_word' id='word_1_185' title='bbox 1336 1604 1585 1657; x_wconf 75' lang='grc' dir='ltr'><strong><em>τριηρέωνο</em></strong></span> 
     </span>
     <span class='ocr_line' id='line_1_23' title="bbox 108 1663 1539 1722; baseline 0 -14"><span class='ocrx_word' id='word_1_186' title='bbox 108 1664 319 1720; x_wconf 74' lang='grc' dir='ltr'><strong><em>ἐξαγαγών</em></strong></span> <span class='ocrx_word' id='word_1_187' title='bbox 357 1664 430 1708; x_wconf 80' lang='grc' dir='ltr'><em>καί</em></span> <span class='ocrx_word' id='word_1_188' title='bbox 462 1667 508 1708; x_wconf 80' lang='grc' dir='ltr'><strong>ἐκ</strong></span> <span class='ocrx_word' id='word_1_189' title='bbox 548 1667 850 1722; x_wconf 85' lang='grc' dir='ltr'><strong><em>Θεσσαλονίκης</em></strong></span> <span class='ocrx_word' id='word_1_190' title='bbox 890 1663 1016 1716; x_wconf 76' lang='grc' dir='ltr'><strong><em>ὅσους</em></strong></span> <span class='ocrx_word' id='word_1_191' title='bbox 1050 1663 1230 1719; x_wconf 83' lang='grc' dir='ltr'><strong><em>μάλιστα</em></strong></span> <span class='ocrx_word' id='word_1_192' title='bbox 1268 1668 1363 1722; x_wconf 75' lang='grc' dir='ltr'><strong><em>ἐνῆν</em></strong></span> <span class='ocrx_word' id='word_1_193' title='bbox 1389 1665 1539 1715; x_wconf 83' lang='grc' dir='ltr'><strong><em>ἱππέας</em></strong></span> 
     </span>
     <span class='ocr_line' id='line_1_24' title="bbox 109 1729 1540 1788; baseline -0.001 -14"><span class='ocrx_word' id='word_1_194' title='bbox 109 1747 153 1774; x_wconf 78' lang='grc' dir='ltr'><strong>τε</strong></span> <span class='ocrx_word' id='word_1_195' title='bbox 174 1731 246 1774; x_wconf 77' lang='grc' dir='ltr'>καί</span> <span class='ocrx_word' id='word_1_196' title='bbox 271 1730 438 1782; x_wconf 78' lang='grc' dir='ltr'><strong><em>ὁπλίτας</em></strong></span> <span class='ocrx_word' id='word_1_197' title='bbox 465 1733 538 1774; x_wconf 82' lang='grc' dir='ltr'><em>καί</em></span> <span class='ocrx_word' id='word_1_198' title='bbox 564 1731 737 1786; x_wconf 78' lang='grc' dir='ltr'><strong><em>ψιλοὺς,</em></strong></span> <span class='ocrx_word' id='word_1_199' title='bbox 784 1733 857 1774; x_wconf 82' lang='grc' dir='ltr'><strong><em>καί</em></strong></span> <span class='ocrx_word' id='word_1_200' title='bbox 884 1730 1061 1788; x_wconf 78' lang='grc' dir='ltr'><strong><em>Συργὴν,</em></strong></span> <span class='ocrx_word' id='word_1_201' title='bbox 1091 1729 1137 1781; x_wconf 78' lang='grc' dir='ltr'><strong><em>ὃς</em></strong></span> <span class='ocrx_word' id='word_1_202' title='bbox 1163 1732 1237 1774; x_wconf 79' lang='grc' dir='ltr'><strong><em>καί</em></strong></span> <span class='ocrx_word' id='word_1_203' title='bbox 1259 1730 1363 1786; x_wconf 80' lang='grc' dir='ltr'><strong><em>μετὰ</em></strong></span> <span class='ocrx_word' id='word_1_204' title='bbox 1388 1730 1540 1788; x_wconf 83' lang='grc' dir='ltr'><strong><em>μικρὸν</em></strong></span> 
     </span>
    </p>
   </div>
   <div class='ocr_carea' id='block_1_3' title="bbox 207 1835 1288 1890">
    <p class='ocr_par' dir='ltr' id='par_1_3' title="bbox 207 1835 1288 1890">
     <span class='ocr_line' id='line_1_25' title="bbox 207 1835 1288 1890; baseline -0.001 -14"><span class='ocrx_word' id='word_1_205' title='bbox 207 1843 266 1878; x_wconf 61' lang='grc'><strong>13.</strong></span> <span class='ocrx_word' id='word_1_206' title='bbox 295 1843 673 1890; x_wconf 79' lang='grc' dir='ltr'><strong><em>παρεσκευασμένους</em></strong></span> <span class='ocrx_word' id='word_1_207' title='bbox 695 1843 858 1878; x_wconf 83' lang='lat' dir='ltr'><strong>fortasse.</strong></span> <span class='ocrx_word' id='word_1_208' title='bbox 959 1854 1010 1889; x_wconf 85' lang='lat'><strong>¹7·</strong></span> <span class='ocrx_word' id='word_1_209' title='bbox 1034 1835 1228 1888; x_wconf 75' lang='grc' dir='ltr'><strong><em>ταρῥαχῆν</em></strong></span> <span class='ocrx_word' id='word_1_210' title='bbox 1252 1843 1288 1878; x_wconf 84' lang='grc' dir='ltr'><strong>Ρ.</strong></span> 
     </span>
    </p>
   </div>
   <div class='ocr_carea' id='block_1_4' title="bbox 110 1953 1546 2833">
    <p class='ocr_par' dir='ltr' id='par_1_4' title="bbox 110 1953 1546 2833">
     <span class='ocr_line' id='line_1_26' title="bbox 110 1953 1542 1998; baseline -0.002 -8"><span class='ocrx_word' id='word_1_211' title='bbox 110 1966 190 1990; x_wconf 86' lang='lat' dir='ltr'><strong>cum</strong></span> <span class='ocrx_word' id='word_1_212' title='bbox 212 1954 251 1989; x_wconf 83' lang='lat' dir='ltr'><strong>id</strong></span> <span class='ocrx_word' id='word_1_213' title='bbox 279 1958 363 1988; x_wconf 85' lang='lat' dir='ltr'><strong>aute</strong></span> <span class='ocrx_word' id='word_1_214' title='bbox 386 1953 474 1987; x_wconf 87' lang='lat' dir='ltr'><strong>mihi</strong></span> <span class='ocrx_word' id='word_1_215' title='bbox 499 1954 759 1998; x_wconf 82' lang='lat' dir='ltr'><strong>persuaserim.</strong></span> <span class='ocrx_word' id='word_1_216' title='bbox 783 1964 881 1987; x_wconf 89' lang='lat' dir='ltr'><strong>nunc</strong></span> <span class='ocrx_word' id='word_1_217' title='bbox 904 1953 942 1986; x_wconf 87' lang='lat' dir='ltr'><strong>id</strong></span> <span class='ocrx_word' id='word_1_218' title='bbox 966 1953 1070 1989; x_wconf 84' lang='lat' dir='ltr'><strong>vobis</strong></span> <span class='ocrx_word' id='word_1_219' title='bbox 1094 1954 1226 1988; x_wconf 79' lang='lat' dir='ltr'>suadeo</span> <span class='ocrx_word' id='word_1_220' title='bbox 1245 1979 1255 1994; x_wconf 94' lang='lat'>,</span> <span class='ocrx_word' id='word_1_221' title='bbox 1289 1953 1335 1987; x_wconf 82' lang='lat' dir='ltr'><strong>ad</strong></span> <span class='ocrx_word' id='word_1_222' title='bbox 1359 1954 1542 1988; x_wconf 82' lang='lat' dir='ltr'><strong>Triballo-</strong></span> 
     </span>
     <span class='ocr_line' id='line_1_27' title="bbox 110 2000 1542 2046; baseline -0.001 -10"><span class='ocrx_word' id='word_1_223' title='bbox 110 2013 187 2038; x_wconf 81' lang='lat' dir='ltr'><strong>rum</strong></span> <span class='ocrx_word' id='word_1_224' title='bbox 215 2001 412 2046; x_wconf 81' lang='lat' dir='ltr'>principem</span> <span class='ocrx_word' id='word_1_225' title='bbox 438 2001 546 2033; x_wconf 88' lang='lat' dir='ltr'><strong>etiam</strong></span> <span class='ocrx_word' id='word_1_226' title='bbox 571 2001 658 2034; x_wconf 85' lang='lat' dir='ltr'><strong>olim</strong></span> <span class='ocrx_word' id='word_1_227' title='bbox 685 2000 774 2033; x_wconf 87' lang='lat' dir='ltr'><strong>mihi</strong></span> <span class='ocrx_word' id='word_1_228' title='bbox 799 2001 953 2033; x_wconf 85' lang='lat' dir='ltr'><strong>amicum</strong></span> <span class='ocrx_word' id='word_1_229' title='bbox 977 2006 1014 2034; x_wconf 82' lang='lat' dir='ltr'><strong>et</strong></span> <span class='ocrx_word' id='word_1_230' title='bbox 1037 2011 1152 2044; x_wconf 81' lang='lat' dir='ltr'><strong>nuper</strong></span> <span class='ocrx_word' id='word_1_231' title='bbox 1176 2001 1221 2034; x_wconf 84' lang='lat' dir='ltr'><strong>de</strong></span> <span class='ocrx_word' id='word_1_232' title='bbox 1247 2001 1386 2046; x_wconf 81' lang='lat' dir='ltr'><strong>integro</strong></span> <span class='ocrx_word' id='word_1_233' title='bbox 1416 2001 1542 2035; x_wconf 84' lang='lat' dir='ltr'><strong>foede-</strong></span> 
     </span>
     <span class='ocr_line' id='line_1_28' title="bbox 111 2046 1541 2089; baseline -0.001 -7"><span class='ocrx_word' id='word_1_234' title='bbox 111 2052 227 2083; x_wconf 77' lang='lat' dir='ltr'><strong>ratum</strong></span> <span class='ocrx_word' id='word_1_235' title='bbox 253 2047 512 2081; x_wconf 77' lang='lat' dir='ltr'><strong>concedamus:</strong></span> <span class='ocrx_word' id='word_1_236' title='bbox 536 2047 637 2079; x_wconf 88' lang='lat' dir='ltr'><strong>cuius</strong></span> <span class='ocrx_word' id='word_1_237' title='bbox 663 2047 807 2080; x_wconf 75' lang='lat' dir='ltr'><strong>adaucti</strong></span> <span class='ocrx_word' id='word_1_238' title='bbox 841 2047 977 2080; x_wconf 85' lang='lat' dir='ltr'><strong>viribus</strong></span> <span class='ocrx_word' id='word_1_239' title='bbox 1010 2046 1302 2089; x_wconf 84' lang='lat' dir='ltr'><strong>Didymotichum</strong></span> <span class='ocrx_word' id='word_1_240' title='bbox 1338 2059 1421 2080; x_wconf 78' lang='lat' dir='ltr'><strong>mox</strong></span> <span class='ocrx_word' id='word_1_241' title='bbox 1455 2048 1541 2081; x_wconf 88' lang='lat' dir='ltr'><strong>red-</strong></span> 
     </span>
     <span class='ocr_line' id='line_1_29' title="bbox 113 2092 1543 2134; baseline -0.002 -6"><span class='ocrx_word' id='word_1_242' title='bbox 113 2098 266 2134; x_wconf 85' lang='lat' dir='ltr'><strong>euntes,</strong></span> <span class='ocrx_word' id='word_1_243' title='bbox 304 2094 351 2125; x_wconf 83' lang='lat' dir='ltr'><strong>ad</strong></span> <span class='ocrx_word' id='word_1_244' title='bbox 384 2098 502 2127; x_wconf 84' lang='lat' dir='ltr'><strong>cetera</strong></span> <span class='ocrx_word' id='word_1_245' title='bbox 533 2092 624 2126; x_wconf 85' lang='lat' dir='ltr'><strong>belli</strong></span> <span class='ocrx_word' id='word_1_246' title='bbox 648 2103 721 2126; x_wconf 88' lang='lat' dir='ltr'><strong>non</strong></span> <span class='ocrx_word' id='word_1_247' title='bbox 745 2093 960 2127; x_wconf 86' lang='lat' dir='ltr'>mediocrem</span> <span class='ocrx_word' id='word_1_248' title='bbox 996 2103 1039 2126; x_wconf 82' lang='lat' dir='ltr'><strong>ex</strong></span> <span class='ocrx_word' id='word_1_249' title='bbox 1072 2095 1149 2126; x_wconf 87' lang='lat' dir='ltr'><strong>eius</strong></span> <span class='ocrx_word' id='word_1_250' title='bbox 1186 2093 1356 2126; x_wconf 81' lang='lat' dir='ltr'><strong>societate</strong></span> <span class='ocrx_word' id='word_1_251' title='bbox 1389 2094 1543 2126; x_wconf 80' lang='lat' dir='ltr'><strong>fructum</strong></span> 
     </span>
     <span class='ocr_line' id='line_1_30' title="bbox 113 2138 1546 2185; baseline -0.001 -11"><span class='ocrx_word' id='word_1_252' title='bbox 113 2141 303 2185; x_wconf 73' lang='lat' dir='ltr'><strong>capiemus.</strong></span> <span class='ocrx_word' id='word_1_253' title='bbox 351 2139 446 2173; x_wconf 85' lang='lat' dir='ltr'><strong>Haec</strong></span> <span class='ocrx_word' id='word_1_254' title='bbox 473 2139 564 2173; x_wconf 80' lang='lat' dir='ltr'><strong>mihi</strong></span> <span class='ocrx_word' id='word_1_255' title='bbox 587 2138 786 2172; x_wconf 80' lang='lat' dir='ltr'><strong>conducere</strong></span> <span class='ocrx_word' id='word_1_256' title='bbox 809 2140 847 2172; x_wconf 90' lang='lat' dir='ltr'><strong>iu</strong></span> <span class='ocrx_word' id='word_1_257' title='bbox 874 2150 1040 2184; x_wconf 82' lang='lat' dir='ltr'><strong>praesens</strong></span> <span class='ocrx_word' id='word_1_258' title='bbox 1070 2140 1145 2172; x_wconf 86' lang='lat' dir='ltr'><strong>visa</strong></span> <span class='ocrx_word' id='word_1_259' title='bbox 1170 2143 1264 2172; x_wconf 84' lang='lat' dir='ltr'><strong>sunt.</strong></span> <span class='ocrx_word' id='word_1_260' title='bbox 1301 2139 1340 2172; x_wconf 80' lang='lat' dir='ltr'><strong>Si</strong></span> <span class='ocrx_word' id='word_1_261' title='bbox 1365 2139 1445 2183; x_wconf 85' lang='lat' dir='ltr'><strong>quis</strong></span> <span class='ocrx_word' id='word_1_262' title='bbox 1468 2150 1546 2172; x_wconf 89' lang='lat' dir='ltr'><strong>me·-</strong></span> 
     </span>
     <span class='ocr_line' id='line_1_31' title="bbox 112 2184 1544 2232; baseline -0.001 -12"><span class='ocrx_word' id='word_1_263' title='bbox 112 2187 205 2221; x_wconf 86' lang='lat' dir='ltr'><strong>liora</strong></span> <span class='ocrx_word' id='word_1_264' title='bbox 231 2185 415 2226; x_wconf 81' lang='lat' dir='ltr'><strong>attulerit,</strong></span> <span class='ocrx_word' id='word_1_265' title='bbox 441 2191 478 2219; x_wconf 88' lang='lat' dir='ltr'><strong>et</strong></span> <span class='ocrx_word' id='word_1_266' title='bbox 500 2187 577 2231; x_wconf 87' lang='lat' dir='ltr'><strong>ipse</strong></span> <span class='ocrx_word' id='word_1_267' title='bbox 594 2185 712 2219; x_wconf 89' lang='lat' dir='ltr'><strong>libens</strong></span> <span class='ocrx_word' id='word_1_268' title='bbox 739 2186 917 2232; x_wconf 86' lang='lat' dir='ltr'><strong>obsequar</strong></span> <span class='ocrx_word' id='word_1_269' title='bbox 940 2192 976 2219; x_wconf 83' lang='lat' dir='ltr'><strong>et</strong></span> <span class='ocrx_word' id='word_1_270' title='bbox 1001 2186 1092 2218; x_wconf 81' lang='lat' dir='ltr'><strong>alios</strong></span> <span class='ocrx_word' id='word_1_271' title='bbox 1116 2185 1161 2218; x_wconf 87' lang='lat' dir='ltr'><strong>ad</strong></span> <span class='ocrx_word' id='word_1_272' title='bbox 1186 2184 1459 2230; x_wconf 85' lang='lat' dir='ltr'><strong>obsequendum</strong></span> <span class='ocrx_word' id='word_1_273' title='bbox 1486 2186 1544 2218; x_wconf 89' lang='lat' dir='ltr'><strong>iu·</strong></span> 
     </span>
     <span class='ocr_line' id='line_1_32' title="bbox 112 2231 1542 2277; baseline -0.003 -9"><span class='ocrx_word' id='word_1_274' title='bbox 112 2234 254 2268; x_wconf 85' lang='lat' dir='ltr'><strong>ducam.</strong></span> <span class='ocrx_word' id='word_1_275' title='bbox 301 2232 481 2267; x_wconf 78' lang='lat' dir='ltr'><strong>Hactenus</strong></span> <span class='ocrx_word' id='word_1_276' title='bbox 513 2234 718 2277; x_wconf 83' lang='lat' dir='ltr'><strong>imperator.</strong></span> <span class='ocrx_word' id='word_1_277' title='bbox 767 2233 953 2266; x_wconf 81' lang='lat' dir='ltr'><strong>Exercitus</strong></span> <span class='ocrx_word' id='word_1_278' title='bbox 977 2237 1096 2265; x_wconf 89' lang='lat' dir='ltr'><strong>autem</strong></span> <span class='ocrx_word' id='word_1_279' title='bbox 1128 2233 1270 2265; x_wconf 82' lang='lat' dir='ltr'><strong>circiter</strong></span> <span class='ocrx_word' id='word_1_280' title='bbox 1295 2231 1404 2264; x_wconf 90' lang='lat' dir='ltr'><strong>duum</strong></span> <span class='ocrx_word' id='word_1_281' title='bbox 1429 2231 1542 2264; x_wconf 87' lang='lat' dir='ltr'><strong>milli-</strong></span> 
     </span>
     <span class='ocr_line' id='line_1_33' title="bbox 114 2277 1542 2322; baseline -0.002 -9"><span class='ocrx_word' id='word_1_282' title='bbox 114 2291 174 2313; x_wconf 86' lang='lat' dir='ltr'><strong>um</strong></span> <span class='ocrx_word' id='word_1_283' title='bbox 199 2283 236 2311; x_wconf 84' lang='lat' dir='ltr'><strong>et</strong></span> <span class='ocrx_word' id='word_1_284' title='bbox 263 2277 371 2311; x_wconf 76' lang='lat' dir='ltr'><strong>duces</strong></span> <span class='ocrx_word' id='word_1_285' title='bbox 398 2278 679 2322; x_wconf 81' lang='lat' dir='ltr'><strong>responderunt,</strong></span> <span class='ocrx_word' id='word_1_286' title='bbox 708 2289 781 2312; x_wconf 90' lang='lat' dir='ltr'><strong>non</strong></span> <span class='ocrx_word' id='word_1_287' title='bbox 806 2289 843 2312; x_wconf 76' lang='lat' dir='ltr'><strong>se</strong></span> <span class='ocrx_word' id='word_1_288' title='bbox 868 2279 924 2312; x_wconf 83' lang='lat' dir='ltr'><strong>vel</strong></span> <span class='ocrx_word' id='word_1_289' title='bbox 948 2278 1194 2312; x_wconf 82' lang='lat' dir='ltr'><strong>admonitione</strong></span> <span class='ocrx_word' id='word_1_290' title='bbox 1221 2277 1280 2311; x_wconf 86' lang='lat' dir='ltr'><strong>vel</strong></span> <span class='ocrx_word' id='word_1_291' title='bbox 1303 2277 1454 2310; x_wconf 86' lang='lat' dir='ltr'><strong>consilio</strong></span> <span class='ocrx_word' id='word_1_292' title='bbox 1483 2279 1542 2311; x_wconf 86' lang='lat' dir='ltr'><strong>in·</strong></span> 
     </span>
     <span class='ocr_line' id='line_1_34' title="bbox 116 2323 1543 2371; baseline -0.002 -12"><span class='ocrx_word' id='word_1_293' title='bbox 116 2326 258 2371; x_wconf 79' lang='lat' dir='ltr'><strong>digere3</strong></span> <span class='ocrx_word' id='word_1_294' title='bbox 282 2323 345 2357; x_wconf 81' lang='lat' dir='ltr'><strong>sed</strong></span> <span class='ocrx_word' id='word_1_295' title='bbox 371 2335 466 2368; x_wconf 76' lang='lat' dir='ltr'><strong>quae</strong></span> <span class='ocrx_word' id='word_1_296' title='bbox 490 2325 567 2358; x_wconf 92' lang='lat' dir='ltr'><strong>Deo</strong></span> <span class='ocrx_word' id='word_1_297' title='bbox 591 2330 628 2359; x_wconf 88' lang='lat' dir='ltr'><strong>et</strong></span> <span class='ocrx_word' id='word_1_298' title='bbox 651 2325 862 2369; x_wconf 76' lang='lat' dir='ltr'><strong>Imperatori</strong></span> <span class='ocrx_word' id='word_1_299' title='bbox 885 2325 1075 2370; x_wconf 84' lang='lat' dir='ltr'><strong>placeant,</strong></span> <span class='ocrx_word' id='word_1_300' title='bbox 1114 2324 1235 2358; x_wconf 88' lang='lat' dir='ltr'><strong>omnia</strong></span> <span class='ocrx_word' id='word_1_301' title='bbox 1257 2323 1376 2356; x_wconf 87' lang='lat' dir='ltr'><strong>facere</strong></span> <span class='ocrx_word' id='word_1_302' title='bbox 1398 2333 1439 2355; x_wconf 88' lang='lat' dir='ltr'><strong>ac</strong></span> <span class='ocrx_word' id='word_1_303' title='bbox 1463 2334 1543 2357; x_wconf 83' lang='lat' dir='ltr'><strong>sus-</strong></span> 
     </span>
     <span class='ocr_line' id='line_1_35' title="bbox 113 2369 1540 2416; baseline -0.002 -10"><span class='ocrx_word' id='word_1_304' title='bbox 113 2373 231 2406; x_wconf 81' lang='lat' dir='ltr'><strong>tinere</strong></span> <span class='ocrx_word' id='word_1_305' title='bbox 264 2375 447 2415; x_wconf 85' lang='lat' dir='ltr'><strong>promptos</strong></span> <span class='ocrx_word' id='word_1_306' title='bbox 481 2381 579 2405; x_wconf 85' lang='lat' dir='ltr'><strong>esse:</strong></span> <span class='ocrx_word' id='word_1_307' title='bbox 619 2377 656 2405; x_wconf 83' lang='lat' dir='ltr'><strong>et</strong></span> <span class='ocrx_word' id='word_1_308' title='bbox 678 2372 730 2403; x_wconf 87' lang='lat' dir='ltr'><strong>sic</strong></span> <span class='ocrx_word' id='word_1_309' title='bbox 758 2375 1001 2416; x_wconf 80' lang='lat' dir='ltr'><strong>comparatos,</strong></span> <span class='ocrx_word' id='word_1_310' title='bbox 1037 2372 1114 2416; x_wconf 89' lang='lat' dir='ltr'><strong>ipse</strong></span> <span class='ocrx_word' id='word_1_311' title='bbox 1139 2381 1211 2415; x_wconf 90' lang='lat' dir='ltr'><strong>quo</strong></span> <span class='ocrx_word' id='word_1_312' title='bbox 1249 2369 1445 2402; x_wconf 86' lang='lat' dir='ltr'><strong>consultius</strong></span> <span class='ocrx_word' id='word_1_313' title='bbox 1469 2381 1540 2414; x_wconf 88' lang='lat' dir='ltr'><strong>pu·-</strong></span> 
     </span>
     <span class='ocr_line' id='line_1_36' title="bbox 113 2415 1541 2461; baseline -0.003 -9"><span class='ocrx_word' id='word_1_314' title='bbox 113 2423 225 2459; x_wconf 80' lang='lat' dir='ltr'><strong>taret,</strong></span> <span class='ocrx_word' id='word_1_315' title='bbox 259 2417 416 2450; x_wconf 82' lang='lat' dir='ltr'><strong>duceret.</strong></span> <span class='ocrx_word' id='word_1_316' title='bbox 464 2416 540 2450; x_wconf 82' lang='lat' dir='ltr'><strong>Hoc</strong></span> <span class='ocrx_word' id='word_1_317' title='bbox 560 2417 661 2451; x_wconf 85' lang='lat' dir='ltr'><strong>brevi</strong></span> <span class='ocrx_word' id='word_1_318' title='bbox 689 2428 858 2461; x_wconf 79' lang='lat' dir='ltr'><strong>responso</strong></span> <span class='ocrx_word' id='word_1_319' title='bbox 883 2417 1103 2451; x_wconf 80' lang='lat' dir='ltr'><strong>exhilaratus</strong></span> <span class='ocrx_word' id='word_1_320' title='bbox 1127 2417 1344 2460; x_wconf 85' lang='lat' dir='ltr'><strong>imperator,</strong></span> <span class='ocrx_word' id='word_1_321' title='bbox 1374 2415 1541 2449; x_wconf 85' lang='lat' dir='ltr'><strong>tubarum</strong></span> 
     </span>
     <span class='ocr_line' id='line_1_37' title="bbox 115 2461 1542 2508; baseline -0.001 -10"><span class='ocrx_word' id='word_1_322' title='bbox 115 2465 281 2508; x_wconf 82' lang='lat' dir='ltr'><strong>clangore</strong></span> <span class='ocrx_word' id='word_1_323' title='bbox 305 2461 522 2497; x_wconf 77' lang='lat' dir='ltr'><strong>abscedendi</strong></span> <span class='ocrx_word' id='word_1_324' title='bbox 544 2464 683 2506; x_wconf 77' lang='lat' dir='ltr'><strong>signum</strong></span> <span class='ocrx_word' id='word_1_325' title='bbox 710 2463 789 2496; x_wconf 83' lang='lat' dir='ltr'><strong>dari</strong></span> <span class='ocrx_word' id='word_1_326' title='bbox 814 2464 935 2503; x_wconf 84' lang='lat' dir='ltr'><strong>iussit;</strong></span> <span class='ocrx_word' id='word_1_327' title='bbox 967 2464 1109 2508; x_wconf 81' lang='lat' dir='ltr'><strong>iamque</strong></span> <span class='ocrx_word' id='word_1_328' title='bbox 1136 2463 1263 2495; x_wconf 85' lang='lat' dir='ltr'><strong>ceteris</strong></span> <span class='ocrx_word' id='word_1_329' title='bbox 1294 2461 1542 2496; x_wconf 71' lang='lat' dir='ltr'><strong>valedixerunt</strong></span> 
     </span>
     <span class='ocr_line' id='line_1_38' title="bbox 116 2508 1540 2554; baseline -0.001 -10"><span class='ocrx_word' id='word_1_330' title='bbox 116 2515 156 2545; x_wconf 73' lang='lat' dir='ltr'><strong>ot</strong></span> <span class='ocrx_word' id='word_1_331' title='bbox 177 2511 269 2543; x_wconf 87' lang='lat' dir='ltr'><strong>viam</strong></span> <span class='ocrx_word' id='word_1_332' title='bbox 303 2509 509 2554; x_wconf 81' lang='lat' dir='ltr'><strong>carpebant.</strong></span> <span class='ocrx_word' id='word_1_333' title='bbox 557 2509 836 2545; x_wconf 81' lang='lat' dir='ltr'><strong>Thessalonicae</strong></span> <span class='ocrx_word' id='word_1_334' title='bbox 872 2515 991 2543; x_wconf 86' lang='lat' dir='ltr'><strong>autem</strong></span> <span class='ocrx_word' id='word_1_335' title='bbox 1025 2508 1258 2554; x_wconf 83' lang='lat' dir='ltr'><strong>Apocauchus</strong></span> <span class='ocrx_word' id='word_1_336' title='bbox 1289 2518 1435 2553; x_wconf 82' lang='lat' dir='ltr'><strong>magnus</strong></span> <span class='ocrx_word' id='word_1_337' title='bbox 1467 2509 1540 2543; x_wconf 81' lang='lat' dir='ltr'><strong>dux</strong></span> 
     </span>
     <span class='ocr_line' id='line_1_39' title="bbox 117 2554 1539 2601; baseline 0 -12"><span class='ocrx_word' id='word_1_338' title='bbox 117 2557 311 2590; x_wconf 79' lang='lat' dir='ltr'><strong>tumultum</strong></span> <span class='ocrx_word' id='word_1_339' title='bbox 335 2557 373 2588; x_wconf 91' lang='lat' dir='ltr'><strong>in</strong></span> <span class='ocrx_word' id='word_1_340' title='bbox 401 2557 558 2588; x_wconf 79' lang='lat' dir='ltr'><strong>exercitu</strong></span> <span class='ocrx_word' id='word_1_341' title='bbox 587 2557 810 2600; x_wconf 81' lang='lat' dir='ltr'><strong>imperatoris</strong></span> <span class='ocrx_word' id='word_1_342' title='bbox 845 2557 921 2589; x_wconf 89' lang='lat' dir='ltr'><strong>fore</strong></span> <span class='ocrx_word' id='word_1_343' title='bbox 946 2557 1083 2595; x_wconf 88' lang='lat' dir='ltr'><strong>sciens,</strong></span> <span class='ocrx_word' id='word_1_344' title='bbox 1105 2554 1363 2598; x_wconf 81' lang='lat' dir='ltr'><strong>(indicantibus</strong></span> <span class='ocrx_word' id='word_1_345' title='bbox 1386 2554 1448 2595; x_wconf 85' lang='lat' dir='ltr'><strong>id,</strong></span> <span class='ocrx_word' id='word_1_346' title='bbox 1474 2557 1539 2601; x_wconf 89' lang='lat' dir='ltr'><strong>qui</strong></span> 
     </span>
     <span class='ocr_line' id='line_1_40' title="bbox 117 2601 1539 2648; baseline 0 -13"><span class='ocrx_word' id='word_1_347' title='bbox 117 2603 210 2636; x_wconf 81' lang='lat' dir='ltr'><strong>elam</strong></span> <span class='ocrx_word' id='word_1_348' title='bbox 230 2613 307 2635; x_wconf 87' lang='lat' dir='ltr'><strong>cum</strong></span> <span class='ocrx_word' id='word_1_349' title='bbox 326 2613 369 2635; x_wconf 86' lang='lat' dir='ltr'><strong>eo</strong></span> <span class='ocrx_word' id='word_1_350' title='bbox 394 2602 438 2634; x_wconf 91' lang='lat' dir='ltr'><strong>de</strong></span> <span class='ocrx_word' id='word_1_351' title='bbox 462 2612 550 2645; x_wconf 83' lang='lat' dir='ltr'><strong>pace</strong></span> <span class='ocrx_word' id='word_1_352' title='bbox 573 2603 754 2648; x_wconf 80' lang='lat' dir='ltr'><strong>agebant.)</strong></span> <span class='ocrx_word' id='word_1_353' title='bbox 780 2603 881 2636; x_wconf 83' lang='lat' dir='ltr'><strong>velut</strong></span> <span class='ocrx_word' id='word_1_354' title='bbox 907 2602 1074 2635; x_wconf 81' lang='lat' dir='ltr'><strong>audacior</strong></span> <span class='ocrx_word' id='word_1_355' title='bbox 1095 2602 1208 2634; x_wconf 82' lang='lat' dir='ltr'><strong>factus</strong></span> <span class='ocrx_word' id='word_1_356' title='bbox 1235 2605 1271 2633; x_wconf 86' lang='lat' dir='ltr'><strong>et</strong></span> <span class='ocrx_word' id='word_1_357' title='bbox 1291 2601 1431 2646; x_wconf 86' lang='lat' dir='ltr'><strong>aliquid</strong></span> <span class='ocrx_word' id='word_1_358' title='bbox 1454 2613 1539 2635; x_wconf 90' lang='lat' dir='ltr'><strong>con-</strong></span> 
     </span>
     <span class='ocr_line' id='line_1_41' title="bbox 118 2646 1540 2693; baseline 0 -12"><span class='ocrx_word' id='word_1_359' title='bbox 118 2653 174 2682; x_wconf 77' lang='lat' dir='ltr'><strong>tra</strong></span> <span class='ocrx_word' id='word_1_360' title='bbox 197 2660 280 2682; x_wconf 87' lang='lat' dir='ltr'><strong>eum</strong></span> <span class='ocrx_word' id='word_1_361' title='bbox 303 2659 340 2682; x_wconf 85' lang='lat' dir='ltr'><strong>se</strong></span> <span class='ocrx_word' id='word_1_362' title='bbox 364 2649 569 2681; x_wconf 85' lang='lat' dir='ltr'><strong>effecturum</strong></span> <span class='ocrx_word' id='word_1_363' title='bbox 596 2659 764 2692; x_wconf 75' lang='lat' dir='ltr'><strong>sperans,</strong></span> <span class='ocrx_word' id='word_1_364' title='bbox 799 2653 978 2693; x_wconf 85' lang='lat' dir='ltr'><strong>quotquot</strong></span> <span class='ocrx_word' id='word_1_365' title='bbox 1004 2652 1104 2680; x_wconf 81' lang='lat' dir='ltr'><strong>eraut</strong></span> <span class='ocrx_word' id='word_1_366' title='bbox 1130 2649 1168 2680; x_wconf 88' lang='lat' dir='ltr'><strong>in</strong></span> <span class='ocrx_word' id='word_1_367' title='bbox 1191 2646 1396 2680; x_wconf 84' lang='lat' dir='ltr'><strong>triremibus</strong></span> <span class='ocrx_word' id='word_1_368' title='bbox 1421 2659 1540 2681; x_wconf 84' lang='lat' dir='ltr'><strong>arma-</strong></span> 
     </span>
     <span class='ocr_line' id='line_1_42' title="bbox 118 2693 1540 2739; baseline 0 -12"><span class='ocrx_word' id='word_1_369' title='bbox 118 2699 221 2727; x_wconf 77' lang='lat' dir='ltr'><strong>turae</strong></span> <span class='ocrx_word' id='word_1_370' title='bbox 245 2696 359 2738; x_wconf 83' lang='lat' dir='ltr'><strong>gravis</strong></span> <span class='ocrx_word' id='word_1_371' title='bbox 382 2698 419 2726; x_wconf 85' lang='lat' dir='ltr'><strong>et</strong></span> <span class='ocrx_word' id='word_1_372' title='bbox 451 2694 645 2738; x_wconf 79' lang='lat' dir='ltr'><strong>sagittarii,</strong></span> <span class='ocrx_word' id='word_1_373' title='bbox 669 2700 707 2728; x_wconf 82' lang='lat' dir='ltr'><strong>et</strong></span> <span class='ocrx_word' id='word_1_374' title='bbox 726 2705 772 2727; x_wconf 79' lang='lat' dir='ltr'><strong>ex</strong></span> <span class='ocrx_word' id='word_1_375' title='bbox 796 2693 1047 2727; x_wconf 86' lang='lat' dir='ltr'><strong>Thessalonica</strong></span> <span class='ocrx_word' id='word_1_376' title='bbox 1073 2698 1254 2739; x_wconf 82' lang='lat' dir='ltr'><strong>quotquot</strong></span> <span class='ocrx_word' id='word_1_377' title='bbox 1271 2698 1412 2738; x_wconf 84' lang='lat' dir='ltr'><strong>poterat</strong></span> <span class='ocrx_word' id='word_1_378' title='bbox 1436 2696 1540 2738; x_wconf 80' lang='lat' dir='ltr'><strong>equi-</strong></span> 
     </span>
     <span class='ocr_line' id='line_1_43' title="bbox 117 2738 1536 2786; baseline -0.001 -14"><span class='ocrx_word' id='word_1_379' title='bbox 117 2739 215 2772; x_wconf 79' lang='lat' dir='ltr'><strong>tibus</strong></span> <span class='ocrx_word' id='word_1_380' title='bbox 239 2745 276 2773; x_wconf 88' lang='lat' dir='ltr'><strong>et</strong></span> <span class='ocrx_word' id='word_1_381' title='bbox 297 2742 484 2784; x_wconf 67' lang='lat' dir='ltr'><strong>utriusque</strong></span> <span class='ocrx_word' id='word_1_382' title='bbox 508 2746 705 2775; x_wconf 84' lang='lat' dir='ltr'><strong>armaturae</strong></span> <span class='ocrx_word' id='word_1_383' title='bbox 729 2740 914 2786; x_wconf 83' lang='lat' dir='ltr'><strong>peditibus</strong></span> <span class='ocrx_word' id='word_1_384' title='bbox 933 2738 1095 2773; x_wconf 82' lang='lat' dir='ltr'><strong>eductis:</strong></span> <span class='ocrx_word' id='word_1_385' title='bbox 1121 2744 1303 2784; x_wconf 83' lang='lat' dir='ltr'><strong>praeterea</strong></span> <span class='ocrx_word' id='word_1_386' title='bbox 1328 2739 1448 2784; x_wconf 72' lang='lat' dir='ltr'><strong>Syr-ge,</strong></span> <span class='ocrx_word' id='word_1_387' title='bbox 1473 2741 1536 2784; x_wconf 86' lang='lat' dir='ltr'><strong>qui</strong></span> 
     </span>
     <span class='ocr_line' id='line_1_44' title="bbox 118 2784 1535 2833; baseline -0.001 -14"><span class='ocrx_word' id='word_1_388' title='bbox 118 2795 193 2820; x_wconf 78' lang='lat' dir='ltr'><strong>non</strong></span> <span class='ocrx_word' id='word_1_389' title='bbox 218 2784 279 2820; x_wconf 89' lang='lat' dir='ltr'><strong>diu</strong></span> <span class='ocrx_word' id='word_1_390' title='bbox 298 2790 381 2833; x_wconf 82' lang='lat' dir='ltr'><strong>post</strong></span> <span class='ocrx_word' id='word_1_391' title='bbox 407 2797 469 2820; x_wconf 79' lang='lat' dir='ltr'><strong>rex</strong></span> <span class='ocrx_word' id='word_1_392' title='bbox 481 2785 670 2822; x_wconf 76' lang='lat' dir='ltr'><strong>Armeniae</strong></span> <span class='ocrx_word' id='word_1_393' title='bbox 695 2787 922 2822; x_wconf 77' lang='lat' dir='ltr'><strong>renuntiatus</strong></span> <span class='ocrx_word' id='word_1_394' title='bbox 940 2791 1006 2824; x_wconf 81' lang='lat' dir='ltr'><strong>est,</strong></span> <span class='ocrx_word' id='word_1_395' title='bbox 1033 2791 1070 2820; x_wconf 81' lang='lat' dir='ltr'><strong>et</strong></span> <span class='ocrx_word' id='word_1_396' title='bbox 1082 2784 1318 2820; x_wconf 72' lang='lat' dir='ltr'><strong>monomacho</strong></span> <span class='ocrx_word' id='word_1_397' title='bbox 1334 2786 1535 2831; x_wconf 78' lang='lat' dir='ltr'><strong>praesecto,</strong></span> 
     </span>
    </p>
   </div>
  </div>
 </body>
</html>
