<?xml version="1.0" encoding="UTF-8"?>
<!DOCTYPE html PUBLIC "-//W3C//DTD XHTML 1.0 Transitional//EN"
    "http://www.w3.org/TR/xhtml1/DTD/xhtml1-transitional.dtd">
<html xmlns="http://www.w3.org/1999/xhtml" xml:lang="en" lang="en">
 <head>
  <title>
</title>
<meta http-equiv="Content-Type" content="text/html;charset=utf-8" />
  <meta name='ocr-system' content='tesseract 3.04.00' />
  <meta name='ocr-capabilities' content='ocr_page ocr_carea ocr_par ocr_line ocrx_word'/>
</head>
<body>
  <div class='ocr_page' id='page_1' title='image "./corpusscriptorum24niebuoft_0212.png"; bbox 0 0 1800 3138; ppageno 0'>
   <div class='ocr_carea' id='block_1_1' title="bbox 277 172 1169 214">
    <p class='ocr_par' dir='ltr' id='par_1_1' title="bbox 277 172 1169 214">
     <span class='ocr_line' id='line_1_1' title="bbox 277 172 1169 214; baseline 0.002 -4"><span class='ocrx_word' id='word_1_1' title='bbox 277 176 306 210; x_wconf 87' lang='lat'>2</span> <span class='ocrx_word' id='word_1_2' title='bbox 315 176 386 210; x_wconf 92' lang='grc' dir='ltr'><strong>ΟΟ</strong></span> <span class='ocrx_word' id='word_1_3' title='bbox 802 172 1169 214; x_wconf 87' lang='lat' dir='ltr'><strong>CANTACUZENI</strong></span> 
     </span>
    </p>
   </div>
   <div class='ocr_carea' id='block_1_2' title="bbox 81 267 1775 1690">
    <p class='ocr_par' dir='ltr' id='par_1_2' title="bbox 81 267 1732 648">
     <span class='ocr_line' id='line_1_2' title="bbox 81 267 1703 325; baseline -0.002 -11"><span class='ocrx_word' id='word_1_4' title='bbox 81 280 162 315; x_wconf 66' lang='lat' dir='ltr'><strong>Ac,</strong></span> <span class='ocrx_word' id='word_1_5' title='bbox 178 272 499 324; x_wconf 67' lang='lat' dir='ltr'><strong>134ayevqpcs‘vwv</strong></span> <span class='ocrx_word' id='word_1_6' title='bbox 540 267 673 325; x_wconf 75' lang='grc' dir='ltr'><em>ὅρκων</em></span> <span class='ocrx_word' id='word_1_7' title='bbox 712 269 985 324; x_wconf 79' lang='grc' dir='ltr'><em>ὀἷνεμᾴινησκε</em></span> <span class='ocrx_word' id='word_1_8' title='bbox 1027 268 1182 322; x_wconf 78' lang='grc' dir='ltr'><em>μεταξύ</em></span> <span class='ocrx_word' id='word_1_9' title='bbox 1220 269 1435 321; x_wconf 99' lang='grc' dir='ltr'><em>βασιλίδος</em></span> <span class='ocrx_word' id='word_1_10' title='bbox 1462 269 1533 308; x_wconf 71' lang='grc' dir='ltr'><strong>καὶ</strong></span> <span class='ocrx_word' id='word_1_11' title='bbox 1558 267 1703 310; x_wconf 73' lang='grc' dir='ltr'><em>αὐτοῦ.</em></span> 
     </span>
     <span class='ocr_line' id='line_1_3' title="bbox 279 332 1703 390; baseline -0.001 -14"><span class='ocrx_word' id='word_1_12' title='bbox 279 334 351 383; x_wconf 74' lang='grc' dir='ltr'><em>οὓς</em></span> <span class='ocrx_word' id='word_1_13' title='bbox 378 333 557 390; x_wconf 79' lang='grc' dir='ltr'><strong><em>ἔφασκεν</em></strong></span> <span class='ocrx_word' id='word_1_14' title='bbox 583 337 763 389; x_wconf 71' lang='grc' dir='ltr'><em>ἀκριβῶς</em></span> <span class='ocrx_word' id='word_1_15' title='bbox 793 334 918 383; x_wconf 68' lang='grc' dir='ltr'><em>αὐτὸς</em></span> <span class='ocrx_word' id='word_1_16' title='bbox 943 337 1091 389; x_wconf 78' lang='grc' dir='ltr'><em>τηρῶν,</em></span> <span class='ocrx_word' id='word_1_17' title='bbox 1119 332 1199 374; x_wconf 73' lang='grc' dir='ltr'><strong>ὑπὸ</strong></span> <span class='ocrx_word' id='word_1_18' title='bbox 1230 333 1442 386; x_wconf 74' lang='grc' dir='ltr'><em>βασιλίδος</em></span> <span class='ocrx_word' id='word_1_19' title='bbox 1461 348 1703 387; x_wconf 87' lang='grc' dir='ltr'><em>παρασπον-</em></span> 
     </span>
     <span class='ocr_line' id='line_1_4' title="bbox 277 396 1705 455; baseline -0.003 -14"><span class='ocrx_word' id='word_1_20' title='bbox 277 399 429 454; x_wconf 86' lang='grc' dir='ltr'><em>δούσης</em></span> <span class='ocrx_word' id='word_1_21' title='bbox 457 403 754 453; x_wconf 80' lang='grc' dir='ltr'><em>πολεμεῖσθαι,</em></span> <span class='ocrx_word' id='word_1_22' title='bbox 793 397 1071 455; x_wconf 80' lang='grc' dir='ltr'><em>συκοφάνταις</em></span> <span class='ocrx_word' id='word_1_23' title='bbox 1099 397 1333 453; x_wconf 80' lang='grc' dir='ltr'><em>ἀνθρώποις</em></span> <span class='ocrx_word' id='word_1_24' title='bbox 1361 397 1433 439; x_wconf 76' lang='grc' dir='ltr'><strong>καὶ</strong></span> <span class='ocrx_word' id='word_1_25' title='bbox 1458 396 1705 452; x_wconf 75' lang='grc' dir='ltr'><em>διεφθορόσι</em></span> 
     </span>
     <span class='ocr_line' id='line_1_5' title="bbox 277 458 1704 519; baseline -0.004 -13"><span class='ocrx_word' id='word_1_26' title='bbox 277 467 573 518; x_wconf 79' lang='grc' dir='ltr'><em>πεπεισμένης·</em></span> <span class='ocrx_word' id='word_1_27' title='bbox 628 463 691 506; x_wconf 80' lang='grc' dir='ltr'><strong>ἔτι</strong></span> <span class='ocrx_word' id='word_1_28' title='bbox 718 465 765 506; x_wconf 82' lang='grc' dir='ltr'><strong>δὲ</strong></span> <span class='ocrx_word' id='word_1_29' title='bbox 792 466 864 506; x_wconf 83' lang='grc' dir='ltr'>καί</span> <span class='ocrx_word' id='word_1_30' title='bbox 889 468 972 506; x_wconf 76' lang='grc' dir='ltr'><strong>τῶν</strong></span> <span class='ocrx_word' id='word_1_31' title='bbox 1004 465 1114 519; x_wconf 71' lang='grc' dir='ltr'><em>αὐτῷ</em></span> <span class='ocrx_word' id='word_1_32' title='bbox 1140 464 1414 516; x_wconf 75' lang='grc' dir='ltr'><em>γεγενημένων</em></span> <span class='ocrx_word' id='word_1_33' title='bbox 1443 458 1574 517; x_wconf 83' lang='grc' dir='ltr'><em>ὅρκων</em></span> <span class='ocrx_word' id='word_1_34' title='bbox 1601 459 1704 516; x_wconf 81' lang='grc' dir='ltr'><em>πρὸς</em></span> 
     </span>
     <span class='ocr_line' id='line_1_6' title="bbox 279 524 1732 584; baseline -0.003 -14"><span class='ocrx_word' id='word_1_35' title='bbox 279 528 436 583; x_wconf 75' lang='grc' dir='ltr'><em>αὐτὸν,</em></span> <span class='ocrx_word' id='word_1_36' title='bbox 479 529 535 578; x_wconf 77' lang='grc' dir='ltr'><strong>ὡς</strong></span> <span class='ocrx_word' id='word_1_37' title='bbox 565 531 618 570; x_wconf 81' lang='grc' dir='ltr'><em>ου’</em></span> <span class='ocrx_word' id='word_1_38' title='bbox 649 529 897 584; x_wconf 80' lang='grc' dir='ltr'><em>περιόψεται</em></span> <span class='ocrx_word' id='word_1_39' title='bbox 924 527 1002 570; x_wconf 76' lang='grc' dir='ltr'><strong>ὑπὸ</strong></span> <span class='ocrx_word' id='word_1_40' title='bbox 1032 529 1304 582; x_wconf 77' lang='grc' dir='ltr'><em>συκοφαντῶν</em></span> <span class='ocrx_word' id='word_1_41' title='bbox 1332 524 1456 569; x_wconf 74' lang='grc' dir='ltr'><em>αὐτὸν</em></span> <span class='ocrx_word' id='word_1_42' title='bbox 1485 525 1732 580; x_wconf 84' lang='grc' dir='ltr'><em>διαβαλλό-5</em></span> 
     </span>
     <span class='ocr_line' id='line_1_7' title="bbox 279 588 1710 648; baseline -0.001 -13"><span class='ocrx_word' id='word_1_43' title='bbox 279 610 426 646; x_wconf 85' lang='grc' dir='ltr'><em>μενον,</em></span> <span class='ocrx_word' id='word_1_44' title='bbox 457 594 560 635; x_wconf 73' lang='grc' dir='ltr'><em>ἀλλὰ</em></span> <span class='ocrx_word' id='word_1_45' title='bbox 590 596 726 636; x_wconf 80' lang='grc' dir='ltr'><em>πᾶσαν</em></span> <span class='ocrx_word' id='word_1_46' title='bbox 754 594 979 645; x_wconf 76' lang='grc' dir='ltr'><em>ἐνδείξεται</em></span> <span class='ocrx_word' id='word_1_47' title='bbox 1007 590 1193 645; x_wconf 78' lang='grc' dir='ltr'><em>σπουδήν</em></span> <span class='ocrx_word' id='word_1_48' title='bbox 1217 592 1323 648; x_wconf 74' lang='grc' dir='ltr'><em>ὑπὲρ</em></span> <span class='ocrx_word' id='word_1_49' title='bbox 1353 594 1498 647; x_wconf 71' lang='grc' dir='ltr'><em>αὐτοῦ,</em></span> <span class='ocrx_word' id='word_1_50' title='bbox 1525 588 1554 648; x_wconf 76' lang='grc' dir='ltr'><strong><em>ἦ</em></strong></span> <span class='ocrx_word' id='word_1_51' title='bbox 1581 592 1710 645; x_wconf 76' lang='grc' dir='ltr'><em>τάλη-</em></span> 
     </span>
    </p>

    <p class='ocr_par' dir='ltr' id='par_1_3' title="bbox 146 657 1775 1690">
     <span class='ocr_line' id='line_1_8' title="bbox 146 657 1711 713; baseline -0.001 -13"><span class='ocrx_word' id='word_1_52' title='bbox 146 666 269 700; x_wconf 79' lang='lat' dir='ltr'><strong>v.368</strong></span> <span class='ocrx_word' id='word_1_53' title='bbox 283 662 480 713; x_wconf 87' lang='grc' dir='ltr'><em>θέστερον</em></span> <span class='ocrx_word' id='word_1_54' title='bbox 516 661 667 711; x_wconf 81' lang='grc' dir='ltr'><em>εἰπεῖν,</em></span> <span class='ocrx_word' id='word_1_55' title='bbox 713 659 818 713; x_wconf 76' lang='grc' dir='ltr'><em>ὑπὲρ</em></span> <span class='ocrx_word' id='word_1_56' title='bbox 861 659 994 700; x_wconf 77' lang='grc' dir='ltr'><em>αὐτοῦ</em></span> <span class='ocrx_word' id='word_1_57' title='bbox 1023 657 1198 705; x_wconf 81' lang='grc' dir='ltr'><em>δικαίου.</em></span> <span class='ocrx_word' id='word_1_58' title='bbox 1254 658 1283 698; x_wconf 72' lang='grc' dir='ltr'><em>ιῖ</em></span> <span class='ocrx_word' id='word_1_59' title='bbox 1311 658 1360 712; x_wconf 79' lang='grc' dir='ltr'><strong>δὴ</strong></span> <span class='ocrx_word' id='word_1_60' title='bbox 1389 660 1447 706; x_wconf 82' lang='grc' dir='ltr'><strong>εἰς</strong></span> <span class='ocrx_word' id='word_1_61' title='bbox 1472 657 1711 700; x_wconf 66' lang='grc' dir='ltr'><em>τούναντίον</em></span> 
     </span>
     <span class='ocr_line' id='line_1_9' title="bbox 283 715 1712 779; baseline -0.001 -14"><span class='ocrx_word' id='word_1_62' title='bbox 283 725 488 779; x_wconf 79' lang='grc' dir='ltr'><em>περιέστη,</em></span> <span class='ocrx_word' id='word_1_63' title='bbox 519 726 592 766; x_wconf 85' lang='grc' dir='ltr'><em>καί</em></span> <span class='ocrx_word' id='word_1_64' title='bbox 617 724 640 764; x_wconf 80' lang='grc' dir='ltr'><strong><em>ὅ</em></strong></span> <span class='ocrx_word' id='word_1_65' title='bbox 668 723 843 776; x_wconf 87' lang='grc' dir='ltr'><em>πόλεμος</em></span> <span class='ocrx_word' id='word_1_66' title='bbox 872 727 915 774; x_wconf 79' lang='grc' dir='ltr'><strong>ἐξ</strong></span> <span class='ocrx_word' id='word_1_67' title='bbox 942 726 1097 765; x_wconf 80' lang='grc' dir='ltr'><em>ἐκείνου</em></span> <span class='ocrx_word' id='word_1_68' title='bbox 1127 720 1226 776; x_wconf 79' lang='grc' dir='ltr'><em>ἔσχε</em></span> <span class='ocrx_word' id='word_1_69' title='bbox 1255 722 1330 776; x_wconf 79' lang='grc' dir='ltr'><strong>τήν</strong></span> <span class='ocrx_word' id='word_1_70' title='bbox 1359 723 1515 778; x_wconf 74' lang='grc' dir='ltr'><em>ἀρχὴν,</em></span> <span class='ocrx_word' id='word_1_71' title='bbox 1551 721 1628 778; x_wconf 71' lang='grc' dir='ltr'><strong>ὑφ’</strong></span> <span class='ocrx_word' id='word_1_72' title='bbox 1661 715 1712 764; x_wconf 71' lang='grc' dir='ltr'><em>οὗ</em></span> 
     </span>
     <span class='ocr_line' id='line_1_10' title="bbox 242 785 1712 843; baseline -0.002 -12"><span class='ocrx_word' id='word_1_73' title='bbox 242 798 270 831; x_wconf 88' lang='lat' dir='ltr'>C</span> <span class='ocrx_word' id='word_1_74' title='bbox 286 790 522 830; x_wconf 75' lang='grc' dir='ltr'><em>κωλύεσθαι</em></span> <span class='ocrx_word' id='word_1_75' title='bbox 540 790 791 843; x_wconf 85' lang='grc' dir='ltr'><em>δικαιότερος</em></span> <span class='ocrx_word' id='word_1_76' title='bbox 810 790 966 841; x_wconf 78' lang='grc' dir='ltr'><em>μᾶλλον</em></span> <span class='ocrx_word' id='word_1_77' title='bbox 983 785 1047 842; x_wconf 82' lang='grc' dir='ltr'><em>ἦν.</em></span> <span class='ocrx_word' id='word_1_78' title='bbox 1079 788 1210 828; x_wconf 79' lang='grc' dir='ltr'><em>ἐδεῖτό</em></span> <span class='ocrx_word' id='word_1_79' title='bbox 1228 803 1271 828; x_wconf 89' lang='grc' dir='ltr'><strong>τε</strong></span> <span class='ocrx_word' id='word_1_80' title='bbox 1289 786 1347 842; x_wconf 80' lang='grc' dir='ltr'><strong>μή</strong></span> <span class='ocrx_word' id='word_1_81' title='bbox 1367 789 1535 829; x_wconf 80' lang='grc' dir='ltr'><em>τοιαῦτα</em></span> <span class='ocrx_word' id='word_1_82' title='bbox 1549 787 1712 841; x_wconf 80' lang='grc' dir='ltr'><em>γινόμε-</em></span> 
     </span>
     <span class='ocr_line' id='line_1_11' title="bbox 282 851 1765 911; baseline -0.001 -16"><span class='ocrx_word' id='word_1_83' title='bbox 282 870 335 895; x_wconf 87' lang='grc' dir='ltr'><strong>να</strong></span> <span class='ocrx_word' id='word_1_84' title='bbox 365 856 585 911; x_wconf 52' lang='grc' dir='ltr'><em>περιοριιῖν,</em></span> <span class='ocrx_word' id='word_1_85' title='bbox 613 856 701 895; x_wconf 76' lang='grc' dir='ltr'><em>ἀλλ’</em></span> <span class='ocrx_word' id='word_1_86' title='bbox 726 853 837 895; x_wconf 85' lang='grc' dir='ltr'><em>ἔλεον</em></span> <span class='ocrx_word' id='word_1_87' title='bbox 859 851 1040 906; x_wconf 80' lang='grc' dir='ltr'><em>λαβόντα</em></span> <span class='ocrx_word' id='word_1_88' title='bbox 1061 854 1143 894; x_wconf 79' lang='grc' dir='ltr'><strong>τῶν</strong></span> <span class='ocrx_word' id='word_1_89' title='bbox 1165 852 1458 904; x_wconf 72' lang='grc' dir='ltr'><em>ἀπολλυμένων</em></span> <span class='ocrx_word' id='word_1_90' title='bbox 1481 851 1765 906; x_wconf 70' lang='grc' dir='ltr'><em>ἀνθρώπωνῐῡ</em></span> 
     </span>
     <span class='ocr_line' id='line_1_12' title="bbox 285 915 1717 973; baseline -0.001 -14"><span class='ocrx_word' id='word_1_91' title='bbox 285 919 398 973; x_wconf 71' lang='grc' dir='ltr'><em>παρὰ</em></span> <span class='ocrx_word' id='word_1_92' title='bbox 421 920 553 960; x_wconf 76' lang='grc' dir='ltr'><em>πάντα</em></span> <span class='ocrx_word' id='word_1_93' title='bbox 574 921 647 960; x_wconf 85' lang='grc' dir='ltr'><em>τοῦ</em></span> <span class='ocrx_word' id='word_1_94' title='bbox 672 921 834 960; x_wconf 85' lang='grc' dir='ltr'><em>δικαίου</em></span> <span class='ocrx_word' id='word_1_95' title='bbox 855 917 991 971; x_wconf 80' lang='grc' dir='ltr'><em>λόγον,</em></span> <span class='ocrx_word' id='word_1_96' title='bbox 1021 918 1170 971; x_wconf 77' lang='grc' dir='ltr'><em>στῆναι</em></span> <span class='ocrx_word' id='word_1_97' title='bbox 1187 917 1291 973; x_wconf 82' lang='grc' dir='ltr'><em>πρὸς</em></span> <span class='ocrx_word' id='word_1_98' title='bbox 1307 916 1378 972; x_wconf 76' lang='grc' dir='ltr'><strong>τήν</strong></span> <span class='ocrx_word' id='word_1_99' title='bbox 1395 915 1619 972; x_wconf 76' lang='grc' dir='ltr'><em>συμφορὰν</em></span> <span class='ocrx_word' id='word_1_100' title='bbox 1643 915 1717 957; x_wconf 78' lang='grc' dir='ltr'><strong>καὶ</strong></span> 
     </span>
     <span class='ocr_line' id='line_1_13' title="bbox 235 981 1715 1039; baseline -0.002 -15"><span class='ocrx_word' id='word_1_101' title='bbox 235 1005 237 1008; x_wconf 88' lang='grc'><em>·</em></span> <span class='ocrx_word' id='word_1_102' title='bbox 285 982 334 1024; x_wconf 80' lang='grc' dir='ltr'><strong>τὰ</strong></span> <span class='ocrx_word' id='word_1_103' title='bbox 350 984 484 1039; x_wconf 73' lang='grc' dir='ltr'><em>πολλῷ</em></span> <span class='ocrx_word' id='word_1_104' title='bbox 506 981 714 1038; x_wconf 87' lang='grc' dir='ltr'><em>δεινότερα</em></span> <span class='ocrx_word' id='word_1_105' title='bbox 729 981 904 1035; x_wconf 82' lang='grc' dir='ltr'><em>ἐσόμενα</em></span> <span class='ocrx_word' id='word_1_106' title='bbox 922 985 1120 1036; x_wconf 77' lang='grc' dir='ltr'><em>κωλῦσαι,</em></span> <span class='ocrx_word' id='word_1_107' title='bbox 1150 981 1436 1025; x_wconf 78' lang='grc' dir='ltr'><em>καταλύσαντα</em></span> <span class='ocrx_word' id='word_1_108' title='bbox 1450 981 1522 1024; x_wconf 84' lang='grc' dir='ltr'><strong>τὸν</strong></span> <span class='ocrx_word' id='word_1_109' title='bbox 1537 981 1715 1034; x_wconf 86' lang='grc' dir='ltr'><em>πόλεμον</em></span> 
     </span>
     <span class='ocr_line' id='line_1_14' title="bbox 287 1046 1717 1102; baseline 0 -14"><span class='ocrx_word' id='word_1_110' title='bbox 287 1048 359 1088; x_wconf 83' lang='grc' dir='ltr'><em>καί</em></span> <span class='ocrx_word' id='word_1_111' title='bbox 376 1047 624 1102; x_wconf 81' lang='grc' dir='ltr'><em>διαλλακτήν</em></span> <span class='ocrx_word' id='word_1_112' title='bbox 644 1049 906 1102; x_wconf 77' lang='grc' dir='ltr'><em>γεγενημένον</em></span> <span class='ocrx_word' id='word_1_113' title='bbox 929 1051 1144 1101; x_wconf 86' lang='grc' dir='ltr'><em>βασιλίδος</em></span> <span class='ocrx_word' id='word_1_114' title='bbox 1163 1049 1234 1090; x_wconf 81' lang='grc' dir='ltr'><em>καί</em></span> <span class='ocrx_word' id='word_1_115' title='bbox 1249 1049 1399 1101; x_wconf 60' lang='grc' dir='ltr'><em>αὐτοῦὶ</em></span> <span class='ocrx_word' id='word_1_116' title='bbox 1415 1046 1511 1102; x_wconf 79' lang='grc' dir='ltr'><em>ὅπερ</em></span> <span class='ocrx_word' id='word_1_117' title='bbox 1528 1046 1717 1099; x_wconf 83' lang='grc' dir='ltr'><em>μα’λιστα</em></span> 
     </span>
     <span class='ocr_line' id='line_1_15' title="bbox 289 1109 1714 1170; baseline -0.001 -17"><span class='ocrx_word' id='word_1_118' title='bbox 289 1112 404 1168; x_wconf 74' lang='grc' dir='ltr'><em>αὐτῷ</em></span> <span class='ocrx_word' id='word_1_119' title='bbox 427 1112 661 1168; x_wconf 74' lang='grc' dir='ltr'><em>προσήκειν,</em></span> <span class='ocrx_word' id='word_1_120' title='bbox 690 1111 820 1168; x_wconf 71' lang='grc' dir='ltr'><em>πατρί</em></span> <span class='ocrx_word' id='word_1_121' title='bbox 843 1114 964 1169; x_wconf 74' lang='grc' dir='ltr'><em>κοινῷ</em></span> <span class='ocrx_word' id='word_1_122' title='bbox 980 1115 1051 1155; x_wconf 86' lang='grc' dir='ltr'><em>καί</em></span> <span class='ocrx_word' id='word_1_123' title='bbox 1074 1113 1313 1170; x_wconf 42' lang='grc' dir='ltr'><em>,διδασκάλῳ</em></span> <span class='ocrx_word' id='word_1_124' title='bbox 1346 1112 1608 1167; x_wconf 79' lang='grc' dir='ltr'><em>δικαιοσύνης</em></span> <span class='ocrx_word' id='word_1_125' title='bbox 1633 1109 1714 1153; x_wconf 75' lang='grc' dir='ltr'><strong>’ὕπὸ</strong></span> 
     </span>
     <span class='ocr_line' id='line_1_16' title="bbox 289 1174 1768 1234; baseline 0 -17"><span class='ocrx_word' id='word_1_126' title='bbox 289 1178 366 1217; x_wconf 81' lang='grc' dir='ltr'><em>τοῦ</em></span> <span class='ocrx_word' id='word_1_127' title='bbox 382 1179 486 1218; x_wconf 82' lang='grc' dir='ltr'><em>θεοῦ</em></span> <span class='ocrx_word' id='word_1_128' title='bbox 507 1180 890 1234; x_wconf 80' lang='grc' dir='ltr'><em>κεχειροτονημένῳ.</em></span> <span class='ocrx_word' id='word_1_129' title='bbox 924 1177 1088 1227; x_wconf 81' lang='grc' dir='ltr'><em>πάντως</em></span> <span class='ocrx_word' id='word_1_130' title='bbox 1108 1180 1155 1220; x_wconf 80' lang='grc' dir='ltr'><strong>δὲ</strong></span> <span class='ocrx_word' id='word_1_131' title='bbox 1175 1181 1296 1222; x_wconf 78' lang='grc' dir='ltr'><em>ου’δὲν</em></span> <span class='ocrx_word' id='word_1_132' title='bbox 1320 1178 1437 1233; x_wconf 81' lang='grc' dir='ltr'><em>ἔργον</em></span> <span class='ocrx_word' id='word_1_133' title='bbox 1454 1177 1586 1230; x_wconf 77' lang='grc' dir='ltr'><em>ἔσται,</em></span> <span class='ocrx_word' id='word_1_134' title='bbox 1616 1174 1768 1218; x_wconf 69' lang='grc' dir='ltr'><em>οὕδὲίὸ</em></span> 
     </span>
     <span class='ocr_line' id='line_1_17' title="bbox 288 1241 1717 1300; baseline -0.002 -14"><span class='ocrx_word' id='word_1_135' title='bbox 288 1246 451 1287; x_wconf 76' lang='grc' dir='ltr'><em>πολλῶν</em></span> <span class='ocrx_word' id='word_1_136' title='bbox 467 1243 658 1297; x_wconf 88' lang='grc' dir='ltr'><em>δεήσεται</em></span> <span class='ocrx_word' id='word_1_137' title='bbox 683 1241 814 1297; x_wconf 86' lang='grc' dir='ltr'><em>λόγων</em></span> <span class='ocrx_word' id='word_1_138' title='bbox 834 1241 933 1297; x_wconf 86' lang='grc' dir='ltr'><em>πρὸς</em></span> <span class='ocrx_word' id='word_1_139' title='bbox 954 1242 1095 1298; x_wconf 74' lang='grc' dir='ltr'><em>αὕτόν,</em></span> <span class='ocrx_word' id='word_1_140' title='bbox 1118 1245 1210 1285; x_wconf 71' lang='grc' dir='ltr'><em>ἀλλ’</em></span> <span class='ocrx_word' id='word_1_141' title='bbox 1228 1245 1352 1298; x_wconf 72' lang='grc' dir='ltr'><em>ἀρκεῖ</em></span> <span class='ocrx_word' id='word_1_142' title='bbox 1370 1242 1492 1298; x_wconf 85' lang='grc' dir='ltr'><em>μόνον</em></span> <span class='ocrx_word' id='word_1_143' title='bbox 1518 1244 1717 1300; x_wconf 76' lang='grc' dir='ltr'><em>ὀφθῆναι,</em></span> 
     </span>
     <span class='ocr_line' id='line_1_18' title="bbox 292 1304 1719 1364; baseline -0.002 -12"><span class='ocrx_word' id='word_1_144' title='bbox 292 1312 364 1352; x_wconf 86' lang='grc' dir='ltr'>καί</span> <span class='ocrx_word' id='word_1_145' title='bbox 382 1311 496 1351; x_wconf 81' lang='grc' dir='ltr'><em>πᾶσα</em></span> <span class='ocrx_word' id='word_1_146' title='bbox 529 1306 742 1363; x_wconf 85' lang='grc' dir='ltr'><em>πρόφασις</em></span> <span class='ocrx_word' id='word_1_147' title='bbox 763 1310 943 1360; x_wconf 85' lang='grc' dir='ltr'><em>πολέμου</em></span> <span class='ocrx_word' id='word_1_148' title='bbox 970 1309 1350 1364; x_wconf 81' lang='grc' dir='ltr'><em>περιαιρεθήσεται.</em></span> <span class='ocrx_word' id='word_1_149' title='bbox 1392 1310 1432 1350; x_wconf 82' lang='grc' dir='ltr'><strong>εἰ</strong></span> <span class='ocrx_word' id='word_1_150' title='bbox 1450 1311 1489 1351; x_wconf 89' lang='grc' dir='ltr'><strong>δ’</strong></span> <span class='ocrx_word' id='word_1_151' title='bbox 1515 1304 1598 1364; x_wconf 66' lang='grc' dir='ltr'><strong>ἄρα</strong></span> <span class='ocrx_word' id='word_1_152' title='bbox 1625 1308 1719 1351; x_wconf 71' lang='grc' dir='ltr'><em>τού-</em></span> 
     </span>
     <span class='ocr_line' id='line_1_19' title="bbox 292 1371 1716 1429; baseline -0.001 -12"><span class='ocrx_word' id='word_1_153' title='bbox 292 1392 376 1417; x_wconf 85' lang='grc' dir='ltr'><strong>των</strong></span> <span class='ocrx_word' id='word_1_154' title='bbox 398 1371 573 1429; x_wconf 80' lang='grc' dir='ltr'><em>μηδενὸς</em></span> <span class='ocrx_word' id='word_1_155' title='bbox 596 1371 781 1427; x_wconf 78' lang='grc' dir='ltr'><em>μελήσει,</em></span> <span class='ocrx_word' id='word_1_156' title='bbox 804 1375 910 1428; x_wconf 80' lang='grc' dir='ltr'><em>μηδὲ</em></span> <span class='ocrx_word' id='word_1_157' title='bbox 937 1373 1013 1428; x_wconf 79' lang='grc' dir='ltr'><strong>τήν</strong></span> <span class='ocrx_word' id='word_1_158' title='bbox 1036 1373 1326 1429; x_wconf 80' lang='grc' dir='ltr'><em>προσήκουσαν</em></span> <span class='ocrx_word' id='word_1_159' title='bbox 1345 1373 1441 1429; x_wconf 75' lang='grc' dir='ltr'><em>περὶ</em></span> <span class='ocrx_word' id='word_1_160' title='bbox 1459 1373 1532 1429; x_wconf 82' lang='grc' dir='ltr'><strong>τήν</strong></span> <span class='ocrx_word' id='word_1_161' title='bbox 1551 1372 1716 1429; x_wconf 83' lang='grc' dir='ltr'><em>εἰρήνην</em></span> 
     </span>
     <span class='ocr_line' id='line_1_20' title="bbox 296 1436 1724 1492; baseline -0.001 -10"><span class='ocrx_word' id='word_1_162' title='bbox 296 1441 520 1488; x_wconf 75' lang='grc' dir='ltr'><em>ἐνδείξεται</em></span> <span class='ocrx_word' id='word_1_163' title='bbox 535 1436 740 1491; x_wconf 80' lang='grc' dir='ltr'><em>σπουδήν,</em></span> <span class='ocrx_word' id='word_1_164' title='bbox 771 1437 899 1480; x_wconf 74' lang='grc' dir='ltr'><em>αὐτὸν</em></span> <span class='ocrx_word' id='word_1_165' title='bbox 929 1441 1006 1491; x_wconf 81' lang='grc' dir='ltr'><strong>μὲν</strong></span> <span class='ocrx_word' id='word_1_166' title='bbox 1029 1440 1159 1480; x_wconf 80' lang='grc' dir='ltr'><em>ὀκνεῖν</em></span> <span class='ocrx_word' id='word_1_167' title='bbox 1179 1439 1320 1492; x_wconf 85' lang='grc' dir='ltr'><em>εἰπεῖν,</em></span> <span class='ocrx_word' id='word_1_168' title='bbox 1347 1442 1451 1482; x_wconf 81' lang='grc' dir='ltr'><em>πᾶσι</em></span> <span class='ocrx_word' id='word_1_169' title='bbox 1469 1441 1515 1481; x_wconf 81' lang='grc' dir='ltr'><strong>δὲ</strong></span> <span class='ocrx_word' id='word_1_170' title='bbox 1530 1436 1636 1481; x_wconf 83' lang='grc' dir='ltr'><em>εἶναι</em></span> <span class='ocrx_word' id='word_1_171' title='bbox 1651 1438 1724 1480; x_wconf 73' lang='grc' dir='ltr'><strong>καὶ</strong></span> 
     </span>
     <span class='ocr_line' id='line_1_21' title="bbox 253 1504 1775 1561; baseline 0.001 -14"><span class='ocrx_word' id='word_1_172' title='bbox 253 1507 542 1560; x_wconf 79' lang='grc' dir='ltr'><em>Βσιγήσαντος</em></span> <span class='ocrx_word' id='word_1_173' title='bbox 559 1506 813 1559; x_wconf 78' lang='grc' dir='ltr'><em>καταφανὲς,</em></span> <span class='ocrx_word' id='word_1_174' title='bbox 837 1504 893 1552; x_wconf 77' lang='grc' dir='ltr'><strong>ὦς</strong></span> <span class='ocrx_word' id='word_1_175' title='bbox 914 1506 959 1546; x_wconf 78' lang='grc' dir='ltr'><em>ἐκ</em></span> <span class='ocrx_word' id='word_1_176' title='bbox 984 1507 1067 1546; x_wconf 74' lang='grc' dir='ltr'><strong>τῶν</strong></span> <span class='ocrx_word' id='word_1_177' title='bbox 1085 1505 1216 1546; x_wconf 82' lang='grc' dir='ltr'><strong>αὖτοῦ</strong></span> <span class='ocrx_word' id='word_1_178' title='bbox 1234 1507 1391 1560; x_wconf 78' lang='grc' dir='ltr'><em>χειρῶν</em></span> <span class='ocrx_word' id='word_1_179' title='bbox 1417 1505 1468 1547; x_wconf 81' lang='grc' dir='ltr'><em>τοὶ</em></span> <span class='ocrx_word' id='word_1_180' title='bbox 1489 1505 1775 1561; x_wconf 64' lang='grc' dir='ltr'><em>ὲκ-χυθησό-πο</em></span> 
     </span>
     <span class='ocr_line' id='line_1_22' title="bbox 294 1566 1722 1626; baseline 0.001 -15"><span class='ocrx_word' id='word_1_181' title='bbox 294 1587 400 1623; x_wconf 86' lang='grc' dir='ltr'><em>μενα</em></span> <span class='ocrx_word' id='word_1_182' title='bbox 428 1571 510 1611; x_wconf 76' lang='grc' dir='ltr'><strong>τῶν</strong></span> <span class='ocrx_word' id='word_1_183' title='bbox 542 1566 775 1624; x_wconf 70' lang='grc' dir='ltr'><em>ἀνθρώπων</em></span> <span class='ocrx_word' id='word_1_184' title='bbox 805 1571 961 1621; x_wconf 80' lang='grc' dir='ltr'><em>αἵματα</em></span> <span class='ocrx_word' id='word_1_185' title='bbox 988 1569 1125 1618; x_wconf 66' lang='grc' dir='ltr'><em>θεὸς-,ὃ</em></span> <span class='ocrx_word' id='word_1_186' title='bbox 1148 1571 1305 1620; x_wconf 87' lang='grc' dir='ltr'><em>δίκαιος</em></span> <span class='ocrx_word' id='word_1_187' title='bbox 1332 1568 1544 1625; x_wconf 76' lang='grc' dir='ltr'><em>ἐκζητήσει</em></span> <span class='ocrx_word' id='word_1_188' title='bbox 1571 1569 1722 1626; x_wconf 85' lang='grc' dir='ltr'><em>κριτής.</em></span> 
     </span>
     <span class='ocr_line' id='line_1_23' title="bbox 295 1632 1726 1690; baseline 0 -14"><span class='ocrx_word' id='word_1_189' title='bbox 295 1637 413 1690; x_wconf 75' lang='grc' dir='ltr'><em>ἠξίου</em></span> <span class='ocrx_word' id='word_1_190' title='bbox 451 1650 515 1689; x_wconf 79' lang='grc' dir='ltr'><strong>τε,</strong></span> <span class='ocrx_word' id='word_1_191' title='bbox 545 1633 603 1688; x_wconf 77' lang='grc' dir='ltr'><strong>μή</strong></span> <span class='ocrx_word' id='word_1_192' title='bbox 635 1632 703 1675; x_wconf 68' lang='grc' dir='ltr'><strong>διὰ</strong></span> <span class='ocrx_word' id='word_1_193' title='bbox 738 1635 893 1676; x_wconf 85' lang='grc' dir='ltr'><em>δειλίαν</em></span> <span class='ocrx_word' id='word_1_194' title='bbox 919 1633 968 1676; x_wconf 79' lang='grc' dir='ltr'><strong>τὰ</strong></span> <span class='ocrx_word' id='word_1_195' title='bbox 995 1637 1168 1677; x_wconf 73' lang='grc' dir='ltr'><em>τοιαῦτα</em></span> <span class='ocrx_word' id='word_1_196' title='bbox 1196 1637 1377 1688; x_wconf 84' lang='grc' dir='ltr'><em>νομίζειν</em></span> <span class='ocrx_word' id='word_1_197' title='bbox 1406 1637 1591 1678; x_wconf 78' lang='grc' dir='ltr'><em>δεῖσθαι·</em></span> <span class='ocrx_word' id='word_1_198' title='bbox 1646 1633 1726 1690; x_wconf 79' lang='grc' dir='ltr'><strong>τήν</strong></span> 
     </span>
    </p>
   </div>
   <div class='ocr_carea' id='block_1_3' title="bbox 418 1768 803 1813">
    <p class='ocr_par' dir='ltr' id='par_1_4' title="bbox 418 1768 803 1813">
     <span class='ocr_line' id='line_1_24' title="bbox 418 1768 803 1813; baseline -0.008 -10"><span class='ocrx_word' id='word_1_199' title='bbox 418 1770 467 1803; x_wconf 81' lang='lat'><strong>13.</strong></span> <span class='ocrx_word' id='word_1_200' title='bbox 493 1768 741 1813; x_wconf 78' lang='grc' dir='ltr'><em>γεγενημένου</em></span> <span class='ocrx_word' id='word_1_201' title='bbox 766 1770 803 1802; x_wconf 89' lang='grc' dir='ltr'><strong>Ρ.</strong></span> 
     </span>
    </p>
   </div>
   <div class='ocr_carea' id='block_1_4' title="bbox 302 1869 1771 2789">
    <p class='ocr_par' dir='ltr' id='par_1_5' title="bbox 302 1869 1771 2789">
     <span class='ocr_line' id='line_1_25' title="bbox 304 1869 1726 1915; baseline -0.003 -11"><span class='ocrx_word' id='word_1_202' title='bbox 304 1875 438 1909; x_wconf 75' lang='lat' dir='ltr'><strong>secreto</strong></span> <span class='ocrx_word' id='word_1_203' title='bbox 454 1870 603 1903; x_wconf 72' lang='lat' dir='ltr'><strong>,litteras</strong></span> <span class='ocrx_word' id='word_1_204' title='bbox 630 1871 791 1914; x_wconf 77' lang='lat' dir='ltr'><strong>scripsit,</strong></span> <span class='ocrx_word' id='word_1_205' title='bbox 820 1881 974 1915; x_wconf 91' lang='lat' dir='ltr'><strong>eumque</strong></span> <span class='ocrx_word' id='word_1_206' title='bbox 1000 1872 1189 1904; x_wconf 83' lang='lat' dir='ltr'><strong>iuramenti</strong></span> <span class='ocrx_word' id='word_1_207' title='bbox 1216 1872 1308 1904; x_wconf 85' lang='lat' dir='ltr'><strong>inter</strong></span> <span class='ocrx_word' id='word_1_208' title='bbox 1333 1882 1370 1905; x_wconf 90' lang='lat' dir='ltr'><strong>se</strong></span> <span class='ocrx_word' id='word_1_209' title='bbox 1395 1877 1430 1906; x_wconf 86' lang='lat' dir='ltr'><strong>et</strong></span> <span class='ocrx_word' id='word_1_210' title='bbox 1462 1869 1726 1915; x_wconf 78' lang='lat' dir='ltr'><strong>imperatricem</strong></span> 
     </span>
     <span class='ocr_line' id='line_1_26' title="bbox 303 1915 1724 1961; baseline -0.003 -11"><span class='ocrx_word' id='word_1_211' title='bbox 303 1927 421 1950; x_wconf 83' lang='lat' dir='ltr'><strong>coram</strong></span> <span class='ocrx_word' id='word_1_212' title='bbox 442 1920 498 1948; x_wconf 57' lang='lat' dir='ltr'><strong>‘eo</strong></span> <span class='ocrx_word' id='word_1_213' title='bbox 535 1916 699 1960; x_wconf 83' lang='lat' dir='ltr'><strong>concepti</strong></span> <span class='ocrx_word' id='word_1_214' title='bbox 739 1916 950 1955; x_wconf 83' lang='lat' dir='ltr'><strong>admonuit,</strong></span> <span class='ocrx_word' id='word_1_215' title='bbox 988 1917 1085 1961; x_wconf 88' lang='lat' dir='ltr'><strong>quod</strong></span> <span class='ocrx_word' id='word_1_216' title='bbox 1111 1919 1187 1961; x_wconf 89' lang='lat' dir='ltr'><strong>ipse</strong></span> <span class='ocrx_word' id='word_1_217' title='bbox 1211 1918 1383 1960; x_wconf 74' lang='lat' dir='ltr'><strong>religiose</strong></span> <span class='ocrx_word' id='word_1_218' title='bbox 1402 1927 1565 1956; x_wconf 81' lang='lat' dir='ltr'><strong>servans,</strong></span> <span class='ocrx_word' id='word_1_219' title='bbox 1591 1915 1635 1948; x_wconf 84' lang='lat' dir='ltr'><strong>ab</strong></span> <span class='ocrx_word' id='word_1_220' title='bbox 1660 1915 1724 1947; x_wconf 82' lang='lat' dir='ltr'><strong>illa</strong></span> 
     </span>
     <span class='ocr_line' id='line_1_27' title="bbox 302 1960 1726 2009; baseline -0.003 -13"><span class='ocrx_word' id='word_1_221' title='bbox 302 1962 524 2007; x_wconf 83' lang='lat' dir='ltr'><strong>foedisraga,</strong></span> <span class='ocrx_word' id='word_1_222' title='bbox 550 1961 775 2005; x_wconf 84' lang='lat' dir='ltr'><strong>sycophantis</strong></span> <span class='ocrx_word' id='word_1_223' title='bbox 801 1962 1114 2006; x_wconf 76' lang='lat' dir='ltr'><strong>et&#39;pestilentibus</strong></span> <span class='ocrx_word' id='word_1_224' title='bbox 1142 1963 1357 2009; x_wconf 81' lang='lat' dir='ltr'><strong>quibusdam</strong></span> <span class='ocrx_word' id='word_1_225' title='bbox 1386 1962 1594 1997; x_wconf 88' lang='lat' dir='ltr'><strong>hominibus</strong></span> <span class='ocrx_word' id='word_1_226' title='bbox 1619 1960 1726 1994; x_wconf 90' lang='lat' dir='ltr'><strong>fidem</strong></span> 
     </span>
     <span class='ocr_line' id='line_1_28' title="bbox 303 2008 1726 2052; baseline -0.003 -10"><span class='ocrx_word' id='word_1_227' title='bbox 303 2009 483 2048; x_wconf 81' lang='lat' dir='ltr'><strong>habente,</strong></span> <span class='ocrx_word' id='word_1_228' title='bbox 507 2009 610 2040; x_wconf 87' lang='lat' dir='ltr'><strong>armis</strong></span> <span class='ocrx_word' id='word_1_229' title='bbox 634 2009 877 2041; x_wconf 82' lang='lat' dir='ltr'><strong>lacesseretur.</strong></span> <span class='ocrx_word' id='word_1_230' title='bbox 926 2009 1078 2051; x_wconf 84' lang='lat' dir='ltr'><strong>Insuper</strong></span> <span class='ocrx_word' id='word_1_231' title='bbox 1101 2011 1139 2042; x_wconf 84' lang='lat' dir='ltr'><strong>in</strong></span> <span class='ocrx_word' id='word_1_232' title='bbox 1164 2010 1368 2043; x_wconf 85' lang='lat' dir='ltr'><strong>memoriam</strong></span> <span class='ocrx_word' id='word_1_233' title='bbox 1395 2008 1597 2052; x_wconf 76' lang='lat' dir='ltr'><strong>redigebat,</strong></span> <span class='ocrx_word' id='word_1_234' title='bbox 1633 2017 1726 2051; x_wconf 81' lang='lat' dir='ltr'><strong>quae</strong></span> 
     </span>
     <span class='ocr_line' id='line_1_29' title="bbox 303 2053 1729 2100; baseline -0.002 -13"><span class='ocrx_word' id='word_1_235' title='bbox 303 2056 381 2099; x_wconf 88' lang='lat' dir='ltr'><strong>ipse</strong></span> <span class='ocrx_word' id='word_1_236' title='bbox 405 2054 606 2098; x_wconf 82' lang='lat' dir='ltr'><strong>patriarcha</strong></span> <span class='ocrx_word' id='word_1_237' title='bbox 630 2054 701 2087; x_wconf 82' lang='lat' dir='ltr'><strong>sibi</strong></span> <span class='ocrx_word' id='word_1_238' title='bbox 728 2065 806 2087; x_wconf 90' lang='lat' dir='ltr'><strong>cum</strong></span> <span class='ocrx_word' id='word_1_239' title='bbox 834 2059 1052 2086; x_wconf 81' lang='lat' dir='ltr'><strong>sacramento</strong></span> <span class='ocrx_word' id='word_1_240' title='bbox 1073 2055 1305 2100; x_wconf 82' lang='lat' dir='ltr'><strong>promisisset,</strong></span> <span class='ocrx_word' id='word_1_241' title='bbox 1331 2067 1404 2088; x_wconf 87' lang='lat' dir='ltr'><strong>non</strong></span> <span class='ocrx_word' id='word_1_242' title='bbox 1424 2066 1606 2099; x_wconf 84' lang='lat' dir='ltr'><strong>passurum</strong></span> <span class='ocrx_word' id='word_1_243' title='bbox 1631 2053 1729 2085; x_wconf 80' lang='lat' dir='ltr'><strong>calu-</strong></span> 
     </span>
     <span class='ocr_line' id='line_1_30' title="bbox 305 2099 1727 2145; baseline -0.002 -13"><span class='ocrx_word' id='word_1_244' title='bbox 305 2100 410 2135; x_wconf 85' lang='lat' dir='ltr'><strong>mniis</strong></span> <span class='ocrx_word' id='word_1_245' title='bbox 449 2101 628 2144; x_wconf 84' lang='lat' dir='ltr'><strong>opprimi,</strong></span> <span class='ocrx_word' id='word_1_246' title='bbox 664 2100 727 2132; x_wconf 88' lang='lat' dir='ltr'><strong>sed</strong></span> <span class='ocrx_word' id='word_1_247' title='bbox 756 2110 819 2143; x_wconf 87' lang='lat' dir='ltr'><strong>pro</strong></span> <span class='ocrx_word' id='word_1_248' title='bbox 862 2101 963 2143; x_wconf 86' lang='lat' dir='ltr'><strong>ipso,</strong></span> <span class='ocrx_word' id='word_1_249' title='bbox 1000 2107 1085 2142; x_wconf 83' lang='lat' dir='ltr'><strong>aut,</strong></span> <span class='ocrx_word' id='word_1_250' title='bbox 1115 2105 1156 2133; x_wconf 86' lang='lat' dir='ltr'><strong>ut</strong></span> <span class='ocrx_word' id='word_1_251' title='bbox 1181 2103 1298 2135; x_wconf 90' lang='lat' dir='ltr'><strong>verius</strong></span> <span class='ocrx_word' id='word_1_252' title='bbox 1324 2102 1461 2140; x_wconf 87' lang='lat' dir='ltr'><strong>dicam,</strong></span> <span class='ocrx_word' id='word_1_253' title='bbox 1495 2112 1560 2145; x_wconf 91' lang='lat' dir='ltr'><strong>pro</strong></span> <span class='ocrx_word' id='word_1_254' title='bbox 1586 2099 1727 2132; x_wconf 83' lang='lat' dir='ltr'><strong>iustitia</strong></span> 
     </span>
     <span class='ocr_line' id='line_1_31' title="bbox 305 2145 1729 2191; baseline -0.001 -13"><span class='ocrx_word' id='word_1_255' title='bbox 305 2147 442 2178; x_wconf 82' lang='lat' dir='ltr'><strong>nullam</strong></span> <span class='ocrx_word' id='word_1_256' title='bbox 478 2146 748 2179; x_wconf 82' lang='lat' dir='ltr'><strong>contentionem</strong></span> <span class='ocrx_word' id='word_1_257' title='bbox 787 2145 1042 2188; x_wconf 69' lang='lat' dir='ltr'><strong>defugitmum,</strong></span> <span class='ocrx_word' id='word_1_258' title='bbox 1095 2146 1196 2191; x_wconf 84' lang='lat' dir='ltr'><strong>Quae</strong></span> <span class='ocrx_word' id='word_1_259' title='bbox 1239 2148 1278 2180; x_wconf 86' lang='lat' dir='ltr'><strong>in</strong></span> <span class='ocrx_word' id='word_1_260' title='bbox 1312 2149 1528 2181; x_wconf 79' lang='lat' dir='ltr'><strong>contrarium</strong></span> <span class='ocrx_word' id='word_1_261' title='bbox 1560 2154 1729 2179; x_wconf 82' lang='lat' dir='ltr'><strong>conversa</strong></span> 
     </span>
     <span class='ocr_line' id='line_1_32' title="bbox 307 2190 1729 2238; baseline -0.003 -13"><span class='ocrx_word' id='word_1_262' title='bbox 307 2194 401 2230; x_wconf 88' lang='lat' dir='ltr'><strong>sint,</strong></span> <span class='ocrx_word' id='word_1_263' title='bbox 427 2203 506 2224; x_wconf 88' lang='lat' dir='ltr'><strong>cum</strong></span> <span class='ocrx_word' id='word_1_264' title='bbox 531 2190 665 2224; x_wconf 78' lang='lat' dir='ltr'><strong>bellum</strong></span> <span class='ocrx_word' id='word_1_265' title='bbox 691 2191 736 2223; x_wconf 85' lang='lat' dir='ltr'><strong>ab</strong></span> <span class='ocrx_word' id='word_1_266' title='bbox 764 2202 805 2224; x_wconf 86' lang='lat' dir='ltr'><strong>eo</strong></span> <span class='ocrx_word' id='word_1_267' title='bbox 832 2191 1017 2224; x_wconf 78' lang='lat' dir='ltr'><strong>exordium</strong></span> <span class='ocrx_word' id='word_1_268' title='bbox 1035 2192 1180 2236; x_wconf 81' lang='lat' dir='ltr'><strong>ceperit,</strong></span> <span class='ocrx_word' id='word_1_269' title='bbox 1202 2203 1220 2223; x_wconf 86' lang='lat' dir='ltr'><strong>a</strong></span> <span class='ocrx_word' id='word_1_270' title='bbox 1246 2204 1318 2237; x_wconf 91' lang='lat' dir='ltr'><strong>quo</strong></span> <span class='ocrx_word' id='word_1_271' title='bbox 1343 2194 1382 2226; x_wconf 86' lang='lat' dir='ltr'><strong>id</strong></span> <span class='ocrx_word' id='word_1_272' title='bbox 1405 2193 1552 2238; x_wconf 86' lang='lat' dir='ltr'><strong>reprimi</strong></span> <span class='ocrx_word' id='word_1_273' title='bbox 1577 2190 1729 2236; x_wconf 85' lang='lat' dir='ltr'><strong>aequius</strong></span> 
     </span>
     <span class='ocr_line' id='line_1_33' title="bbox 307 2236 1731 2283; baseline -0.001 -13"><span class='ocrx_word' id='word_1_274' title='bbox 307 2238 445 2270; x_wconf 86' lang='lat' dir='ltr'><strong>fuisset.</strong></span> <span class='ocrx_word' id='word_1_275' title='bbox 480 2276 487 2283; x_wconf 30' lang='lat' dir='ltr'>x</span> <span class='ocrx_word' id='word_1_276' title='bbox 507 2237 728 2271; x_wconf 76' lang='lat' dir='ltr'><strong>Obsecrabat</strong></span> <span class='ocrx_word' id='word_1_277' title='bbox 756 2237 863 2277; x_wconf 82' lang='lat' dir='ltr'><strong>item,</strong></span> <span class='ocrx_word' id='word_1_278' title='bbox 897 2249 943 2270; x_wconf 86' lang='lat' dir='ltr'><strong>ne</strong></span> <span class='ocrx_word' id='word_1_279' title='bbox 983 2236 1072 2270; x_wconf 82' lang='lat' dir='ltr'><strong>haec</strong></span> <span class='ocrx_word' id='word_1_280' title='bbox 1109 2239 1358 2281; x_wconf 87' lang='lat' dir='ltr'><strong>permitteret,</strong></span> <span class='ocrx_word' id='word_1_281' title='bbox 1390 2240 1454 2273; x_wconf 81' lang='lat' dir='ltr'><strong>sed</strong></span> <span class='ocrx_word' id='word_1_282' title='bbox 1483 2236 1731 2271; x_wconf 81' lang='lat' dir='ltr'><strong>misericordia</strong></span> 
     </span>
     <span class='ocr_line' id='line_1_34' title="bbox 306 2283 1730 2328; baseline 0 -12"><span class='ocrx_word' id='word_1_283' title='bbox 306 2289 450 2328; x_wconf 82' lang='lat' dir='ltr'><strong>praeter</strong></span> <span class='ocrx_word' id='word_1_284' title='bbox 477 2284 532 2315; x_wconf 90' lang='lat' dir='ltr'><strong>ius</strong></span> <span class='ocrx_word' id='word_1_285' title='bbox 559 2284 683 2327; x_wconf 81' lang='lat' dir='ltr'><strong>fasque</strong></span> <span class='ocrx_word' id='word_1_286' title='bbox 707 2283 935 2327; x_wconf 79' lang='lat' dir='ltr'><strong>pereuntium</strong></span> <span class='ocrx_word' id='word_1_287' title='bbox 960 2289 1094 2327; x_wconf 83' lang='lat' dir='ltr'><strong>captus,</strong></span> <span class='ocrx_word' id='word_1_288' title='bbox 1117 2284 1312 2317; x_wconf 83' lang='lat' dir='ltr'><strong>calamitati</strong></span> <span class='ocrx_word' id='word_1_289' title='bbox 1339 2290 1539 2318; x_wconf 84' lang='lat' dir='ltr'><strong>occurreret</strong></span> <span class='ocrx_word' id='word_1_290' title='bbox 1563 2288 1612 2324; x_wconf 85' lang='lat' dir='ltr'><strong>et,</strong></span> <span class='ocrx_word' id='word_1_291' title='bbox 1638 2293 1730 2328; x_wconf 87' lang='lat' dir='ltr'><strong>quae</strong></span> 
     </span>
     <span class='ocr_line' id='line_1_35' title="bbox 309 2328 1732 2374; baseline 0 -12"><span class='ocrx_word' id='word_1_292' title='bbox 309 2330 423 2362; x_wconf 80' lang='lat' dir='ltr'><strong>multo</strong></span> <span class='ocrx_word' id='word_1_293' title='bbox 469 2328 585 2361; x_wconf 85' lang='lat' dir='ltr'><strong>adhuc</strong></span> <span class='ocrx_word' id='word_1_294' title='bbox 616 2329 792 2362; x_wconf 81' lang='lat' dir='ltr'><strong>atrociora</strong></span> <span class='ocrx_word' id='word_1_295' title='bbox 827 2329 1099 2372; x_wconf 85' lang='lat' dir='ltr'><strong>impenderent,</strong></span> <span class='ocrx_word' id='word_1_296' title='bbox 1139 2329 1236 2363; x_wconf 87' lang='lat' dir='ltr'><strong>bello</strong></span> <span class='ocrx_word' id='word_1_297' title='bbox 1285 2330 1490 2374; x_wconf 85' lang='lat' dir='ltr'><strong>dissipando</strong></span> <span class='ocrx_word' id='word_1_298' title='bbox 1531 2333 1732 2363; x_wconf 80' lang='lat' dir='ltr'><strong>averteret:</strong></span> 
     </span>
     <span class='ocr_line' id='line_1_36' title="bbox 312 2374 1732 2420; baseline -0.001 -13"><span class='ocrx_word' id='word_1_299' title='bbox 312 2376 480 2420; x_wconf 85' lang='lat' dir='ltr'><strong>quodque</strong></span> <span class='ocrx_word' id='word_1_300' title='bbox 507 2376 584 2413; x_wconf 82' lang='lat' dir='ltr'><strong>illi,</strong></span> <span class='ocrx_word' id='word_1_301' title='bbox 612 2381 652 2407; x_wconf 86' lang='lat' dir='ltr'><strong>ut</strong></span> <span class='ocrx_word' id='word_1_302' title='bbox 676 2374 854 2407; x_wconf 89' lang='lat' dir='ltr'><strong>communi</strong></span> <span class='ocrx_word' id='word_1_303' title='bbox 878 2375 1020 2418; x_wconf 79' lang='lat' dir='ltr'><strong>parenti</strong></span> <span class='ocrx_word' id='word_1_304' title='bbox 1040 2384 1081 2407; x_wconf 88' lang='lat' dir='ltr'><strong>ac</strong></span> <span class='ocrx_word' id='word_1_305' title='bbox 1100 2376 1265 2419; x_wconf 87' lang='lat' dir='ltr'><strong>magistro</strong></span> <span class='ocrx_word' id='word_1_306' title='bbox 1291 2377 1450 2410; x_wconf 85' lang='lat' dir='ltr'><strong>iustitiae</strong></span> <span class='ocrx_word' id='word_1_307' title='bbox 1474 2377 1579 2411; x_wconf 83' lang='lat' dir='ltr'><strong>aneo</strong></span> <span class='ocrx_word' id='word_1_308' title='bbox 1603 2376 1732 2415; x_wconf 87' lang='lat' dir='ltr'><strong>electo,</strong></span> 
     </span>
     <span class='ocr_line' id='line_1_37' title="bbox 310 2421 1730 2465; baseline 0 -12"><span class='ocrx_word' id='word_1_309' title='bbox 310 2421 592 2465; x_wconf 84' lang='lat' dir='ltr'><strong>pulcherrimum</strong></span> <span class='ocrx_word' id='word_1_310' title='bbox 625 2426 736 2461; x_wconf 86' lang='lat' dir='ltr'><strong>esset,</strong></span> <span class='ocrx_word' id='word_1_311' title='bbox 771 2422 869 2453; x_wconf 86' lang='lat' dir='ltr'><strong>inter</strong></span> <span class='ocrx_word' id='word_1_312' title='bbox 893 2431 930 2452; x_wconf 88' lang='lat' dir='ltr'><strong>se</strong></span> <span class='ocrx_word' id='word_1_313' title='bbox 956 2425 992 2453; x_wconf 84' lang='lat' dir='ltr'><strong>et</strong></span> <span class='ocrx_word' id='word_1_314' title='bbox 1014 2421 1277 2465; x_wconf 80' lang='lat' dir='ltr'><strong>imperatricem</strong></span> <span class='ocrx_word' id='word_1_315' title='bbox 1304 2422 1528 2456; x_wconf 78' lang='lat' dir='ltr'><strong>concordiam</strong></span> <span class='ocrx_word' id='word_1_316' title='bbox 1554 2423 1730 2454; x_wconf 76' lang='lat' dir='ltr'><strong>instaura-</strong></span> 
     </span>
     <span class='ocr_line' id='line_1_38' title="bbox 313 2465 1730 2513; baseline -0.001 -14"><span class='ocrx_word' id='word_1_317' title='bbox 313 2473 378 2500; x_wconf 88' lang='lat' dir='ltr'><strong>ret.</strong></span> <span class='ocrx_word' id='word_1_318' title='bbox 430 2467 585 2499; x_wconf 87' lang='lat' dir='ltr'><strong>Omnino</strong></span> <span class='ocrx_word' id='word_1_319' title='bbox 621 2473 738 2501; x_wconf 81' lang='lat' dir='ltr'><strong>autem</strong></span> <span class='ocrx_word' id='word_1_320' title='bbox 767 2466 870 2500; x_wconf 33' lang='lat' dir='ltr'><strong>*nihil</strong></span> <span class='ocrx_word' id='word_1_321' title='bbox 907 2465 983 2499; x_wconf 85' lang='lat' dir='ltr'><strong>fore</strong></span> <span class='ocrx_word' id='word_1_322' title='bbox 1007 2467 1168 2510; x_wconf 82' lang='lat' dir='ltr'><strong>negotii,</strong></span> <span class='ocrx_word' id='word_1_323' title='bbox 1193 2479 1311 2513; x_wconf 84' lang='lat' dir='ltr'><strong>neque</strong></span> <span class='ocrx_word' id='word_1_324' title='bbox 1337 2470 1450 2502; x_wconf 80' lang='lat' dir='ltr'><strong>multa</strong></span> <span class='ocrx_word' id='word_1_325' title='bbox 1474 2469 1530 2502; x_wconf 89' lang='lat' dir='ltr'><strong>illi</strong></span> <span class='ocrx_word' id='word_1_326' title='bbox 1552 2468 1660 2501; x_wconf 85' lang='lat' dir='ltr'><strong>verba</strong></span> <span class='ocrx_word' id='word_1_327' title='bbox 1685 2465 1730 2498; x_wconf 82' lang='lat' dir='ltr'><strong>ad</strong></span> 
     </span>
     <span class='ocr_line' id='line_1_39' title="bbox 315 2510 1771 2555; baseline 0 -11"><span class='ocrx_word' id='word_1_328' title='bbox 315 2524 393 2545; x_wconf 78' lang='lat' dir='ltr'><strong>eam</strong></span> <span class='ocrx_word' id='word_1_329' title='bbox 430 2513 618 2555; x_wconf 78' lang='lat' dir='ltr'><strong>facienda3</strong></span> <span class='ocrx_word' id='word_1_330' title='bbox 655 2513 718 2546; x_wconf 82' lang='lat' dir='ltr'><strong>sed</strong></span> <span class='ocrx_word' id='word_1_331' title='bbox 750 2513 826 2544; x_wconf 90' lang='lat' dir='ltr'><strong>solo</strong></span> <span class='ocrx_word' id='word_1_332' title='bbox 855 2512 1022 2555; x_wconf 86' lang='lat' dir='ltr'><strong>adspectu</strong></span> <span class='ocrx_word' id='word_1_333' title='bbox 1049 2524 1148 2546; x_wconf 83' lang='lat' dir='ltr'><strong>arma</strong></span> <span class='ocrx_word' id='word_1_334' title='bbox 1172 2515 1292 2546; x_wconf 87' lang='lat' dir='ltr'><strong>statim</strong></span> <span class='ocrx_word' id='word_1_335' title='bbox 1330 2520 1533 2548; x_wconf 84' lang='lat' dir='ltr'><strong>revocatum</strong></span> <span class='ocrx_word' id='word_1_336' title='bbox 1563 2513 1618 2545; x_wconf 88' lang='lat' dir='ltr'><strong>iri.</strong></span> <span class='ocrx_word' id='word_1_337' title='bbox 1666 2512 1731 2545; x_wconf 86' lang='lat' dir='ltr'><strong>Sin</strong></span> <span class='ocrx_word' id='word_1_338' title='bbox 1767 2510 1771 2517; x_wconf 55' lang='lat'>²</span> 
     </span>
     <span class='ocr_line' id='line_1_40' title="bbox 313 2558 1732 2605; baseline 0.001 -16"><span class='ocrx_word' id='word_1_339' title='bbox 313 2558 442 2590; x_wconf 83' lang='lat' dir='ltr'><strong>horum</strong></span> <span class='ocrx_word' id='word_1_340' title='bbox 468 2558 560 2591; x_wconf 85' lang='lat' dir='ltr'><strong>nihil</strong></span> <span class='ocrx_word' id='word_1_341' title='bbox 586 2559 617 2590; x_wconf 88' lang='lat' dir='ltr'><strong>ei</strong></span> <span class='ocrx_word' id='word_1_342' title='bbox 646 2568 747 2592; x_wconf 81' lang='lat' dir='ltr'><strong>curae</strong></span> <span class='ocrx_word' id='word_1_343' title='bbox 772 2558 905 2598; x_wconf 83' lang='lat' dir='ltr'><strong>fuerit,</strong></span> <span class='ocrx_word' id='word_1_344' title='bbox 929 2569 994 2591; x_wconf 87' lang='lat' dir='ltr'><strong>nec</strong></span> <span class='ocrx_word' id='word_1_345' title='bbox 1021 2558 1161 2598; x_wconf 87' lang='lat' dir='ltr'><strong>studio,</strong></span> <span class='ocrx_word' id='word_1_346' title='bbox 1187 2571 1257 2604; x_wconf 86' lang='lat' dir='ltr'><strong>quo</strong></span> <span class='ocrx_word' id='word_1_347' title='bbox 1285 2561 1407 2599; x_wconf 85' lang='lat' dir='ltr'><strong>decet,</strong></span> <span class='ocrx_word' id='word_1_348' title='bbox 1430 2571 1553 2605; x_wconf 86' lang='lat' dir='ltr'><strong>pacem</strong></span> <span class='ocrx_word' id='word_1_349' title='bbox 1587 2568 1732 2592; x_wconf 87' lang='lat' dir='ltr'><strong>curave-</strong></span> 
     </span>
     <span class='ocr_line' id='line_1_41' title="bbox 314 2604 1732 2648; baseline 0.001 -13"><span class='ocrx_word' id='word_1_350' title='bbox 314 2605 380 2644; x_wconf 85' lang='lat' dir='ltr'><strong>rit,</strong></span> <span class='ocrx_word' id='word_1_351' title='bbox 405 2605 522 2646; x_wconf 83' lang='lat' dir='ltr'><strong>ipsum</strong></span> <span class='ocrx_word' id='word_1_352' title='bbox 548 2605 694 2648; x_wconf 86' lang='lat' dir='ltr'><strong>quidem</strong></span> <span class='ocrx_word' id='word_1_353' title='bbox 718 2605 831 2638; x_wconf 87' lang='lat' dir='ltr'><strong>vereri</strong></span> <span class='ocrx_word' id='word_1_354' title='bbox 861 2604 996 2644; x_wconf 79' lang='lat' dir='ltr'><strong>dicere,</strong></span> <span class='ocrx_word' id='word_1_355' title='bbox 1022 2604 1119 2648; x_wconf 87' lang='lat' dir='ltr'><strong>quod</strong></span> <span class='ocrx_word' id='word_1_356' title='bbox 1145 2611 1262 2639; x_wconf 79' lang='lat' dir='ltr'><strong>tamen</strong></span> <span class='ocrx_word' id='word_1_357' title='bbox 1285 2607 1343 2640; x_wconf 92' lang='lat' dir='ltr'><strong>vel</strong></span> <span class='ocrx_word' id='word_1_358' title='bbox 1371 2612 1509 2640; x_wconf 85' lang='lat' dir='ltr'><strong>tacente</strong></span> <span class='ocrx_word' id='word_1_359' title='bbox 1541 2616 1579 2638; x_wconf 81' lang='lat' dir='ltr'><strong>se</strong></span> <span class='ocrx_word' id='word_1_360' title='bbox 1607 2612 1732 2639; x_wconf 85' lang='lat' dir='ltr'><strong>uotum</strong></span> 
     </span>
     <span class='ocr_line' id='line_1_42' title="bbox 316 2650 1728 2694; baseline 0.002 -11"><span class='ocrx_word' id='word_1_361' title='bbox 316 2651 362 2683; x_wconf 81' lang='lat' dir='ltr'><strong>sit</strong></span> <span class='ocrx_word' id='word_1_362' title='bbox 387 2650 551 2681; x_wconf 87' lang='lat' dir='ltr'><strong>omnibus</strong></span> <span class='ocrx_word' id='word_1_363' title='bbox 570 2675 585 2689; x_wconf 88' lang='lat'><strong>‚.</strong></span> <span class='ocrx_word' id='word_1_364' title='bbox 604 2653 753 2684; x_wconf 79' lang='lat' dir='ltr'><strong>effusum</strong></span> <span class='ocrx_word' id='word_1_365' title='bbox 779 2651 986 2694; x_wconf 86' lang='lat' dir='ltr'><strong>sanguinem</strong></span> <span class='ocrx_word' id='word_1_366' title='bbox 1022 2651 1066 2683; x_wconf 89' lang='lat' dir='ltr'><strong>de</strong></span> <span class='ocrx_word' id='word_1_367' title='bbox 1092 2662 1196 2683; x_wconf 84' lang='lat' dir='ltr'><strong>manu</strong></span> <span class='ocrx_word' id='word_1_368' title='bbox 1228 2654 1303 2685; x_wconf 89' lang='lat' dir='ltr'><strong>eius</strong></span> <span class='ocrx_word' id='word_1_369' title='bbox 1332 2664 1350 2684; x_wconf 89' lang='lat' dir='ltr'><strong>a</strong></span> <span class='ocrx_word' id='word_1_370' title='bbox 1373 2654 1467 2686; x_wconf 88' lang='lat' dir='ltr'><strong>iusto</strong></span> <span class='ocrx_word' id='word_1_371' title='bbox 1501 2651 1619 2685; x_wconf 84' lang='lat' dir='ltr'><strong>iudice</strong></span> <span class='ocrx_word' id='word_1_372' title='bbox 1651 2653 1728 2686; x_wconf 87' lang='lat' dir='ltr'><strong>Deo</strong></span> 
     </span>
     <span class='ocr_line' id='line_1_43' title="bbox 316 2694 1732 2744; baseline 0.004 -16"><span class='ocrx_word' id='word_1_373' title='bbox 316 2694 580 2740; x_wconf 77' lang='lat' dir='ltr'><strong>requirendum.</strong></span> <span class='ocrx_word' id='word_1_374' title='bbox 630 2695 789 2740; x_wconf 77' lang='lat' dir='ltr'><strong>Rogabat</strong></span> <span class='ocrx_word' id='word_1_375' title='bbox 813 2698 943 2736; x_wconf 84' lang='lat' dir='ltr'><strong>etiam,</strong></span> <span class='ocrx_word' id='word_1_376' title='bbox 968 2707 1012 2728; x_wconf 88' lang='lat' dir='ltr'><strong>ne</strong></span> <span class='ocrx_word' id='word_1_377' title='bbox 1038 2696 1164 2730; x_wconf 78' lang='lat' dir='ltr'><strong>tImore</strong></span> <span class='ocrx_word' id='word_1_378' title='bbox 1187 2698 1307 2743; x_wconf 85' lang='lat' dir='ltr'><strong>aliquo</strong></span> <span class='ocrx_word' id='word_1_379' title='bbox 1332 2699 1417 2731; x_wconf 86' lang='lat' dir='ltr'><strong>haec</strong></span> <span class='ocrx_word' id='word_1_380' title='bbox 1446 2699 1522 2744; x_wconf 81' lang='lat' dir='ltr'><strong>peti</strong></span> <span class='ocrx_word' id='word_1_381' title='bbox 1548 2698 1732 2733; x_wconf 73' lang='lat' dir='ltr'><strong>existima-</strong></span> 
     </span>
     <span class='ocr_line' id='line_1_44' title="bbox 318 2741 1732 2789; baseline 0.004 -15"><span class='ocrx_word' id='word_1_382' title='bbox 318 2746 391 2780; x_wconf 74' lang='lat' dir='ltr'><strong>ret,</strong></span> <span class='ocrx_word' id='word_1_383' title='bbox 417 2741 558 2784; x_wconf 76' lang='lat' dir='ltr'><strong>quando</strong></span> <span class='ocrx_word' id='word_1_384' title='bbox 587 2752 708 2775; x_wconf 80' lang='lat' dir='ltr'><strong>eorum</strong></span> <span class='ocrx_word' id='word_1_385' title='bbox 737 2741 855 2786; x_wconf 82' lang='lat' dir='ltr'><strong>copias</strong></span> <span class='ocrx_word' id='word_1_386' title='bbox 881 2743 957 2786; x_wconf 86' lang='lat' dir='ltr'><strong>ipse</strong></span> <span class='ocrx_word' id='word_1_387' title='bbox 981 2742 1103 2776; x_wconf 82' lang='lat' dir='ltr'><strong>multis</strong></span> <span class='ocrx_word' id='word_1_388' title='bbox 1131 2743 1293 2786; x_wconf 80' lang='lat' dir='ltr'><strong>partibus</strong></span> <span class='ocrx_word' id='word_1_389' title='bbox 1317 2750 1520 2789; x_wconf 53' lang='lat' dir='ltr'><strong>superarem</strong></span> <span class='ocrx_word' id='word_1_390' title='bbox 1543 2743 1604 2777; x_wconf 86' lang='lat' dir='ltr'><strong>sed</strong></span> <span class='ocrx_word' id='word_1_391' title='bbox 1636 2744 1732 2786; x_wconf 84' lang='lat' dir='ltr'><strong>ideo,</strong></span> 
     </span>
    </p>
   </div>
  </div>
 </body>
</html>
