1800 3132
551 206 936 251 nls‘romARnM
977 211 1049 250 ιη.
1093 212 1132 255 7.
1471 186 1541 243 55

105 309 226 353 αὐτοὶ
265 312 492 364 έπιορκεΐτε
539 307 778 358 διαλύοντες
810 307 887 357 τὰς
925 308 1132 362 σπονδάς,
1177 309 1401 362 διδάξομεν
1438 309 1740 361 ὗμᾶςΑ.Ο.ι34ι

101 377 234 430 μηδὲν
273 376 379 430 πέρα
418 375 493 415 τοῦ
520 373 792 429 προσήκοντος
817 380 1006 430 φρονεῖν.
1045 374 1117 416 καί
1143 370 1173 430 ἢ
1199 375 1406 426 Σίσμανον
1432 371 1546 429 τριή-

103 456 195 494 ρεσι
223 438 293 482 διὰ
325 440 404 480 τοῦ
426 437 587 494 Ἴστρου
615 436 945 492 καταστήσαντες
972 438 1043 480 ἐπὶ
1068 438 1255 494 Βιδήνην
1275 441 1346 480 καί
1364 438 1548 490 πόλεμον

98 504 300 561 ἐμφύλιον
335 501 568 556 α’νάψαντες
603 503 725 556 ὑμῖν,
757 503 874 558 (ἴστε
902 502 979 557 γὰρ
1011 504 1144 558 δήπου
1189 504 1261 545 καὶ
1297 503 1442 558 αὐτοὶ,
1488 501 1547 552 ὥς

76 567 247 611 5πολλοί
280 570 449 610 ΠῙυσῶν
485 567 861 624 προσχωρήσουσιν
888 567 1028 626 ἐκείνῳ
1057 567 1131 610 choi
1165 568 1238 624 την
1267 569 1447 625 ἀρχαίαν
1475 586 1546 624 φι-

105 635 200 676 λίαν
226 636 300 676 καί
329 631 402 688 την
430 631 660 689 οἰκειότητα
691 636 768 675 τοῦ
792 635 936 688 γένους
955 636 988 690 ,)
1019 630 1047 689 ἢ
1074 633 1336 676 παντάπασιν
1361 635 1549 684 Ἀλέξαν-

102 701 200 753 δρον
227 700 484 753 έκβαλοῦμεν
509 701 583 754 τῆς
611 700 768 755 ἀρχῆς,
797 696 828 754 ἤ
857 697 909 742 τά
937 715 983 753 γε
1013 698 1217 755 δεύτερα,
1248 701 1301 740 ου’
1315 697 1464 754 μέτριοί
1481 715 1546 739 τι-

100 781 152 806 να
183 762 444 820 ζημιώσομεν
472 761 627 817 affair,
676 759 703 818 ἢ
730 766 770 807 εἰ
793 763 852 818 μὴ
881 766 998 807 τοῦτο
1027 765 1194 819 δοκοίη,
1235 762 1291 814 ὥς
1333 764 1546 813 ἐλάττονος

100 825 128 883 ἢ
155 830 330 884 προσῆκε
357 831 430 884 τῆς
457 830 697 885 ἐπικουρίας
723 831 959 884 γινομένης,
1009 830 1096 871 ἀλλ’
1123 828 1251 883 ἔγωγε
1281 827 1412 877 αὐτὸς
1456 825 1548 882 ἅμα

55 897 274 951 ιοστρατιᾷ
292 894 511 948 Ῥωμαίων
527 892 636 948 ἔχων
663 896 734 935 καί
755 896 980 949 Σίσμανον,
1011 891 1112 948 ὑμῖν
1140 893 1449 950 ἐπιστρατεῦσαι
1477 895 1550 934 καὶ

101 961 324 1013 μαχοῦμαι
361 957 664 1014 προθυμότατα
700 957 822 1013 ὑμῖν,
870 960 920 1001 οὐ
957 958 1085 1013 μόνον
1122 957 1675 1016 παρασπονδούμενοςΡ.373

103 1021 254 1076 αὐτὸς,
283 1021 390 1066 ἀλλὰ
413 1025 485 1066 καί
501 1022 759 1083 ἀδικουμένῳ
775 1027 967 1080 βοηθῶν,
997 1028 1071 1067 καί
1096 1029 1265 1082 προσέτι
1300 1042 1346 1080 γε
1374 1024 1548 1067 στάσια-

106 1091 222 1140 ζουσι
249 1088 352 1145 πρὸς
391 1087 568 1139 ἑαυτοὺς
603 1089 675 1132 καί
698 1102 788 1139 τοῖς
818 1093 897 1143 μὲν
921 1090 1175 1148 Ἀλεξάνδρῳ
1204 1092 1548 1146 προσκειμένοις,

103 1160 188 1205 τοῖς
216 1157 262 1198 δὲ
295 1154 409 1211 ἥδιον
437 1151 488 1197 ἂν
516 1156 869 1210 ἅπαλλαξομένοις
903 1158 976 1198 καί
1001 1155 1104 1212 πρὸς
1132 1158 1344 1210 Σίσμανον
1373 1157 1545 1209 α’ποχω-

54 1219 329 1276 ιόρήσουσιν,
382 1217 483 1277 ὅπερ
523 1222 599 1262 οὔκ
647 1221 791 1274 οἴομαι
817 1221 918 1274 ὑμῖν
944 1219 1242 1277 λυσιτελήσειν.
1296 1220 1376 1275 ἐγώ
1404 1222 1451 1262 δὲ
1478 1220 1553 1262 καὶ

101 1286 256 1339 τρόπον
283 1289 424 1341 ἕτερον
451 1289 636 1340 πολέμου
646 1320 659 1340 ,
701 1289 745 1338 ἐξ
774 1282 827 1329 οὗ
854 1287 929 1343 τήν
956 1304 1001 1329 τε
1029 1286 1238 1343 ὑμετέραν
1266 1289 1419 1328 κακοῦν
1449 1285 1550 1340 ἡμῖν

101 1353 175 1392 καὶ
200 1350 276 1407 τὴν
304 1353 456 1394 οἰκείαν
483 1353 646 1402 ἐξέσται
681 1351 925 1406 διασώζειν,
968 1353 1044 1394 οὐκ
1083 1352 1344 1408 ἀποκρύψω,
1383 1352 1451 1394 ἵνα
1488 1349 1549 1406 μή

101 1432 224 1459 τινων
263 1417 499 1471 ἀνηκέστων
536 1416 641 1473 πρὸς
679 1416 752 1460 τὸν
792 1414 973 1471 πόλεμον
1004 1416 1276 1472 συμβάντων,
1323 1417 1404 1470 οὐχ
1438 1416 1549 1471 ἡμᾶς

103 1482 281 1535 αἰτίους,
323 1483 428 1524 α’λλὰ
469 1485 583 1538 σφᾶς
623 1483 781 1533 αὔτούς
808 1485 978 1539 εἰδείητε
1008 1484 1164 1532 αὐτοῖς.
1217 1484 1299 1525 ταῖν
1326 1482 1406 1537 γὰρ
1438 1481 1547 1522 κατὰ

52 1547 181 1601 Ἇοτὴν
205 1543 354 1589 Ἀσίαν
367 1549 602 1601 Σατραπαῖν
625 1547 648 1589 ὅ
674 1549 986 1602 δυνατώτατος,
1015 1545 1062 1591 ὃν
1092 1550 1183 1590 οὐδ’
1211 1549 1336 1590 αὐτοὶ
1364 1544 1548 1601 ἀγνοεῖτε

107 1609 406 1667 παρειληφότες
443 1611 571 1669 ἀκοῇ,
605 1611 766 1668 Ἀμούρ
805 1611 827 1654 ὃ
867 1615 944 1655 τοῦ
978 1613 1158 1668 Αϊτίνη,
1215 1611 1292 1668 τὴν
1339 1612 1545 1665 βασιλέως

106 1677 364 1728 πεπυσμένος
401 1677 598 1732 τελευτὴν
641 1677 714 1720 καί
743 1677 914 1731 νομίσας
932 1679 1004 1719 καί
1025 1676 1151 1726 αὐτὸς
1169 1677 1304 1733 ῥᾷστα
1329 1678 1589 1730 ληΐσεσθαιΒ

101 1741 335 1794 Ῥωμαίους
390 1740 461 1784 διὰ
501 1740 548 1785 τὸ
590 1744 751 1798 μηδένα
783 1740 897 1785 εἶναι
918 1741 990 1785 τὸν
1019 1740 1308 1795 ἅμυνούμενον
1336 1740 1442 1796 ὑπὲρ
1471 1741 1550 1782 αὖ-

107 1808 210 1859 τῶν,
239 1805 488 1861 πεντήκοντα
515 1806 590 1849 καί
616 1809 831 1857 διακοσίας
857 1805 1081 1864 πληρώσας
1110 1809 1240 1862 ναῦς,
1270 1808 1410 1848 πᾶσαν
1434 1807 1550 1848 enoc·-

109 1977 171 2000 vos
195 1977 268 2000 non
293 1967 388 2001 ultra
421 1979 526 2013 quam
553 1968 658 2001 decet
683 1978 826 2012 sapere:
863 1971 901 2000 et
933 1967 993 2000 vel
1018 1966 1184 2000 Sismano
1211 1963 1417 1998 triremibus
1453 1968 1554 1998 trans

107 2013 236 2046 Istrum
261 2013 421 2047 Bidenen
446 2015 652 2058 deportato,
682 2014 820 2048 bellum
846 2013 950 2046 civile
979 2014 1075 2046 inter
1098 2023 1160 2045 vos
1188 2010 1551 2055 suscitabimusrmon

110 2059 207 2092 enim
231 2060 399 2102 nescitis,
431 2061 575 2096 Moesos
600 2072 764 2107 magnam
795 2064 934 2105 partem
961 2059 1008 2092 ob
1034 2059 1216 2091 amicitiae
1251 2061 1465 2090 vetustatem
1489 2068 1551 2090 co-

107 2107 384 2152 gnationemque
423 2108 562 2152 generis
607 2108 653 2141 ad
692 2119 774 2141 eum
816 2103 1048 2147 defecturos)
1084 2110 1120 2138 et
1161 2102 1403 2138 Alexandrum
1440 2113 1553 2147 regno

108 2152 254 2195 penitus
293 2154 566 2187 exturbabimus
601 2160 663 2187 aut
700 2160 796 2187 certe
822 2163 895 2185 non
927 2153 1066 2197 exiguis
1101 2161 1182 2184 eum
1215 2150 1379 2184 cladibus
1412 2148 1550 2182 afficie-

109 2209 210 2230 mus:
246 2199 303 2232 vel
330 2201 359 2232 si
388 2199 457 2234 hoc
483 2212 556 2234 non
581 2201 818 2244 probabitur,
853 2200 937 2244 quia
967 2197 1144 2231 infirmius
1177 2198 1246 2230 erit
1270 2207 1378 2242 quam
1403 2206 1468 2239 pro
1494 2195 1548 2228 rei

107 2244 317 2279 conditione
341 2248 539 2286 auxilium,
565 2247 736 2293 equidem
754 2257 818 2291 ego
844 2246 920 2289 ipse
947 2256 1025 2277 cum
1043 2245 1199 2277 Romano
1226 2242 1386 2275 exercitu
1410 2251 1551 2274 mecum

109 2291 309 2324 Sismanum
334 2292 491 2334 habens,
526 2294 565 2325 in
588 2304 650 2327 vos
682 2294 884 2337 profectus,
917 2290 1087 2324 acerrime
1123 2290 1307 2325 vobiscum
1342 2287 1547 2333 depraelia-

108 2336 201 2369 bor:
226 2348 299 2370 non
327 2339 442 2372 solum
469 2345 507 2372 ut
529 2351 549 2372 a
572 2339 780 2384 foedifragis
807 2338 883 2382 ipse
909 2339 1086 2377 offensus,
1114 2336 1178 2370 sed
1201 2341 1238 2368 et
1259 2334 1385 2380 inique
1409 2334 1547 2368 viola-to

108 2394 212 2426 opem
243 2384 376 2418 ferens:
411 2386 617 2424 vobiscum,
651 2387 819 2431 inquam,
869 2384 930 2429 qui
955 2382 1174 2418 factionibus
1209 2381 1450 2422 dissidentes,
1482 2381 1548 2413 alii

108 2429 314 2464 Alexandro
339 2430 605 2473 adhaerebitis,
639 2433 703 2464 alii
737 2431 914 2465 libentius
938 2429 982 2462 ab
1008 2441 1050 2463 eo
1077 2429 1326 2469 discedentes,
1360 2437 1439 2460 cum
1473 2426 1549 2460 Sis-

107 2485 213 2509 mano
247 2488 308 2510 vos
348 2479 594 2522 couiungetis;
638 2479 738 2523 quod
774 2490 793 2512 e
830 2488 868 2510 re
903 2483 1019 2510 vestra
1059 2475 1222 2508 futurum
1258 2485 1332 2507 non
1366 2473 1546 2507 existimo.

108 2521 181 2566 Ego
203 2533 287 2555 vero
315 2528 351 2555 et
373 2523 479 2557 aliam
502 2525 592 2558 belli
615 2525 728 2565 viam,
768 2535 839 2571 qua
874 2525 1057 2566 regionem
1091 2526 1244 2554 vestram
1280 2521 1447 2554 infestam
1481 2519 1548 2552 ha-

109 2566 216 2609 bere,
249 2573 408 2602 nostram
437 2576 552 2605 tutam
577 2577 759 2614 praestare
785 2570 936 2609 licebit,
972 2581 1046 2602 non
1082 2579 1142 2601 vos
1184 2565 1329 2600 celabo:
1378 2571 1419 2599 ut
1450 2570 1548 2599 atro-

114 2616 256 2648 cissime
296 2616 462 2658 multati,
486 2618 720 2662 vosmetipsos
757 2629 798 2650 ea
840 2616 935 2648 mala
973 2615 1076 2649 vobis
1120 2614 1300 2647 intrivisse
1334 2613 1546 2657 agnoscatis.

110 2661 250 2703 Etenim
285 2662 452 2695 Amurius
499 2663 642 2697 Aitinae
686 2664 800 2704 filius,
842 2669 1058 2706 satraparum
1095 2661 1199 2693 Asiae
1232 2659 1549 2704 opulentissimus,

110 2717 215 2751 quem
241 2712 278 2741 et
299 2718 361 2741 vos
387 2708 431 2742 de
463 2709 558 2742 sama
583 2711 822 2754 cognovistis,
860 2720 940 2742 cum
968 2707 1012 2740 de
1037 2712 1151 2740 morte
1183 2706 1409 2751 imperatoris
1442 2715 1548 2738 acce·-

109 2753 240 2795 pisset,
274 2758 370 2787 ratus
408 2766 445 2788 se
470 2756 709 2790 Romanorum
734 2761 846 2789 terras
882 2754 1055 2788 facillime
1093 2753 1414 2798 depraedatur-um,
1449 2751 1547 2796 quod

111 2800 183 2831 iam
204 2806 470 2846 propugnatore
496 2807 676 2844 carerent,
706 2803 865 2848 impletis
905 2800 1069 2836 ducentis
1101 2799 1367 2846 quinquaginta
1397 2797 1549 2832 navibus
