1820 3152
276 148 383 217 522
806 166 1179 209 CANTACUZEM

76 273 157 309 ΑΒ.
177 276 262 321 1345
273 264 348 308 τὸν
373 266 448 306 τοῦ
475 267 658 318 πολέμου
685 264 834 320 χρόνον
861 268 1143 322 εἰργασμένων
1171 269 1350 326 συνορᾷν
1369 268 1492 312 ὅποῖα
1523 265 1586 325 ἦν.
1642 271 1721 312 οὖ-Α

270 334 318 372 δὲ
353 330 434 387 γὰρ
471 330 670 384 οὐδεμιᾶς
713 331 930 387 ἐφείσαντο
970 333 1205 389 ὑπερβολῆς
1240 335 1398 389 α’πάτης
1424 334 1499 377 καί
1523 334 1710 389 ψεύδους

267 397 326 445 εἷς
355 398 478 451 δεῦρο
507 398 552 438 ἐκ
581 399 653 451 τῆς
683 398 887 450 βασιλέως
912 401 1129 454 τελευτῆς,
1158 400 1202 450 ἐξ
1229 394 1287 442 ὧν
1311 402 1511 453 βασιλίδα
1534 417 1577 442 τε
1598 399 1710 442 ἕπει-

268 479 348 505 σαν
386 461 460 504 τὸν
496 463 676 516 πόλεμον
717 460 887 505 ἑλέσθαι
931 463 1006 520 τὴν
1036 463 1172 520 α’ρχὴν
1196 467 1272 511 ,καί
1295 466 1423 521 μέχρι
1449 467 1526 508 νῦν
1553 469 1708 517 ἑξαπα-

226 533 416 577 Βτιόντες
447 530 523 570 ου’κ
558 530 660 571 ἐῶσι
687 529 938 572 διαλύεσθαι
968 532 1073 584 ἐμοί.
1131 532 1300 580 ἐκείνοις
1325 533 1403 584 μὲν
1431 526 1504 574 οὖν
1530 535 1738 580 τοιαῦτα5

261 593 484 651 ᾑρημένοις
521 593 593 636 καὶ
623 593 692 637 τὸν
720 592 898 648 πόλεμον
927 592 1182 650 ἀνάπτουσι,
1221 597 1320 646 θεὸς
1345 613 1389 639 τε
1427 596 1504 647 τας
1531 595 1712 653 ἆμοιβάς

262 656 577 716 οἷντιμετρήσειε
614 662 689 716 τῆς
717 662 1000 716 προαιρέσεως
1030 661 1181 716 α’ξιάς,
1223 665 1296 704 καί
1323 662 1522 716 Ῥωμαῖοι
1565 664 1712 715 πάντες

262 723 455 778 εἴσονται,
484 724 540 775 ὥς
566 726 616 767 οὔ
636 727 688 767 δι’
709 724 842 768 αὐτὸν
864 726 1082 781 ὄ-πόλεμος
1103 730 1176 770 καί
1194 728 1219 783 ἦ
1241 727 1384 785 φθορὰ
1404 731 1477 771 καί
1493 728 1529 771 οἱ
1555 730 1710 785 α’νδρα-

261 793 472 845 ποδισμοί,
495 790 601 834 α’λλά
628 794 681 833 δι’
701 792 878 842 ἐκείνους
904 796 1073 848 γίνεται.
1106 792 1236 836 αὐτὸν
1262 795 1397 836 δὲκαὶ
1415 793 1544 852 χάριν
1560 795 1708 846 αότοῖς

261 854 569 911 έξαπατήσασιν
584 858 754 909 εἰδέναι,
782 855 843 900 ὅτι
865 856 970 915 πρὸς
991 858 1101 914 ἡμᾶς
1122 861 1357 916 α’φικέσθαι
1373 860 1760 916 παρεσκεύασαν.ιο

263 925 441 965 τοιαῦτα
463 921 568 978 πρὸς
583 919 762 979 Ἀρῆγον
777 926 874 981 περί
893 927 976 967 τῶν
1009 925 1269 981 γραμμάτων
1290 925 1311 969 ὃ
1327 927 1527 981 βασιλεῦς
1539 929 1709 982 διαλεχ-

263 987 367 1044 θείς,
395 989 597 1045 ἐτράπετο
625 991 695 1046 ἐφ’
722 993 864 1046 ἕτερα,
903 989 933 1032 ἂ
960 990 1159 1047 προσήκει
1187 994 1326 1048 φίλοις
1358 991 1462 1048 πρὸς
1489 991 1704 1050 ἀλλήλους.

136 1063 170 1098 Ρ.
186 1064 254 1108 645
375 1052 451 1101 πε’.
501 1050 568 1097 Ἐν
602 1049 636 1114 ᾧ
666 1056 713 1098 δὲ
741 1058 873 1099 ταῦτα
907 1057 1094 1111 ἐτελεῖτο,
1124 1057 1196 1100 καί
1219 1056 1242 1100 ὅ
1268 1060 1398 1113 μέγας
1427 1057 1526 1110 δούξ
1553 1058 1708 1116 ἐστρά-

231 1134 389 1166 Βτευσε
417 1120 520 1164 κατὰ
550 1121 792 1177 Ἐμπυρίτου
822 1124 900 1166 τοῦ
927 1126 1135 1180 φρουρίου
1161 1125 1234 1166 καί
1250 1123 1520 1180 πολιορκήσας
1547 1126 1591 1167 ἐν
1616 1141 1708 1180 τρι-

260 1187 328 1230 σίν
357 1185 534 1243 ἡμέραις
561 1187 634 1229 καί
663 1184 952 1244 οἷποπειράσας
979 1191 1063 1231 τῶν
1087 1191 1265 1244 τειχῶν,
1309 1192 1402 1233 ἐπεὶ
1426 1192 1555 1245 μηδὲν
1583 1186 1759 1246 ἤνυε,15

260 1256 346 1296 τῶν
375 1252 494 1299 ἔνδον
524 1250 746 1309 εὐρώστως
774 1255 1071 1309 ἀμυνομένων,
1103 1250 1234 1305 αὖθις
1255 1257 1314 1305 εἰς
1335 1255 1572 1307 Βυζάντιον
1599 1257 1705 1312 ἀπῆ-

262 1336 321 1375 ρε.
351 1319 425 1362 καί
451 1318 555 1375 πρὸς
581 1322 639 1377 τῷ
658 1319 776 1378 Ἱερῷ
801 1322 1047 1376 γενόμενος,
1080 1321 1183 1363 κατὰ
1204 1321 1249 1364 τὸ
1271 1319 1406 1374 στόμα
1434 1325 1510 1363 τοῦ
1533 1320 1705 1364 Πόντου

262 1388 428 1443 κειμένῃ
455 1382 598 1438 πόλει,
629 1385 862 1441 ἐπεχείρει,
893 1384 1030 1443 ὥσπερ
1061 1385 1231 1443 ἔφασκε,
1258 1385 1357 1435 τοὺς
1384 1390 1474 1428 κατ’
1501 1388 1707 1442 ἐμπορίαν

261 1453 459 1499 πλέοντας
491 1449 562 1493 ἐπὶ
587 1449 658 1493 τὸν
679 1449 842 1493 Πόντον
868 1449 1028 1501 πάντας
1062 1448 1218 1507 φόρους
1248 1447 1454 1493 ἀπαιτεῖν.
1511 1454 1630 1495 τοῦτο
1659 1455 1706 1496 δὲ

260 1514 313 1572 ἦν
341 1515 545 1558 α’δύνατον
563 1550 576 1570 ,
604 1515 662 1571 μὴ
682 1518 1114 1572 θαλασσοκρατοῦντα.
1145 1519 1298 1566 ἐκεῖνος
1323 1519 1369 1559 δὲ
1397 1513 1476 1574 3561]
1504 1519 1759 1574 ovv09a3v‚2o

264 1581 323 1632 ὥς
350 1581 426 1630 τὰς
452 1583 531 1634 μὲν
559 1579 666 1623 κατὰ
696 1581 771 1637 τὴν
800 1577 970 1637 ἤπειρον
989 1581 1125 1631 πάσας
1144 1580 1282 1631 πόλεις
1297 1582 1577 1639 ὑπεποιήσατο
1597 1583 1704 1641 πλὴν

263 1649 412 1702 ὀλίγων
429 1646 450 1687 ὃ
476 1645 689 1702 βασιλεύς,
715 1646 858 1700 ἔμελλε
876 1650 922 1690 δὲ
937 1648 1039 1702 μετὰ
1061 1647 1214 1704 μικρὸν
1232 1649 1440 1703 κοῖκείνας,
1457 1647 1709 1701 και“Βυζάν--

221 1727 346 1762 οτισν
364 1714 600 1768 πολιορκοίη
615 1720 708 1762 ταῖς
726 1720 902 1768 συχναῖς
921 1714 1106 1771 ἐφόδοις,
1134 1714 1208 1756 καί
1229 1714 1436 1768 δεδοικώς,
1455 1715 1515 1770 μὴ
1537 1715 1702 1768 βασιλίς

258 1796 304 1822 τε
317 1781 390 1822 καί
398 1778 435 1821 οἱ
451 1774 584 1832 ἄλλοι,
594 1777 666 1835 τὴν
678 1776 1114 1836 ἇνάγκηνσυνιδόντες,
1131 1780 1188 1830 ὥς
1203 1775 1298 1822 οὔτε
1311 1782 1506 1836 στρατιᾶς
1519 1780 1700 1823 δύναιντ’

261 1881 381 1927 qualia
406 1882 492 1922 sint,
516 1892 745 1927 cognoscere:
775 1893 895 1928 neque
920 1882 1018 1916 enim
1046 1882 1092 1915 ab
1117 1883 1222 1917 obitu
1256 1882 1484 1928 imperatoris
1510 1882 1698 1931 hucusque

260 1930 307 1961 ab
352 1929 427 1961 ulla
471 1932 702 1974 quantumvis
745 1930 882 1963 enormi
923 1930 1120 1974 impostura
1164 1930 1424 1975 mendacioque
1442 1929 1544 1962 ‘ilios
1577 1929 1694 1962 absti-

260 1976 404 2011 nuisse:
442 1975 560 2016 unde,
595 1978 737 2023 inquit,
768 1977 1031 2020 imperatricem
1065 1977 1110 2010 ab
1135 1976 1242 2010 initio
1266 1977 1312 2010 ad
1336 1987 1432 2009 arma
1456 1976 1692 2020 impulerunt,

261 2028 299 2055 et
322 2032 435 2067 usque
468 2021 579 2055 hodie
613 2036 651 2058 os
687 2025 719 2057 ei
754 2023 980 2057 sublinentes
1017 2034 1139 2067 pacem
1171 2034 1308 2057 mecum
1340 2023 1458 2055 facere
1492 2034 1566 2056 non
1600 2024 1698 2068 pati-

259 2073 380 2102 untur.
441 2069 517 2102 Illis
543 2071 667 2117 itaque
704 2073 755 2104 sic
778 2071 912 2103 affectis
942 2075 979 2104 et
1002 2068 1142 2104 bellum
1164 2069 1471 2108 accendentibus,
1502 2070 1599 2103 Deus
1628 2070 1696 2102 tali

257 2115 447 2161 proposito
477 2115 583 2160 digna
622 2118 691 2151 fert
716 2116 893 2161 praemia,
929 2121 966 2149 et
989 2116 1138 2150 Romani
1163 2127 1286 2150 omnes
1310 2126 1384 2148 non
1408 2127 1427 2147 a
1454 2126 1534 2157 me,
1562 2115 1625 2149 sed
1648 2115 1695 2149 ab

258 2164 333 2196 illis
371 2162 530 2203 bellum,
574 2165 783 2205 interitum,
833 2164 1041 2198 servitutem
1066 2173 1227 2196 manasse
1253 2162 1485 2207 comperient.
1535 2162 1697 2196 Gratiam

259 2215 380 2242 autem
404 2211 667 2244 veteratoribus
696 2211 770 2244 illis
794 2209 935 2250 habeo,
964 2221 1043 2244 cum
1073 2214 1109 2243 te
1133 2209 1179 2242 ad
1204 2221 1269 2243 nos
1295 2211 1481 2242 miserunt.
1530 2209 1626 2242 Haec
1649 2210 1696 2243 ad

258 2257 415 2299 Arcgum
452 2266 559 2300 super
590 2257 723 2291 litteris
746 2258 952 2302 imperator.
1010 2255 1151 2290 Deinde
1178 2256 1244 2297 iis,
1269 2266 1363 2302 quae
1392 2260 1478 2288 sunt
1499 2256 1695 2289 amicorum

258 2303 354 2335 inter
378 2313 440 2344 se,
459 2309 624 2337 vacarum
652 2309 717 2338 est.

352 2351 409 2385 85.
456 2350 598 2383 Interea
632 2361 779 2395 magnus
811 2349 884 2383 dux
923 2348 1109 2384 castellum
1148 2348 1360 2393 Empyriten
1408 2347 1559 2387 invasit,
1595 2347 1695 2393 quod

260 2395 326 2427 ubi
352 2396 473 2430 triduo
500 2396 667 2439 obsedit,
702 2407 957 2443 murorumque
982 2396 1076 2429 facto
1102 2394 1263 2439 periculo
1288 2394 1383 2429 nihii
1409 2394 1583 2440 profecit,
1615 2393 1693 2427 for-

258 2441 345 2474 titer
380 2444 444 2488 qui
481 2444 579 2477 intus
611 2451 714 2478 erant
745 2442 1068 2488 propugnantibus,
1091 2443 1302 2486 Byzantium
1329 2442 1464 2482 rediit,
1502 2446 1539 2474 et
1565 2441 1691 2482 Hiero,

258 2488 349 2523 urbe
390 2489 436 2523 ad
474 2491 607 2523 ostium
631 2491 735 2525 Ponti
769 2491 859 2529 sita,
894 2500 1075 2534 aggressus
1113 2495 1189 2530 est,
1214 2494 1254 2521 ut
1277 2488 1414 2528 aiebat,
1449 2488 1495 2521 ab
1521 2487 1692 2520 omnibus

262 2535 522 2570 mercatoribus
549 2539 704 2572 Pontum
738 2536 959 2571 sulcantibus
1017 2537 1150 2571 ortoria
1188 2536 1352 2579 exigere:
1393 2534 1432 2568 id
1464 2533 1584 2580 quod,
1619 2535 1693 2569 nisi

259 2591 358 2614 mare
388 2587 540 2624 teneret,
573 2584 652 2617 fieri
684 2595 759 2617 non
794 2588 944 2628 poterat.
1026 2582 1127 2616 idens
1153 2582 1263 2623 enim,
1289 2583 1543 2627 imperatorem
1571 2581 1694 2627 conti-

261 2628 528 2678 nentis‘urbes
557 2635 713 2674 ‘praeter
752 2641 882 2675 paucas
936 2640 1059 2663 omnes
1097 2628 1304 2675 subegisse,
1350 2634 1387 2662 ct
1431 2628 1512 2661 inas
1544 2636 1692 2671 quoque

261 2674 370 2719 paulo
405 2679 488 2717 post
518 2676 752 2710 subacturum
777 2687 854 2710 esse
873 2702 882 2716 ,
917 2681 954 2709 et
981 2675 1188 2720 Byzantium
1216 2675 1262 2707 ab
1289 2675 1416 2709 eodem
1438 2673 1571 2707 crebris
1596 2673 1693 2706 irru-

260 2719 447 2765 ptionibus
473 2721 736 2766 quodammodo
766 2722 951 2763 obsideri,
976 2724 1199 2767 timensque,
1233 2732 1280 2754 ne
1305 2721 1512 2766 imperatrix
1541 2724 1578 2752 et
1604 2731 1692 2752 cou-

263 2768 401 2809 οἱῑὶυω,
432 2770 646 2805 necessitate
680 2775 893 2818 perspecta,
918 2769 1015 2819 quod
1035 2779 1153 2818 neque
1195 2768 1315 2818 copias
1362 2767 1495 2803 hahere
1529 2771 1692 2813 possent,
