1812 3146
293 146 354 204 51
373 171 398 203 2
788 170 1168 215 ,CANTACUZENI

93 271 176 313 As).
196 273 334 316 ι345τε
375 267 464 310 οὐδ’
482 261 539 310 ὧν
577 264 718 317 αὐτοῖς
747 268 771 324 ἦ
792 271 957 323 βασιλίς
986 273 1222 324 παρέσχετο
1265 270 1371 312 κατὰ
1404 271 1477 313 τὸν
1503 273 1584 314 τοῦ
1605 272 1727 312 πολέ-

292 350 375 388 μου
405 333 577 388 χρόνον,
620 327 717 376 οὔτε
744 338 825 377 τῶν
866 339 1013 391 τιμῶν,
1055 333 1106 378 ἂν
1135 339 1289 378 δοκῶσι
1317 343 1416 391 παρ’
1438 340 1585 391 α’ξίαν,
1629 331 1727 378 οὔτε

162 408 198 441 Ρ.
210 402 370 451 639τῶν
389 399 570 455 κτήσεων
588 435 599 453 ,
631 398 715 442 εἴτε
733 402 779 442 ἐκ
799 402 879 444 τῶν
907 402 1115 457 δημοσίων
1144 396 1278 456 ἦσαν,
1310 398 1337 457 ἢ
1365 406 1446 445 τῶν
1474 405 1569 456 ἐμοὶ
1597 417 1727 457 προσ-

161 468 510 522 ν.5ιιηκουσῶν·
564 465 670 508 α’λλά
715 465 851 509 πάντα
887 471 1074 523 στέργειν
1114 467 1186 509 καί
1217 469 1426 523 μηδεμίαν
1467 468 1611 516 αὐτοῖς
1646 483 1727 521 μη-

287 533 434 575 δέποτε
465 534 625 586 βλάβην
669 532 862 586 ἐπάγειν,
904 530 1166 587 ἀμυνόμενον
1200 536 1280 576 τῶν
1317 531 1420 576 κατὰ
1449 532 1522 575 τὸν
1547 530 1753 585 πόλεμονὲ

286 601 438 646 κακῶν,
469 601 508 641 εἰ
537 601 582 642 δὲ
603 601 718 640 τοῦτ’
741 598 890 648 αυ’τοῑς
914 599 1019 655 μήτε
1051 600 1213 642 δίκαιον
1243 596 1352 642 εἶναι
1383 601 1605 655 φαίνεται,
1624 595 1727 653 μήτε

287 664 483 718 ἀνεκτὸν,
510 662 644 706 πάντα
673 665 951 721 ἐπιτρέψομεν
977 668 1030 722 τῇ
1058 666 1164 722 δίκῃ.
1216 664 1430 720 χρήσομαι
1459 665 1504 706 δὲ
1534 663 1616 718 οὔχ
1642 659 1729 705 ἑτέ-

288 747 377 787 ροις
403 732 622 779 δικασταῖς
650 747 781 783 τισιν,
811 732 902 772 ἀλλ’
933 732 1039 787 αὐτῇ
1066 732 1253 784 βασιλίδι
1280 733 1352 772 καί
1377 727 1611 786 πατριάρχῃ
1658 726 1731 770 καὶ

288 797 370 838 τῶν
396 812 438 838 τε
469 799 666 850 μοναχῶν
691 796 764 838 καί
789 793 1024 838 ἐπισκόπων
1050 802 1133 845 τοῖς
1167 795 1310 850 λογάσι
1349 798 1420 838 καί
1447 797 1528 837 τῶν
1547 793 1729 849 Ῥωμαί-

290 878 369 916 ων,
399 859 443 903 εἴ
468 877 575 910 τινες
604 859 667 903 ἔτι
686 864 1033 917 κατελείφθησαν,
1062 867 1147 910 τοῖς
1180 862 1393 917 α’ρίστοις,
1430 862 1483 902 ου’
1507 856 1592 915 μὴν
1619 857 1785 902 ἀλλάιο

288 929 361 971 καὶ
399 929 482 969 τῶν
523 925 759 982 ἑκασταχοῦ
797 930 1015 969 πολιτειῶν
1052 934 1137 978 τοῖς
1175 930 1480 983 συνετωτέροις.
1535 922 1610 968 κᾶν
1647 930 1726 979 μὲν

289 993 413 1042 αὐτὸς
442 989 595 1035 ἀδικῶν
623 996 696 1035 καί
724 994 929 1049 ἐπιορκῶν
969 994 1042 1034 καί
1075 995 1280 1047 βασιλέως
1314 998 1401 1042 τοῖς
1429 995 1552 1034 παισί
1568 990 1729 1048 φαίνω·

290 1075 368 1113 μαι
392 1059 700 1112 ἐπιβουλεύων,
730 1056 868 1114 ὥσπερ
893 1054 1010 1100 οὗτοι
1028 1057 1337 1114 κατηγόρησαν,
1365 1057 1572 1113 μηδεμίαν
1602 1052 1729 1111 ἄλλην

258 1123 404 1168 Βεῖναι
442 1127 516 1179 τῆς
560 1124 726 1174 ἀδικίας
766 1124 997 1181 τιμωρίαν,
1037 1121 1063 1180 ἢ
1098 1124 1282 1167 θάνατον
1315 1119 1467 1177 ἄτιμον
1491 1122 1564 1165 καί
1588 1119 1730 1164 ἀκλεᾶ.

287 1194 326 1234 εἰ
353 1194 391 1233 δ’
411 1189 536 1232 αὐτοὶ
571 1190 645 1245 τήν
684 1190 882 1245 τοιαύτην
928 1192 1155 1245 καταδίκην
1199 1191 1531 1246 παραιτοῦνται,
1577 1188 1785 1242 ἆπηνὲςιὸ

285 1254 395 1300 εἶναι
433 1258 668 1309 νομίζοντες
711 1254 936 1311 α’νθρώπου
976 1253 1157 1297 θάνατον
1197 1254 1601 1309 καταψηφίζεσθαι,
1640 1252 1731 1293 ἀλλ’

286 1321 414 1371 αὐτὸς
439 1323 526 1362 κατ’
553 1322 749 1374 ἐμαυτοῦ,
789 1324 861 1363 καί
887 1322 987 1376 πρίν
1026 1323 1222 1375 γενέσθαι
1257 1320 1333 1375 τὴν
1364 1319 1509 1375 δίκην,
1548 1316 1726 1374 κυρώσω

285 1387 363 1442 τὴν
391 1389 566 1443 ψῆφον,
596 1387 647 1428 ἵν’
666 1385 791 1428 mirol
815 1386 921 1440 μετὰ
951 1386 995 1429 τὸ
1024 1393 1110 1435 τοῖς
1140 1385 1396 1441 ἀδικήμασιν
1434 1388 1594 1429 οἱλῶναι
1647 1405 1728 1442 μη-

287 1452 438 1506 δεμίαν
465 1453 564 1507 περὶ
590 1454 664 1506 τῆς
702 1451 906 1506 τιμωρίας
945 1454 1111 1505 μέμψιν
1147 1450 1318 1505 ἔχωσιν.
1373 1448 1426 1493 ἂν
1452 1451 1632 1494 δἀιῖτοί
1655 1453 1729 1494 ταῖ-

286 1520 432 1560 ναντία
461 1514 595 1559 πάντα
628 1516 875 1573 φαίνωνται,
909 1519 991 1571 οὐχ
1034 1517 1198 1570 ἁπλῶς,
1230 1518 1329 1558 οὐδὲ
1357 1520 1474 1575 εἰκῇ,
1519 1517 1624 1560 ἀλλὰ
1647 1519 1786 1560 τῶνασ

290 1586 520 1638 λεγομένων
554 1584 793 1638 μαρτυρίας
833 1584 1018 1639 ἐναργεῖς
1059 1584 1162 1636 ἐμοῦ
1206 1581 1490 1638 παράγοντος,
1537 1584 1586 1625 οὗ
1615 1582 1731 1638 παρὰ

285 1652 367 1693 τῶν
395 1649 615 1707 ᾑρημένων
653 1649 703 1689 τὰ
738 1647 950 1703 ἡμέτερα,
993 1648 1061 1690 ἴνα
1097 1647 1154 1703 μη
1186 1651 1441 1703 χαρίζεσθαι
1481 1648 1577 1702 ἐμοὶ
1603 1650 1732 1690 δοκῶ-

288 1732 387 1768 σιν,
425 1709 597 1763 οἷλλόἷς
635 1713 759 1755 αὐτοὶ
793 1720 1006 1768 συνεργοῖς
1046 1714 1162 1770 παρὰ
1195 1714 1330 1756 πάντα
1367 1713 1438 1756 τὸν
1478 1715 1658 1767 πόλεμον
1690 1717 1733 1756 ε’-

249 1782 475 1837 ῦχρῶντο,
515 1782 671 1833 μᾶλλον
709 1781 756 1822 δὲ
796 1780 928 1835 αὔτῆς
972 1781 1191 1834 βασιλίδος
1239 1779 1312 1822 καί
1346 1777 1609 1836 πατριάρχου
1648 1786 1733 1830 τοῖς

289 1920 421 1954 fuerit:
457 1931 576 1965 neque
612 1918 840 1961 ablaturum,
873 1932 966 1966 quae
1003 1921 1091 1966 ipsis
1128 1921 1227 1954 bello
1256 1921 1405 1954 ardente
1433 1919 1591 1964 Augusta
1617 1919 1731 1953 (lona-

289 1967 384 2000 verit
400 1992 410 2008 ,
445 1967 501 1999 vel
526 1966 705 2007 honores,
740 1968 771 2000 si
800 1973 945 2013 praeter
970 1967 1183 2011 dignitatem
1211 1978 1252 1999 ac
1275 1968 1444 2000 meritum
1473 1966 1597 1999 collati
1623 1966 1729 2000 vide-

290 2018 420 2054 antur,
458 2013 516 2045 vel
542 2014 812 2058 possessiones,
849 2015 923 2047 sive
948 2015 1034 2047 illae
1058 2013 1227 2058 publicae
1254 2019 1376 2053 erant,
1399 2013 1474 2046 sive
1498 2013 1545 2046 ad
1571 2024 1628 2046 me
1651 2015 1730 2058 pri-

289 2060 401 2092 vatim
430 2059 681 2105 pertinebant:
715 2070 836 2093 verum
871 2063 978 2105 aequi
1015 2060 1178 2106 bonique
1211 2060 1386 2093 facturum
1421 2060 1564 2093 omnia:
1607 2071 1728 2105 neque

293 2119 450 2152 unquam
477 2117 555 2139 cum
581 2117 704 2140 eorum
729 2107 859 2141 damno
885 2107 1032 2140 bellicas
1058 2109 1272 2141 offensiones
1298 2106 1573 2139 vindicaturum.
1621 2106 1732 2150 Quod

291 2154 319 2185 si
348 2153 415 2186 hoc
438 2164 505 2185 nec
529 2154 686 2193 iustum,
714 2164 782 2186 nec
805 2154 993 2187 ferendum
1018 2154 1246 2194 censuerint,
1279 2157 1393 2186 totum
1419 2153 1604 2195 negotium
1629 2152 1732 2185 iudi-

292 2199 348 2233 cio
375 2201 639 2243 permissurum.
704 2199 889 2233 Iudicibus
924 2205 1042 2233 autem
1081 2200 1161 2233 aliis
1185 2211 1259 2242 non
1284 2205 1385 2239 utar,
1411 2200 1481 2232 nisi
1507 2199 1585 2243 ipsa
1612 2199 1731 2244 impe-

292 2248 440 2286 ratrice,
471 2246 695 2291 patriarcha,
726 2247 910 2280 monachis
944 2252 982 2280 et
1018 2245 1167 2279 delectis
1202 2246 1381 2290 episcopis
1426 2251 1463 2278 et
1487 2245 1674 2286 Romanis,
1698 2247 1730 2279 si

291 2293 356 2336 qui
384 2298 589 2336 supersunt,
613 2293 866 2337 optimatibus:
892 2293 965 2325 imo
988 2304 1071 2326 vero
1098 2293 1207 2325 etiam
1241 2290 1500 2337 cuiuscumque
1529 2292 1581 2325 rei
1605 2291 1730 2336 publi·

291 2350 354 2371 cae
379 2340 464 2373 viris
488 2339 798 2384 prudentioribus.
849 2341 893 2373 Et
915 2340 945 2372 si
971 2339 1116 2384 quidem
1143 2339 1311 2383 iniquus,
1348 2340 1510 2382 periurus
1535 2344 1573 2371 et
1596 2337 1731 2371 insidi·

294 2390 373 2418 ator
408 2386 629 2430 comperiar,
653 2386 752 2432 quod
775 2387 837 2419 isti
862 2386 1052 2425 dictitant,
1078 2385 1276 2418 sceleribus
1303 2386 1392 2418 meis
1416 2397 1490 2418 non
1515 2383 1617 2417 aliud
1641 2395 1731 2430 sup-

293 2431 455 2474 plicium,
481 2444 586 2476 quam
610 2438 762 2466 mortem
787 2433 975 2476 ingloriam
1001 2436 1038 2464 et
1062 2432 1233 2465 infamem
1270 2432 1419 2476 irrogari
1445 2431 1536 2464 volo.
1572 2431 1611 2463 Si
1635 2430 1729 2464 hanc

294 2477 560 2512 damnationem
584 2484 813 2519 aversantur,
837 2478 982 2511 crudele
1008 2477 1179 2511 ducentes
1195 2504 1204 2519 ,
1236 2479 1274 2511 in
1298 2478 1480 2511 hominem
1509 2479 1729 2511 sententiam

295 2524 485 2566 capitalem
516 2526 630 2559 ferre:
671 2531 709 2559 at
736 2535 799 2568 ego
824 2526 901 2569 ipse
926 2530 1010 2558 ante
1035 2524 1210 2558 iudicium
1235 2530 1351 2558 atrum
1377 2524 1545 2560 adversus
1572 2534 1627 2556 me
1652 2524 1728 2557 cal-

295 2570 414 2603 culum
443 2572 557 2612 dabo,
595 2577 636 2605 ut
674 2572 766 2616 ipsi,
802 2578 993 2617 postquam
1028 2573 1213 2604 convictus
1251 2570 1376 2611 fuero,
1412 2570 1583 2615 supplicii
1617 2569 1728 2603 huius

291 2617 571 2659 reprehensione
595 2624 732 2652 vacent.
774 2618 838 2651 Sin
862 2623 982 2651 autem
1008 2619 1129 2662 potius
1150 2619 1220 2650 alia
1247 2620 1365 2651 omnia
1389 2617 1628 2656 constiterint,
1653 2628 1728 2650 non

291 2673 349 2695 me
377 2662 590 2706 simpliciter
614 2676 656 2698 ac
678 2671 814 2699 temere
838 2664 1048 2705 affirmante,
1062 2664 1123 2697 sed
1150 2664 1244 2698 (licta
1271 2676 1350 2697 mea
1373 2662 1601 2697 evidentibus
1625 2663 1731 2695 testi-

292 2709 423 2742 moniis
449 2710 694 2752 confirmante,
713 2724 785 2746 non
810 2709 958 2756 quidem
985 2712 1109 2755 petitis
1135 2723 1154 2743 a
1184 2722 1340 2745 mearum
1371 2710 1521 2756 partium
1545 2708 1729 2749 studiosis,

294 2755 356 2800 (ne
392 2754 480 2789 mihi
515 2758 703 2800 gratificari
740 2758 1020 2805 existimentur,)
1061 2769 1183 2793 verum
1218 2757 1264 2791 ab
1301 2758 1396 2798 illis,
1431 2765 1522 2802 quos
1553 2754 1625 2800 ipsi
1651 2759 1730 2789 toto
