<?xml version="1.0" encoding="UTF-8"?>
<!DOCTYPE html PUBLIC "-//W3C//DTD XHTML 1.0 Transitional//EN"
    "http://www.w3.org/TR/xhtml1/DTD/xhtml1-transitional.dtd">
<html xmlns="http://www.w3.org/1999/xhtml" xml:lang="en" lang="en">
 <head>
  <title>
</title>
<meta http-equiv="Content-Type" content="text/html;charset=utf-8" />
  <meta name='ocr-system' content='tesseract 3.04.00' />
  <meta name='ocr-capabilities' content='ocr_page ocr_carea ocr_par ocr_line ocrx_word'/>
</head>
<body>
  <div class='ocr_page' id='page_1' title='image "./corpusscriptorum24niebuoft_0526.png"; bbox 0 0 1794 3146; ppageno 0'>
   <div class='ocr_carea' id='block_1_1' title="bbox 293 171 1194 237">
    <p class='ocr_par' dir='ltr' id='par_1_1' title="bbox 293 171 1194 237">
     <span class='ocr_line' id='line_1_1' title="bbox 293 171 1194 237; baseline -0.001 -9"><span class='ocrx_word' id='word_1_1' title='bbox 293 171 404 237; x_wconf 67' lang='lat'><strong>514</strong></span> <span class='ocrx_word' id='word_1_2' title='bbox 727 224 729 226; x_wconf 77' lang='grc'>,</span> <span class='ocrx_word' id='word_1_3' title='bbox 823 185 1194 228; x_wconf 74' lang='lat' dir='ltr'><strong>CANTACUZENI</strong></span> 
     </span>
    </p>
   </div>
   <div class='ocr_carea' id='block_1_2' title="bbox 90 281 1776 1849">
    <p class='ocr_par' dir='ltr' id='par_1_2' title="bbox 90 281 1749 867">
     <span class='ocr_line' id='line_1_2' title="bbox 90 281 1724 345; baseline -0.002 -15"><span class='ocrx_word' id='word_1_4' title='bbox 90 296 272 343; x_wconf 70' lang='lat' dir='ltr'><strong>A.c.1345</strong></span> <span class='ocrx_word' id='word_1_5' title='bbox 290 291 483 345; x_wconf 80' lang='grc' dir='ltr'><strong>κρείττων</strong></span> <span class='ocrx_word' id='word_1_6' title='bbox 510 283 749 343; x_wconf 72' lang='grc' dir='ltr'><em>φαίνωμαι,</em></span> <span class='ocrx_word' id='word_1_7' title='bbox 784 285 908 328; x_wconf 80' lang='grc' dir='ltr'><em>ου’δὲν</em></span> <span class='ocrx_word' id='word_1_8' title='bbox 935 282 1112 339; x_wconf 79' lang='grc' dir='ltr'><strong><em>λυπήσει</em></strong></span> <span class='ocrx_word' id='word_1_9' title='bbox 1139 281 1185 326; x_wconf 80' lang='grc' dir='ltr'><strong>τὰ</strong></span> <span class='ocrx_word' id='word_1_10' title='bbox 1218 283 1459 327; x_wconf 68' lang='grc' dir='ltr'><em>ἀποθέσθαι</em></span> <span class='ocrx_word' id='word_1_11' title='bbox 1486 282 1590 340; x_wconf 77' lang='grc' dir='ltr'><em>πρὸς</em></span> <span class='ocrx_word' id='word_1_12' title='bbox 1616 287 1724 340; x_wconf 85' lang='grc' dir='ltr'><em>βρα-</em></span> 
     </span>
     <span class='ocr_line' id='line_1_3' title="bbox 281 345 1726 410; baseline -0.003 -14"><span class='ocrx_word' id='word_1_13' title='bbox 281 354 340 410; x_wconf 79' lang='grc' dir='ltr'>χύ</span> <span class='ocrx_word' id='word_1_14' title='bbox 359 386 371 409; x_wconf 84' lang='lat'>,</span> <span class='ocrx_word' id='word_1_15' title='bbox 398 354 606 406; x_wconf 87' lang='grc' dir='ltr'><em>μέλλοντα</em></span> <span class='ocrx_word' id='word_1_16' title='bbox 635 349 758 408; x_wconf 71' lang='grc' dir='ltr'><em>ὀλίγῳ</em></span> <span class='ocrx_word' id='word_1_17' title='bbox 786 347 961 406; x_wconf 69' lang='grc' dir='ltr'><em>ὕστερον</em></span> <span class='ocrx_word' id='word_1_18' title='bbox 987 345 1113 399; x_wconf 72' lang='grc' dir='ltr'><em>αὖθις</em></span> <span class='ocrx_word' id='word_1_19' title='bbox 1142 350 1448 404; x_wconf 80' lang='grc' dir='ltr'><em>α’ναλαμβάνειν</em></span> <span class='ocrx_word' id='word_1_20' title='bbox 1475 348 1579 403; x_wconf 75' lang='grc' dir='ltr'><em>μετὰ</em></span> <span class='ocrx_word' id='word_1_21' title='bbox 1609 351 1726 392; x_wconf 82' lang='grc' dir='ltr'><em>πλεί-</em></span> 
     </span>
     <span class='ocr_line' id='line_1_4' title="bbox 284 410 1726 473; baseline -0.005 -11"><span class='ocrx_word' id='word_1_22' title='bbox 284 435 374 468; x_wconf 90' lang='grc' dir='ltr'><em>ονος</em></span> <span class='ocrx_word' id='word_1_23' title='bbox 405 420 476 473; x_wconf 86' lang='grc' dir='ltr'><strong>τῆς</strong></span> <span class='ocrx_word' id='word_1_24' title='bbox 518 415 638 471; x_wconf 79' lang='grc' dir='ltr'><em>δόξης</em></span> <span class='ocrx_word' id='word_1_25' title='bbox 690 417 764 457; x_wconf 82' lang='grc' dir='ltr'><em>καί</em></span> <span class='ocrx_word' id='word_1_26' title='bbox 791 417 865 470; x_wconf 84' lang='grc' dir='ltr'><strong>τῆς</strong></span> <span class='ocrx_word' id='word_1_27' title='bbox 898 410 1109 471; x_wconf 70' lang='grc' dir='ltr'><em>εὐφημίας</em></span> <span class='ocrx_word' id='word_1_28' title='bbox 1136 417 1209 456; x_wconf 84' lang='grc' dir='ltr'>καί</span> <span class='ocrx_word' id='word_1_29' title='bbox 1244 417 1315 470; x_wconf 87' lang='grc' dir='ltr'><strong>τῆς</strong></span> <span class='ocrx_word' id='word_1_30' title='bbox 1354 413 1503 470; x_wconf 72' lang='grc' dir='ltr'><em>ψήφου</em></span> <span class='ocrx_word' id='word_1_31' title='bbox 1542 417 1613 470; x_wconf 84' lang='grc' dir='ltr'><strong>τῆς</strong></span> <span class='ocrx_word' id='word_1_32' title='bbox 1639 431 1726 456; x_wconf 82' lang='grc' dir='ltr'><em>κοι-</em></span> 
     </span>
     <span class='ocr_line' id='line_1_5' title="bbox 282 478 1724 540; baseline -0.003 -15"><span class='ocrx_word' id='word_1_33' title='bbox 282 488 368 540; x_wconf 81' lang='grc' dir='ltr'><em>νῆς.</em></span> <span class='ocrx_word' id='word_1_34' title='bbox 426 485 527 525; x_wconf 83' lang='grc' dir='ltr'><em>ου’δὲ</em></span> <span class='ocrx_word' id='word_1_35' title='bbox 565 481 647 537; x_wconf 77' lang='grc' dir='ltr'><em>γὰρ</em></span> <span class='ocrx_word' id='word_1_36' title='bbox 693 480 790 523; x_wconf 78' lang='grc' dir='ltr'><em>οὐδὲ</em></span> <span class='ocrx_word' id='word_1_37' title='bbox 828 479 975 529; x_wconf 80' lang='grc' dir='ltr'><em>νυκτὸς</em></span> <span class='ocrx_word' id='word_1_38' title='bbox 1018 478 1189 535; x_wconf 75' lang='grc' dir='ltr'><em>ἑκάστης</em></span> <span class='ocrx_word' id='word_1_39' title='bbox 1237 482 1533 534; x_wconf 79' lang='grc' dir='ltr'><em>α’ποτιθέμενος</em></span> <span class='ocrx_word' id='word_1_40' title='bbox 1560 482 1632 523; x_wconf 70' lang='grc' dir='ltr'><strong>ἐπὶ</strong></span> <span class='ocrx_word' id='word_1_41' title='bbox 1665 481 1724 538; x_wconf 73' lang='grc' dir='ltr'><strong>τῷ</strong></span> 
     </span>
     <span class='ocr_line' id='line_1_6' title="bbox 282 541 1749 600; baseline -0.002 -9"><span class='ocrx_word' id='word_1_42' title='bbox 282 549 633 600; x_wconf 77' lang='grc' dir='ltr'><em>κατακλίνεσθαι,</em></span> <span class='ocrx_word' id='word_1_43' title='bbox 664 542 753 587; x_wconf 67' lang='grc' dir='ltr'><em>οὔτ’</em></span> <span class='ocrx_word' id='word_1_44' title='bbox 774 545 922 599; x_wconf 78' lang='grc' dir='ltr'><em>α’νιάς,</em></span> <span class='ocrx_word' id='word_1_45' title='bbox 963 541 1059 587; x_wconf 69' lang='grc' dir='ltr'><em>οὔτε</em></span> <span class='ocrx_word' id='word_1_46' title='bbox 1100 541 1270 596; x_wconf 80' lang='grc' dir='ltr'><em>οἶδοξιάς</em></span> <span class='ocrx_word' id='word_1_47' title='bbox 1305 543 1570 599; x_wconf 75' lang='grc' dir='ltr'><em>αἰσθάνομαί</em></span> <span class='ocrx_word' id='word_1_48' title='bbox 1599 551 1749 595; x_wconf 80' lang='grc' dir='ltr'><em>τινος.5</em></span> 
     </span>
     <span class='ocr_line' id='line_1_7' title="bbox 285 610 1724 670; baseline -0.003 -12"><span class='ocrx_word' id='word_1_49' title='bbox 285 613 427 670; x_wconf 86' lang='grc' dir='ltr'><em>διόπερ</em></span> <span class='ocrx_word' id='word_1_50' title='bbox 459 615 558 655; x_wconf 83' lang='grc' dir='ltr'><em>ου’δὲ</em></span> <span class='ocrx_word' id='word_1_51' title='bbox 585 614 661 655; x_wconf 76' lang='grc' dir='ltr'><strong>νῦν</strong></span> <span class='ocrx_word' id='word_1_52' title='bbox 689 611 788 664; x_wconf 71' lang='grc' dir='ltr'><em>περὶ</em></span> <span class='ocrx_word' id='word_1_53' title='bbox 816 615 890 666; x_wconf 88' lang='grc' dir='ltr'><strong>τῆς</strong></span> <span class='ocrx_word' id='word_1_54' title='bbox 927 613 1077 666; x_wconf 86' lang='grc' dir='ltr'><em>σκευῆς</em></span> <span class='ocrx_word' id='word_1_55' title='bbox 1116 610 1278 667; x_wconf 84' lang='grc' dir='ltr'><em>μακρὸν</em></span> <span class='ocrx_word' id='word_1_56' title='bbox 1304 613 1532 667; x_wconf 70' lang='grc' dir='ltr'><em>ποιήσομαι</em></span> <span class='ocrx_word' id='word_1_57' title='bbox 1558 612 1630 654; x_wconf 83' lang='grc' dir='ltr'><em>τόν</em></span> <span class='ocrx_word' id='word_1_58' title='bbox 1657 612 1724 654; x_wconf 59' lang='lat'><strong>26-</strong></span> 
     </span>
     <span class='ocr_line' id='line_1_8' title="bbox 281 674 1725 736; baseline -0.001 -14"><span class='ocrx_word' id='word_1_59' title='bbox 281 697 379 736; x_wconf 83' lang='grc' dir='ltr'><em>γον,</em></span> <span class='ocrx_word' id='word_1_60' title='bbox 410 680 500 722; x_wconf 79' lang='grc' dir='ltr'><em>ἀλλ’</em></span> <span class='ocrx_word' id='word_1_61' title='bbox 519 677 575 729; x_wconf 75' lang='grc' dir='ltr'><strong>ὥς</strong></span> <span class='ocrx_word' id='word_1_62' title='bbox 604 675 658 720; x_wconf 73' lang='grc' dir='ltr'><em>ἂν</em></span> <span class='ocrx_word' id='word_1_63' title='bbox 686 677 826 726; x_wconf 79' lang='grc' dir='ltr'><em>αὐτοῖς</em></span> <span class='ocrx_word' id='word_1_64' title='bbox 854 674 1008 734; x_wconf 75' lang='grc' dir='ltr'><em>ἀρέσκῃ</em></span> <span class='ocrx_word' id='word_1_65' title='bbox 1034 674 1230 732; x_wconf 76' lang='grc' dir='ltr'><em>πράττειν</em></span> <span class='ocrx_word' id='word_1_66' title='bbox 1256 676 1419 730; x_wconf 74' lang='grc' dir='ltr'><em>ἕτοιμος</em></span> <span class='ocrx_word' id='word_1_67' title='bbox 1446 675 1539 731; x_wconf 76' lang='grc' dir='ltr'><em>ἐγώ.</em></span> <span class='ocrx_word' id='word_1_68' title='bbox 1590 680 1634 720; x_wconf 66' lang='grc' dir='ltr'><strong>,εἰ</strong></span> <span class='ocrx_word' id='word_1_69' title='bbox 1676 679 1725 720; x_wconf 76' lang='grc' dir='ltr'><strong>δὲ</strong></span> 
     </span>
     <span class='ocr_line' id='line_1_9' title="bbox 280 740 1723 801; baseline -0.001 -14"><span class='ocrx_word' id='word_1_70' title='bbox 280 743 480 796; x_wconf 71' lang='grc' dir='ltr'><em>καθάπαξ</em></span> <span class='ocrx_word' id='word_1_71' title='bbox 508 742 674 793; x_wconf 78' lang='grc' dir='ltr'><em>ἁλόντες</em></span> <span class='ocrx_word' id='word_1_72' title='bbox 702 745 759 801; x_wconf 73' lang='grc' dir='ltr'><strong>τῷ</strong></span> <span class='ocrx_word' id='word_1_73' title='bbox 787 743 932 800; x_wconf 70' lang='grc' dir='ltr'><em>φθόνῳ</em></span> <span class='ocrx_word' id='word_1_74' title='bbox 966 744 1038 784; x_wconf 83' lang='grc' dir='ltr'><em>καί</em></span> <span class='ocrx_word' id='word_1_75' title='bbox 1065 745 1123 800; x_wconf 69' lang='grc' dir='ltr'><strong>τῷ</strong></span> <span class='ocrx_word' id='word_1_76' title='bbox 1151 740 1272 796; x_wconf 76' lang='grc' dir='ltr'><em>ἔχθει</em></span> <span class='ocrx_word' id='word_1_77' title='bbox 1299 744 1357 800; x_wconf 73' lang='grc' dir='ltr'><strong>τῷ</strong></span> <span class='ocrx_word' id='word_1_78' title='bbox 1384 741 1487 798; x_wconf 87' lang='grc' dir='ltr'><em>πρὸς</em></span> <span class='ocrx_word' id='word_1_79' title='bbox 1502 744 1602 796; x_wconf 78' lang='grc' dir='ltr'><strong>ἐμὲ,</strong></span> <span class='ocrx_word' id='word_1_80' title='bbox 1626 744 1723 785; x_wconf 72' lang='grc' dir='ltr'><strong>τοῦ-</strong></span> 
     </span>
     <span class='ocr_line' id='line_1_10' title="bbox 280 805 1722 867; baseline -0.002 -14"><span class='ocrx_word' id='word_1_81' title='bbox 280 828 364 853; x_wconf 87' lang='grc' dir='ltr'><em>των</em></span> <span class='ocrx_word' id='word_1_82' title='bbox 389 813 466 865; x_wconf 84' lang='grc' dir='ltr'><em>μὲν</em></span> <span class='ocrx_word' id='word_1_83' title='bbox 499 810 621 852; x_wconf 72' lang='grc' dir='ltr'><em>οὐδὲν</em></span> <span class='ocrx_word' id='word_1_84' title='bbox 654 809 846 864; x_wconf 81' lang='grc' dir='ltr'><em>ἡγοῦνται</em></span> <span class='ocrx_word' id='word_1_85' title='bbox 869 810 1054 863; x_wconf 79' lang='grc' dir='ltr'><em>ἐξαρκεῖν</em></span> <span class='ocrx_word' id='word_1_86' title='bbox 1072 841 1085 861; x_wconf 86' lang='grc'><strong><em>,</em></strong></span> <span class='ocrx_word' id='word_1_87' title='bbox 1119 808 1218 850; x_wconf 74' lang='grc' dir='ltr'><em>οὐδὲ</em></span> <span class='ocrx_word' id='word_1_88' title='bbox 1250 809 1314 849; x_wconf 80' lang='grc' dir='ltr'><strong>ἐπ’</strong></span> <span class='ocrx_word' id='word_1_89' title='bbox 1340 805 1517 867; x_wconf 75' lang='grc' dir='ltr'><em>οὐδεμιᾷ</em></span> <span class='ocrx_word' id='word_1_90' title='bbox 1543 810 1722 864; x_wconf 79' lang='grc' dir='ltr'><em>προκλή-</em></span> 
     </span>
    </p>

    <p class='ocr_par' dir='ltr' id='par_1_3' title="bbox 248 871 1776 1195">
     <span class='ocr_line' id='line_1_11' title="bbox 248 871 1776 930; baseline 0.002 -14"><span class='ocrx_word' id='word_1_91' title='bbox 248 884 353 920; x_wconf 86' lang='grc' dir='ltr'><em>Βσει</em></span> <span class='ocrx_word' id='word_1_92' title='bbox 383 878 560 930; x_wconf 84' lang='grc' dir='ltr'><strong><em>βασιλέα</em></strong></span> <span class='ocrx_word' id='word_1_93' title='bbox 591 876 806 929; x_wconf 79' lang='grc' dir='ltr'><em>δέχονται,</em></span> <span class='ocrx_word' id='word_1_94' title='bbox 848 873 952 915; x_wconf 77' lang='grc' dir='ltr'><em>α’λλιὶ</em></span> <span class='ocrx_word' id='word_1_95' title='bbox 980 872 1176 924; x_wconf 74' lang='grc' dir='ltr'><em>καθάπαξ</em></span> <span class='ocrx_word' id='word_1_96' title='bbox 1205 871 1467 927; x_wconf 74' lang='grc' dir='ltr'><em>οἷπεγναὶκασι</em></span> <span class='ocrx_word' id='word_1_97' title='bbox 1497 872 1604 930; x_wconf 82' lang='grc' dir='ltr'><em>πρὸς</em></span> <span class='ocrx_word' id='word_1_98' title='bbox 1629 876 1776 919; x_wconf 79' lang='grc' dir='ltr'><em>τοῦ-ιο</em></span> 
     </span>
     <span class='ocr_line' id='line_1_12' title="bbox 280 936 1723 996; baseline -0.001 -13"><span class='ocrx_word' id='word_1_99' title='bbox 280 957 327 987; x_wconf 82' lang='grc' dir='ltr'><em>το</em></span> <span class='ocrx_word' id='word_1_100' title='bbox 376 942 449 983; x_wconf 84' lang='grc' dir='ltr'><em>καί</em></span> <span class='ocrx_word' id='word_1_101' title='bbox 492 939 656 982; x_wconf 81' lang='grc' dir='ltr'><em>πάντων</em></span> <span class='ocrx_word' id='word_1_102' title='bbox 701 942 859 993; x_wconf 78' lang='grc' dir='ltr'><em>μᾶλλον</em></span> <span class='ocrx_word' id='word_1_103' title='bbox 900 936 1112 981; x_wconf 74' lang='grc' dir='ltr'><em>ἀπώλειαν</em></span> <span class='ocrx_word' id='word_1_104' title='bbox 1139 941 1514 995; x_wconf 73' lang='grc' dir='ltr'><strong>καταψηφίζεσθαι</strong></span> <span class='ocrx_word' id='word_1_105' title='bbox 1551 938 1723 996; x_wconf 79' lang='grc' dir='ltr'><em>αἱροῦν-</em></span> 
     </span>
     <span class='ocr_line' id='line_1_13' title="bbox 279 1002 1722 1062; baseline -0.001 -13"><span class='ocrx_word' id='word_1_106' title='bbox 279 1025 350 1053; x_wconf 80' lang='grc' dir='ltr'><strong>ται</strong></span> <span class='ocrx_word' id='word_1_107' title='bbox 369 1041 378 1057; x_wconf 86' lang='grc'><em>,</em></span> <span class='ocrx_word' id='word_1_108' title='bbox 412 1002 439 1062; x_wconf 79' lang='grc' dir='ltr'><em>ἢ</em></span> <span class='ocrx_word' id='word_1_109' title='bbox 468 1005 565 1060; x_wconf 70' lang='grc' dir='ltr'><em>ἐμοί</em></span> <span class='ocrx_word' id='word_1_110' title='bbox 590 1006 806 1048; x_wconf 77' lang='grc' dir='ltr'><em>δουλεύειν</em></span> <span class='ocrx_word' id='word_1_111' title='bbox 837 1003 1083 1058; x_wconf 66' lang='grc' dir='ltr'><em>ὑπομένειν,</em></span> <span class='ocrx_word' id='word_1_112' title='bbox 1119 1006 1287 1047; x_wconf 76' lang='grc' dir='ltr'><strong>ἐκείνων</strong></span> <span class='ocrx_word' id='word_1_113' title='bbox 1317 1008 1399 1058; x_wconf 79' lang='grc' dir='ltr'><em>μὲν</em></span> <span class='ocrx_word' id='word_1_114' title='bbox 1427 1005 1580 1048; x_wconf 80' lang='grc' dir='ltr'><em>οὕδένα</em></span> <span class='ocrx_word' id='word_1_115' title='bbox 1601 1006 1722 1060; x_wconf 65' lang='grc' dir='ltr'><em>λόγον</em></span> 
     </span>
     <span class='ocr_line' id='line_1_14' title="bbox 280 1067 1722 1129; baseline -0.001 -14"><span class='ocrx_word' id='word_1_116' title='bbox 280 1076 410 1129; x_wconf 81' lang='grc' dir='ltr'><em>ε’χρῆν</em></span> <span class='ocrx_word' id='word_1_117' title='bbox 436 1076 653 1114; x_wconf 77' lang='grc' dir='ltr'><em>ποιεῖσθαι</em></span> <span class='ocrx_word' id='word_1_118' title='bbox 682 1069 792 1113; x_wconf 67' lang='grc' dir='ltr'><em>οὕτω</em></span> <span class='ocrx_word' id='word_1_119' title='bbox 822 1073 1101 1124; x_wconf 84' lang='grc' dir='ltr'><strong>μαινομένων.</strong></span> <span class='ocrx_word' id='word_1_120' title='bbox 1131 1072 1203 1126; x_wconf 85' lang='grc' dir='ltr'><strong>τῆς</strong></span> <span class='ocrx_word' id='word_1_121' title='bbox 1234 1072 1280 1112; x_wconf 85' lang='grc' dir='ltr'><strong>δὲ</strong></span> <span class='ocrx_word' id='word_1_122' title='bbox 1310 1073 1451 1126; x_wconf 88' lang='grc' dir='ltr'><em>κοινῆς</em></span> <span class='ocrx_word' id='word_1_123' title='bbox 1477 1072 1560 1121; x_wconf 79' lang='grc' dir='ltr'><strong>τῶς</strong></span> <span class='ocrx_word' id='word_1_124' title='bbox 1586 1067 1722 1114; x_wconf 74' lang='grc' dir='ltr'><em>ἄλλων</em></span> 
     </span>
     <span class='ocr_line' id='line_1_15' title="bbox 278 1136 1724 1195; baseline -0.001 -13"><span class='ocrx_word' id='word_1_125' title='bbox 278 1141 484 1195; x_wconf 76' lang='grc' dir='ltr'><strong>σωτηρίας</strong></span> <span class='ocrx_word' id='word_1_126' title='bbox 512 1140 630 1181; x_wconf 74' lang='grc' dir='ltr'><em>ἕνεκα</em></span> <span class='ocrx_word' id='word_1_127' title='bbox 646 1171 658 1190; x_wconf 94' lang='lat'><em>‚</em></span> <span class='ocrx_word' id='word_1_128' title='bbox 689 1139 756 1179; x_wconf 79' lang='grc' dir='ltr'><strong>ἵνα</strong></span> <span class='ocrx_word' id='word_1_129' title='bbox 783 1136 841 1192; x_wconf 78' lang='grc' dir='ltr'><strong>μη</strong></span> <span class='ocrx_word' id='word_1_130' title='bbox 873 1137 980 1178; x_wconf 64' lang='lat' dir='ltr'><strong>donc&amp;</strong></span> <span class='ocrx_word' id='word_1_131' title='bbox 1007 1139 1336 1191; x_wconf 74' lang='grc' dir='ltr'><em>καταπροῖεσθαι</em></span> <span class='ocrx_word' id='word_1_132' title='bbox 1358 1139 1611 1192; x_wconf 79' lang='grc' dir='ltr'><em>φιλοψυχῶν</em></span> <span class='ocrx_word' id='word_1_133' title='bbox 1639 1137 1724 1180; x_wconf 75' lang='grc' dir='ltr'><em>αὖ-</em></span> 
     </span>
    </p>

    <p class='ocr_par' dir='ltr' id='par_1_4' title="bbox 147 1199 1773 1518">
     <span class='ocr_line' id='line_1_16' title="bbox 147 1199 1773 1258; baseline -0.001 -10"><span class='ocrx_word' id='word_1_134' title='bbox 147 1203 348 1254; x_wconf 72' lang='lat' dir='ltr'><strong>v.5121rb;</strong></span> <span class='ocrx_word' id='word_1_135' title='bbox 359 1238 371 1257; x_wconf 93' lang='lat'><strong><em>,</em></strong></span> <span class='ocrx_word' id='word_1_136' title='bbox 401 1201 536 1246; x_wconf 74' lang='grc' dir='ltr'><em>ἑκοντὶ</em></span> <span class='ocrx_word' id='word_1_137' title='bbox 564 1201 766 1258; x_wconf 81' lang='grc' dir='ltr'><em>αἱροῦμαι</em></span> <span class='ocrx_word' id='word_1_138' title='bbox 794 1201 1084 1255; x_wconf 71' lang='grc' dir='ltr'><em>ἀποθνήσκειν.</em></span> <span class='ocrx_word' id='word_1_139' title='bbox 1130 1201 1230 1242; x_wconf 78' lang='grc' dir='ltr'><em>οὐδὲ</em></span> <span class='ocrx_word' id='word_1_140' title='bbox 1261 1199 1342 1256; x_wconf 73' lang='grc' dir='ltr'><em>γάρ</em></span> <span class='ocrx_word' id='word_1_141' title='bbox 1373 1202 1541 1243; x_wconf 83' lang='grc' dir='ltr'><em>α’ποδὲει</em></span> <span class='ocrx_word' id='word_1_142' title='bbox 1569 1202 1773 1248; x_wconf 70' lang='grc' dir='ltr'><em>τούτουιᾶ</em></span> 
     </span>
     <span class='ocr_line' id='line_1_17' title="bbox 274 1263 1720 1325; baseline -0.001 -12"><span class='ocrx_word' id='word_1_143' title='bbox 274 1269 319 1313; x_wconf 83' lang='grc' dir='ltr'><strong>τὸ</strong></span> <span class='ocrx_word' id='word_1_144' title='bbox 346 1268 422 1325; x_wconf 76' lang='grc' dir='ltr'><em>την</em></span> <span class='ocrx_word' id='word_1_145' title='bbox 454 1269 590 1325; x_wconf 78' lang='grc' dir='ltr'><em>ἆρχῆν</em></span> <span class='ocrx_word' id='word_1_146' title='bbox 625 1269 910 1320; x_wconf 75' lang='grc' dir='ltr'><em>ἀποθέμενον,</em></span> <span class='ocrx_word' id='word_1_147' title='bbox 940 1263 1042 1321; x_wconf 75' lang='grc' dir='ltr'><em>ὅσην</em></span> <span class='ocrx_word' id='word_1_148' title='bbox 1068 1265 1178 1320; x_wconf 81' lang='grc' dir='ltr'><em>ἔχω,</em></span> <span class='ocrx_word' id='word_1_149' title='bbox 1206 1265 1278 1308; x_wconf 80' lang='grc' dir='ltr'><em>καί</em></span> <span class='ocrx_word' id='word_1_150' title='bbox 1307 1265 1384 1317; x_wconf 79' lang='grc' dir='ltr'><em>τοὶς</em></span> <span class='ocrx_word' id='word_1_151' title='bbox 1411 1265 1552 1318; x_wconf 86' lang='grc' dir='ltr'><em>πόλεις</em></span> <span class='ocrx_word' id='word_1_152' title='bbox 1578 1285 1720 1323; x_wconf 87' lang='grc' dir='ltr'><em>παρα-</em></span> 
     </span>
     <span class='ocr_line' id='line_1_18' title="bbox 277 1330 1719 1390; baseline -0.001 -12"><span class='ocrx_word' id='word_1_153' title='bbox 277 1338 398 1378; x_wconf 86' lang='grc' dir='ltr'><em>δόντα</em></span> <span class='ocrx_word' id='word_1_154' title='bbox 439 1337 513 1376; x_wconf 82' lang='grc' dir='ltr'><em>καί</em></span> <span class='ocrx_word' id='word_1_155' title='bbox 555 1333 631 1389; x_wconf 76' lang='grc' dir='ltr'><em>την</em></span> <span class='ocrx_word' id='word_1_156' title='bbox 658 1331 886 1389; x_wconf 73' lang='grc' dir='ltr'><em>στρατιάν,</em></span> <span class='ocrx_word' id='word_1_157' title='bbox 934 1330 1064 1374; x_wconf 74' lang='grc' dir='ltr'><em>αὐτὸν</em></span> <span class='ocrx_word' id='word_1_158' title='bbox 1101 1334 1146 1373; x_wconf 81' lang='grc' dir='ltr'><em>ἐν</em></span> <span class='ocrx_word' id='word_1_159' title='bbox 1176 1332 1344 1373; x_wconf 77' lang='grc' dir='ltr'><em>ἰδιώτου</em></span> <span class='ocrx_word' id='word_1_160' title='bbox 1377 1332 1563 1387; x_wconf 78' lang='grc' dir='ltr'><em>σχήματι</em></span> <span class='ocrx_word' id='word_1_161' title='bbox 1602 1330 1719 1390; x_wconf 81' lang='grc' dir='ltr'><em>ἆφα-</em></span> 
     </span>
     <span class='ocr_line' id='line_1_19' title="bbox 273 1394 1718 1461; baseline -0.001 -19"><span class='ocrx_word' id='word_1_162' title='bbox 273 1403 363 1458; x_wconf 74' lang='grc' dir='ltr'><em>νείᾳ</em></span> <span class='ocrx_word' id='word_1_163' title='bbox 402 1402 534 1456; x_wconf 81' lang='grc' dir='ltr'><em>πολλῇ</em></span> <span class='ocrx_word' id='word_1_164' title='bbox 569 1401 699 1455; x_wconf 83' lang='grc' dir='ltr'><em>συζῇν</em></span> <span class='ocrx_word' id='word_1_165' title='bbox 742 1400 787 1440; x_wconf 81' lang='grc' dir='ltr'><em>ἐν</em></span> <span class='ocrx_word' id='word_1_166' title='bbox 832 1399 961 1454; x_wconf 68' lang='grc' dir='ltr'><em>γωνία</em></span> <span class='ocrx_word' id='word_1_167' title='bbox 999 1394 1304 1461; x_wconf 74' lang='grc' dir='ltr'><em>παραβύσαντα</em></span> <span class='ocrx_word' id='word_1_168' title='bbox 1342 1414 1438 1440; x_wconf 90' lang='grc' dir='ltr'><em>τινι.</em></span> <span class='ocrx_word' id='word_1_169' title='bbox 1492 1398 1600 1453; x_wconf 67' lang='grc' dir='ltr'><em>πλην</em></span> <span class='ocrx_word' id='word_1_170' title='bbox 1638 1399 1718 1454; x_wconf 74' lang='grc' dir='ltr'><em>οὐχ</em></span> 
     </span>
     <span class='ocr_line' id='line_1_20' title="bbox 274 1460 1715 1518; baseline -0.001 -10"><span class='ocrx_word' id='word_1_171' title='bbox 274 1466 415 1514; x_wconf 76' lang='grc' dir='ltr'><em>ἅπλῶς</em></span> <span class='ocrx_word' id='word_1_172' title='bbox 454 1464 526 1506; x_wconf 82' lang='grc' dir='ltr'><em>καί</em></span> <span class='ocrx_word' id='word_1_173' title='bbox 568 1468 689 1505; x_wconf 80' lang='grc' dir='ltr'><em>τοῦτο</em></span> <span class='ocrx_word' id='word_1_174' title='bbox 721 1464 820 1504; x_wconf 79' lang='grc' dir='ltr'><em>οὐδὲ</em></span> <span class='ocrx_word' id='word_1_175' title='bbox 873 1462 997 1516; x_wconf 81' lang='grc' dir='ltr'><em>λόγου</em></span> <span class='ocrx_word' id='word_1_176' title='bbox 1039 1463 1115 1503; x_wconf 77' lang='grc' dir='ltr'><em>τοῦ</em></span> <span class='ocrx_word' id='word_1_177' title='bbox 1155 1460 1436 1518; x_wconf 68' lang='grc' dir='ltr'><em>προσήκοντος</em></span> <span class='ocrx_word' id='word_1_178' title='bbox 1480 1462 1626 1517; x_wconf 78' lang='grc' dir='ltr'><strong>ἐκτὸς,</strong></span> <span class='ocrx_word' id='word_1_179' title='bbox 1658 1464 1715 1515; x_wconf 73' lang='grc' dir='ltr'><strong>ὥς</strong></span> 
     </span>
    </p>

    <p class='ocr_par' dir='ltr' id='par_1_5' title="bbox 232 1523 1772 1849">
     <span class='ocr_line' id='line_1_21' title="bbox 232 1523 1772 1587; baseline 0.001 -15"><span class='ocrx_word' id='word_1_180' title='bbox 232 1532 410 1572; x_wconf 75' lang='grc' dir='ltr'><em>(Ζδοκεῖν</em></span> <span class='ocrx_word' id='word_1_181' title='bbox 446 1535 531 1578; x_wconf 83' lang='grc' dir='ltr'><em>τοῖς</em></span> <span class='ocrx_word' id='word_1_182' title='bbox 570 1545 611 1571; x_wconf 85' lang='grc' dir='ltr'><strong>τε</strong></span> <span class='ocrx_word' id='word_1_183' title='bbox 639 1527 867 1582; x_wconf 81' lang='grc' dir='ltr'><em>Ῥωμαίοις</em></span> <span class='ocrx_word' id='word_1_184' title='bbox 909 1527 982 1570; x_wconf 82' lang='grc' dir='ltr'><em>καί</em></span> <span class='ocrx_word' id='word_1_185' title='bbox 1018 1534 1104 1577; x_wconf 82' lang='grc' dir='ltr'><em>τοῖς</em></span> <span class='ocrx_word' id='word_1_186' title='bbox 1142 1523 1284 1577; x_wconf 68' lang='grc' dir='ltr'><em>ἄλλοις</em></span> <span class='ocrx_word' id='word_1_187' title='bbox 1316 1526 1484 1584; x_wconf 87' lang='grc' dir='ltr'><em>Ἕλλησι</em></span> <span class='ocrx_word' id='word_1_188' title='bbox 1512 1529 1584 1572; x_wconf 82' lang='grc' dir='ltr'><em>καί</em></span> <span class='ocrx_word' id='word_1_189' title='bbox 1611 1534 1772 1587; x_wconf 72' lang='grc' dir='ltr'><em>βαρ-20</em></span> 
     </span>
     <span class='ocr_line' id='line_1_22' title="bbox 271 1592 1712 1651; baseline 0 -14"><span class='ocrx_word' id='word_1_190' title='bbox 271 1595 446 1651; x_wconf 78' lang='grc' dir='ltr'><em>βάροις,</em></span> <span class='ocrx_word' id='word_1_191' title='bbox 488 1592 554 1637; x_wconf 83' lang='grc' dir='ltr'><em>ὅτι</em></span> <span class='ocrx_word' id='word_1_192' title='bbox 583 1597 739 1636; x_wconf 79' lang='grc' dir='ltr'><em>α’δικῶν</em></span> <span class='ocrx_word' id='word_1_193' title='bbox 766 1597 839 1636; x_wconf 83' lang='grc' dir='ltr'><em>καί</em></span> <span class='ocrx_word' id='word_1_194' title='bbox 868 1595 1073 1649; x_wconf 77' lang='grc' dir='ltr'><em>ἐπιορκῶν</em></span> <span class='ocrx_word' id='word_1_195' title='bbox 1129 1592 1200 1635; x_wconf 80' lang='grc' dir='ltr'><em>καί</em></span> <span class='ocrx_word' id='word_1_196' title='bbox 1231 1593 1290 1649; x_wconf 80' lang='grc' dir='ltr'><strong>μῆ</strong></span> <span class='ocrx_word' id='word_1_197' title='bbox 1334 1594 1566 1648; x_wconf 79' lang='grc' dir='ltr'><em>δυνάμενος</em></span> <span class='ocrx_word' id='word_1_198' title='bbox 1593 1596 1712 1638; x_wconf 75' lang='grc' dir='ltr'><em>ἀντέ-</em></span> 
     </span>
     <span class='ocr_line' id='line_1_23' title="bbox 269 1658 1718 1716; baseline 0.001 -14"><span class='ocrx_word' id='word_1_199' title='bbox 269 1677 363 1715; x_wconf 82' lang='grc' dir='ltr'><em>χειν</em></span> <span class='ocrx_word' id='word_1_200' title='bbox 392 1659 498 1715; x_wconf 85' lang='grc' dir='ltr'><em>πρὸς</em></span> <span class='ocrx_word' id='word_1_201' title='bbox 524 1659 598 1702; x_wconf 85' lang='grc' dir='ltr'><em>τὸν</em></span> <span class='ocrx_word' id='word_1_202' title='bbox 626 1661 834 1713; x_wconf 86' lang='grc' dir='ltr'><em>πόλεμον,</em></span> <span class='ocrx_word' id='word_1_203' title='bbox 882 1661 1023 1708; x_wconf 76' lang='grc' dir='ltr'><em>δείσας</em></span> <span class='ocrx_word' id='word_1_204' title='bbox 1052 1658 1336 1715; x_wconf 77' lang='grc' dir='ltr'><em>παρεχώρησα</em></span> <span class='ocrx_word' id='word_1_205' title='bbox 1369 1663 1444 1715; x_wconf 83' lang='grc' dir='ltr'><strong>τῆς</strong></span> <span class='ocrx_word' id='word_1_206' title='bbox 1473 1658 1605 1716; x_wconf 71' lang='grc' dir='ltr'><em>ἀρχῆς</em></span> <span class='ocrx_word' id='word_1_207' title='bbox 1637 1663 1718 1703; x_wconf 78' lang='grc' dir='ltr'><em>αὔ-</em></span> 
     </span>
     <span class='ocr_line' id='line_1_24' title="bbox 269 1723 1714 1782; baseline 0 -14"><span class='ocrx_word' id='word_1_208' title='bbox 269 1732 385 1779; x_wconf 81' lang='grc' dir='ltr'><strong>τοῖς,</strong></span> <span class='ocrx_word' id='word_1_209' title='bbox 411 1724 456 1767; x_wconf 83' lang='grc' dir='ltr'><strong>τὸ</strong></span> <span class='ocrx_word' id='word_1_210' title='bbox 492 1727 566 1782; x_wconf 79' lang='grc' dir='ltr'><em>ζῇν</em></span> <span class='ocrx_word' id='word_1_211' title='bbox 595 1727 751 1774; x_wconf 76' lang='grc' dir='ltr'><em>α’κλεῶς</em></span> <span class='ocrx_word' id='word_1_212' title='bbox 779 1729 854 1779; x_wconf 90' lang='grc' dir='ltr'><strong>τῆς</strong></span> <span class='ocrx_word' id='word_1_213' title='bbox 871 1727 958 1778; x_wconf 88' lang='grc' dir='ltr'><em>μετ’</em></span> <span class='ocrx_word' id='word_1_214' title='bbox 987 1726 1173 1773; x_wconf 71' lang='grc' dir='ltr'><em>εὐκλείας</em></span> <span class='ocrx_word' id='word_1_215' title='bbox 1198 1723 1458 1780; x_wconf 70' lang='grc' dir='ltr'><em>προτιμήσας</em></span> <span class='ocrx_word' id='word_1_216' title='bbox 1497 1729 1714 1782; x_wconf 79' lang='grc' dir='ltr'><em>τελευτῆς·</em></span> 
     </span>
     <span class='ocr_line' id='line_1_25' title="bbox 270 1788 1711 1849; baseline 0.001 -17"><span class='ocrx_word' id='word_1_217' title='bbox 270 1790 379 1833; x_wconf 78' lang='grc' dir='ltr'><em>οἷλλοὶ</em></span> <span class='ocrx_word' id='word_1_218' title='bbox 408 1793 570 1846; x_wconf 75' lang='grc' dir='ltr'><em>πρῶτον</em></span> <span class='ocrx_word' id='word_1_219' title='bbox 593 1793 671 1844; x_wconf 79' lang='grc' dir='ltr'><em>μὲν</em></span> <span class='ocrx_word' id='word_1_220' title='bbox 701 1789 905 1847; x_wconf 69' lang='grc' dir='ltr'><em>’ψήφισμα</em></span> <span class='ocrx_word' id='word_1_221' title='bbox 937 1788 1146 1845; x_wconf 78' lang='grc' dir='ltr'><em>βούλομαι</em></span> <span class='ocrx_word' id='word_1_222' title='bbox 1176 1793 1374 1845; x_wconf 72' lang='grc' dir='ltr'><em>γενέσθαι</em></span> <span class='ocrx_word' id='word_1_223' title='bbox 1405 1794 1477 1833; x_wconf 85' lang='grc' dir='ltr'><em>καί</em></span> <span class='ocrx_word' id='word_1_224' title='bbox 1495 1791 1711 1849; x_wconf 73' lang='grc' dir='ltr'><em>πρόγραμ-</em></span> 
     </span>
    </p>
   </div>
   <div class='ocr_carea' id='block_1_3' title="bbox 257 1934 1710 2816">
    <p class='ocr_par' dir='ltr' id='par_1_6' title="bbox 257 1934 1710 2816">
     <span class='ocr_line' id='line_1_26' title="bbox 268 1934 1710 1980; baseline -0.001 -11"><span class='ocrx_word' id='word_1_225' title='bbox 268 1936 370 1969; x_wconf 86' lang='lat' dir='ltr'><strong>nulla</strong></span> <span class='ocrx_word' id='word_1_226' title='bbox 404 1935 448 1970; x_wconf 86' lang='lat' dir='ltr'><strong>ad</strong></span> <span class='ocrx_word' id='word_1_227' title='bbox 481 1947 538 1969; x_wconf 90' lang='lat' dir='ltr'><strong>me</strong></span> <span class='ocrx_word' id='word_1_228' title='bbox 580 1947 621 1969; x_wconf 86' lang='lat' dir='ltr'><strong>ex</strong></span> <span class='ocrx_word' id='word_1_229' title='bbox 649 1936 881 1980; x_wconf 74' lang='lat' dir='ltr'><strong>imperatorio</strong></span> <span class='ocrx_word' id='word_1_230' title='bbox 908 1934 1089 1969; x_wconf 79' lang='lat' dir='ltr'><strong>schemate</strong></span> <span class='ocrx_word' id='word_1_231' title='bbox 1116 1935 1254 1969; x_wconf 81' lang='lat' dir='ltr'><strong>redibit</strong></span> <span class='ocrx_word' id='word_1_232' title='bbox 1278 1935 1428 1969; x_wconf 81' lang='lat' dir='ltr'><strong>utilitas.</strong></span> <span class='ocrx_word' id='word_1_233' title='bbox 1477 1935 1540 1968; x_wconf 89' lang='lat' dir='ltr'><strong>Sin</strong></span> <span class='ocrx_word' id='word_1_234' title='bbox 1565 1946 1710 1968; x_wconf 80' lang='lat' dir='ltr'><strong>accusa-</strong></span> 
     </span>
     <span class='ocr_line' id='line_1_27' title="bbox 267 1982 1708 2028; baseline -0.001 -12"><span class='ocrx_word' id='word_1_235' title='bbox 267 1988 362 2016; x_wconf 79' lang='lat' dir='ltr'><strong>tores</strong></span> <span class='ocrx_word' id='word_1_236' title='bbox 397 1982 695 2028; x_wconf 85' lang='lat' dir='ltr'><strong>pessumdedero,</strong></span> <span class='ocrx_word' id='word_1_237' title='bbox 735 1982 830 2016; x_wconf 84' lang='lat' dir='ltr'>nihil</span> <span class='ocrx_word' id='word_1_238' title='bbox 856 1982 958 2015; x_wconf 77' lang='lat' dir='ltr'><strong>triste</strong></span> <span class='ocrx_word' id='word_1_239' title='bbox 985 1983 1073 2028; x_wconf 81' lang='lat' dir='ltr'><strong>erit,</strong></span> <span class='ocrx_word' id='word_1_240' title='bbox 1098 1992 1179 2015; x_wconf 88' lang='lat' dir='ltr'><strong>eum</strong></span> <span class='ocrx_word' id='word_1_241' title='bbox 1203 1982 1246 2015; x_wconf 83' lang='lat' dir='ltr'><strong>ad</strong></span> <span class='ocrx_word' id='word_1_242' title='bbox 1273 1982 1377 2015; x_wconf 84' lang='lat' dir='ltr'><strong>breve</strong></span> <span class='ocrx_word' id='word_1_243' title='bbox 1413 1988 1554 2026; x_wconf 82' lang='lat' dir='ltr'><strong>tempus</strong></span> <span class='ocrx_word' id='word_1_244' title='bbox 1591 1982 1708 2027; x_wconf 86' lang='lat' dir='ltr'><strong>depo-</strong></span> 
     </span>
     <span class='ocr_line' id='line_1_28' title="bbox 266 2028 1705 2074; baseline 0.002 -14"><span class='ocrx_word' id='word_1_245' title='bbox 266 2030 399 2069; x_wconf 86' lang='lat' dir='ltr'><strong>suisse,</strong></span> <span class='ocrx_word' id='word_1_246' title='bbox 427 2041 532 2074; x_wconf 87' lang='lat' dir='ltr'><strong>quem</strong></span> <span class='ocrx_word' id='word_1_247' title='bbox 559 2040 640 2062; x_wconf 81' lang='lat' dir='ltr'><strong>mox</strong></span> <span class='ocrx_word' id='word_1_248' title='bbox 665 2028 799 2062; x_wconf 81' lang='lat' dir='ltr'><strong>maiore</strong></span> <span class='ocrx_word' id='word_1_249' title='bbox 822 2039 901 2060; x_wconf 90' lang='lat' dir='ltr'><strong>cum</strong></span> <span class='ocrx_word' id='word_1_250' title='bbox 926 2028 1065 2063; x_wconf 82' lang='lat' dir='ltr'>honore</span> <span class='ocrx_word' id='word_1_251' title='bbox 1093 2034 1129 2062; x_wconf 83' lang='lat' dir='ltr'><strong>et</strong></span> <span class='ocrx_word' id='word_1_252' title='bbox 1153 2029 1329 2073; x_wconf 81' lang='lat' dir='ltr'>applausu</span> <span class='ocrx_word' id='word_1_253' title='bbox 1354 2029 1593 2074; x_wconf 88' lang='lat' dir='ltr'><strong>omniumque</strong></span> <span class='ocrx_word' id='word_1_254' title='bbox 1627 2029 1705 2063; x_wconf 84' lang='lat' dir='ltr'><strong>suf-</strong></span> 
     </span>
     <span class='ocr_line' id='line_1_29' title="bbox 267 2074 1706 2120; baseline 0 -11"><span class='ocrx_word' id='word_1_255' title='bbox 267 2075 391 2120; x_wconf 79' lang='lat' dir='ltr'>fragiis</span> <span class='ocrx_word' id='word_1_256' title='bbox 427 2081 638 2120; x_wconf 82' lang='lat' dir='ltr'><strong>recepturus</strong></span> <span class='ocrx_word' id='word_1_257' title='bbox 676 2076 752 2108; x_wconf 87' lang='lat' dir='ltr'><strong>sim.</strong></span> <span class='ocrx_word' id='word_1_258' title='bbox 800 2074 929 2120; x_wconf 84' lang='lat' dir='ltr'>Neque</span> <span class='ocrx_word' id='word_1_259' title='bbox 953 2075 1049 2107; x_wconf 84' lang='lat' dir='ltr'><strong>enim</strong></span> <span class='ocrx_word' id='word_1_260' title='bbox 1074 2075 1240 2108; x_wconf 82' lang='lat' dir='ltr'><strong>noctibus</strong></span> <span class='ocrx_word' id='word_1_261' title='bbox 1266 2075 1433 2119; x_wconf 85' lang='lat' dir='ltr'><strong>singulis,</strong></span> <span class='ocrx_word' id='word_1_262' title='bbox 1460 2074 1606 2119; x_wconf 80' lang='lat' dir='ltr'><strong>quando</strong></span> <span class='ocrx_word' id='word_1_263' title='bbox 1638 2087 1706 2109; x_wconf 85' lang='lat' dir='ltr'><strong>cu-</strong></span> 
     </span>
     <span class='ocr_line' id='line_1_30' title="bbox 267 2120 1703 2166; baseline 0.001 -13"><span class='ocrx_word' id='word_1_264' title='bbox 267 2120 385 2154; x_wconf 87' lang='lat' dir='ltr'><strong>bitum</strong></span> <span class='ocrx_word' id='word_1_265' title='bbox 423 2122 608 2163; x_wconf 86' lang='lat' dir='ltr'><strong>concedo,</strong></span> <span class='ocrx_word' id='word_1_266' title='bbox 654 2134 698 2155; x_wconf 81' lang='lat' dir='ltr'><strong>ex</strong></span> <span class='ocrx_word' id='word_1_267' title='bbox 736 2121 814 2153; x_wconf 81' lang='lat' dir='ltr'><strong>eius</strong></span> <span class='ocrx_word' id='word_1_268' title='bbox 856 2121 1086 2166; x_wconf 82' lang='lat' dir='ltr'><strong>depositione</strong></span> <span class='ocrx_word' id='word_1_269' title='bbox 1123 2126 1187 2154; x_wconf 83' lang='lat' dir='ltr'><strong>aut</strong></span> <span class='ocrx_word' id='word_1_270' title='bbox 1226 2122 1410 2154; x_wconf 78' lang='lat' dir='ltr'><strong>tristitiam</strong></span> <span class='ocrx_word' id='word_1_271' title='bbox 1450 2126 1513 2153; x_wconf 82' lang='lat' dir='ltr'><strong>aut</strong></span> <span class='ocrx_word' id='word_1_272' title='bbox 1545 2120 1703 2155; x_wconf 74' lang='lat' dir='ltr'><strong>dedecus</strong></span> 
     </span>
     <span class='ocr_line' id='line_1_31' title="bbox 267 2166 1703 2213; baseline 0.001 -14"><span class='ocrx_word' id='word_1_273' title='bbox 267 2166 418 2213; x_wconf 85' lang='lat' dir='ltr'>aliquod</span> <span class='ocrx_word' id='word_1_274' title='bbox 444 2168 584 2204; x_wconf 80' lang='lat' dir='ltr'><strong>sentio,</strong></span> <span class='ocrx_word' id='word_1_275' title='bbox 611 2167 749 2201; x_wconf 85' lang='lat' dir='ltr'>Idcirco</span> <span class='ocrx_word' id='word_1_276' title='bbox 775 2178 842 2200; x_wconf 82' lang='lat' dir='ltr'><strong>nee</strong></span> <span class='ocrx_word' id='word_1_277' title='bbox 866 2167 972 2200; x_wconf 82' lang='lat' dir='ltr'><strong>modo</strong></span> <span class='ocrx_word' id='word_1_278' title='bbox 998 2178 1106 2213; x_wconf 85' lang='lat' dir='ltr'><strong>super</strong></span> <span class='ocrx_word' id='word_1_279' title='bbox 1131 2166 1262 2201; x_wconf 84' lang='lat' dir='ltr'><strong>amictu</strong></span> <span class='ocrx_word' id='word_1_280' title='bbox 1289 2168 1390 2211; x_wconf 77' lang='lat' dir='ltr'><strong>plura</strong></span> <span class='ocrx_word' id='word_1_281' title='bbox 1416 2168 1562 2212; x_wconf 81' lang='lat' dir='ltr'><strong>loquar,</strong></span> <span class='ocrx_word' id='word_1_282' title='bbox 1595 2179 1703 2212; x_wconf 82' lang='lat' dir='ltr'><strong>para-</strong></span> 
     </span>
     <span class='ocr_line' id='line_1_32' title="bbox 266 2213 1701 2260; baseline 0 -12"><span class='ocrx_word' id='word_1_283' title='bbox 266 2220 323 2248; x_wconf 81' lang='lat' dir='ltr'><strong>tus</strong></span> <span class='ocrx_word' id='word_1_284' title='bbox 349 2215 467 2247; x_wconf 84' lang='lat' dir='ltr'><strong>facere</strong></span> <span class='ocrx_word' id='word_1_285' title='bbox 493 2214 591 2260; x_wconf 87' lang='lat' dir='ltr'><strong>quod</strong></span> <span class='ocrx_word' id='word_1_286' title='bbox 616 2215 689 2247; x_wconf 84' lang='lat' dir='ltr'><strong>iliis</strong></span> <span class='ocrx_word' id='word_1_287' title='bbox 716 2214 904 2258; x_wconf 79' lang='lat' dir='ltr'><strong>placuerit.</strong></span> <span class='ocrx_word' id='word_1_288' title='bbox 980 2214 1121 2258; x_wconf 86' lang='lat' dir='ltr'><strong>Quodsi</strong></span> <span class='ocrx_word' id='word_1_289' title='bbox 1161 2214 1271 2246; x_wconf 87' lang='lat' dir='ltr'><strong>semel</strong></span> <span class='ocrx_word' id='word_1_290' title='bbox 1296 2214 1432 2246; x_wconf 85' lang='lat' dir='ltr'><strong>invidia</strong></span> <span class='ocrx_word' id='word_1_291' title='bbox 1459 2219 1496 2246; x_wconf 80' lang='lat' dir='ltr'><strong>ct</strong></span> <span class='ocrx_word' id='word_1_292' title='bbox 1520 2213 1606 2247; x_wconf 83' lang='lat' dir='ltr'><strong>odio</strong></span> <span class='ocrx_word' id='word_1_293' title='bbox 1629 2215 1701 2248; x_wconf 84' lang='lat' dir='ltr'><strong>mei</strong></span> 
     </span>
     <span class='ocr_line' id='line_1_33' title="bbox 265 2260 1702 2305; baseline 0 -12"><span class='ocrx_word' id='word_1_294' title='bbox 265 2260 492 2305; x_wconf 84' lang='lat' dir='ltr'><strong>praepediti,</strong></span> <span class='ocrx_word' id='word_1_295' title='bbox 523 2261 652 2294; x_wconf 90' lang='lat' dir='ltr'><strong>horum</strong></span> <span class='ocrx_word' id='word_1_296' title='bbox 677 2260 770 2293; x_wconf 84' lang='lat' dir='ltr'><strong>nihil</strong></span> <span class='ocrx_word' id='word_1_297' title='bbox 798 2265 927 2303; x_wconf 76' lang='lat' dir='ltr'><strong>putant</strong></span> <span class='ocrx_word' id='word_1_298' title='bbox 952 2260 1121 2300; x_wconf 84' lang='lat' dir='ltr'><strong>sufficere,</strong></span> <span class='ocrx_word' id='word_1_299' title='bbox 1150 2270 1269 2305; x_wconf 87' lang='lat' dir='ltr'><strong>neque</strong></span> <span class='ocrx_word' id='word_1_300' title='bbox 1296 2260 1369 2293; x_wconf 82' lang='lat' dir='ltr'><strong>ulia</strong></span> <span class='ocrx_word' id='word_1_301' title='bbox 1396 2261 1592 2305; x_wconf 85' lang='lat' dir='ltr'><strong>sponsione</strong></span> <span class='ocrx_word' id='word_1_302' title='bbox 1617 2271 1702 2294; x_wconf 83' lang='lat' dir='ltr'><strong>con·</strong></span> 
     </span>
     <span class='ocr_line' id='line_1_34' title="bbox 265 2306 1700 2351; baseline 0.002 -13"><span class='ocrx_word' id='word_1_303' title='bbox 265 2306 449 2341; x_wconf 87' lang='lat' dir='ltr'><strong>ditioneve</strong></span> <span class='ocrx_word' id='word_1_304' title='bbox 488 2318 545 2340; x_wconf 87' lang='lat' dir='ltr'><strong>me</strong></span> <span class='ocrx_word' id='word_1_305' title='bbox 581 2308 835 2351; x_wconf 78' lang='lat' dir='ltr'><strong>imperatorem</strong></span> <span class='ocrx_word' id='word_1_306' title='bbox 872 2317 948 2340; x_wconf 85' lang='lat' dir='ltr'><strong>esse</strong></span> <span class='ocrx_word' id='word_1_307' title='bbox 983 2307 1124 2346; x_wconf 88' lang='lat' dir='ltr'><strong>sinunt,</strong></span> <span class='ocrx_word' id='word_1_308' title='bbox 1156 2306 1219 2339; x_wconf 80' lang='lat' dir='ltr'><strong>sed</strong></span> <span class='ocrx_word' id='word_1_309' title='bbox 1262 2308 1374 2340; x_wconf 86' lang='lat' dir='ltr'><strong>semei</strong></span> <span class='ocrx_word' id='word_1_310' title='bbox 1404 2311 1609 2340; x_wconf 80' lang='lat' dir='ltr'><strong>statuerunt</strong></span> <span class='ocrx_word' id='word_1_311' title='bbox 1643 2318 1700 2341; x_wconf 82' lang='lat' dir='ltr'><strong>me</strong></span> 
     </span>
     <span class='ocr_line' id='line_1_35' title="bbox 265 2352 1698 2399; baseline 0.001 -14"><span class='ocrx_word' id='word_1_312' title='bbox 265 2354 442 2395; x_wconf 82' lang='lat' dir='ltr'><strong>reiicere,</strong></span> <span class='ocrx_word' id='word_1_313' title='bbox 477 2353 702 2399; x_wconf 86' lang='lat' dir='ltr'><strong>perdereque</strong></span> <span class='ocrx_word' id='word_1_314' title='bbox 740 2353 886 2391; x_wconf 86' lang='lat' dir='ltr'><strong>omnia,</strong></span> <span class='ocrx_word' id='word_1_315' title='bbox 928 2363 1038 2397; x_wconf 81' lang='lat' dir='ltr'><strong>quam</strong></span> <span class='ocrx_word' id='word_1_316' title='bbox 1074 2352 1164 2385; x_wconf 82' lang='lat' dir='ltr'><strong>mihi</strong></span> <span class='ocrx_word' id='word_1_317' title='bbox 1190 2352 1336 2385; x_wconf 86' lang='lat' dir='ltr'><strong>subesse</strong></span> <span class='ocrx_word' id='word_1_318' title='bbox 1366 2354 1525 2387; x_wconf 79' lang='lat' dir='ltr'><strong>malunt:</strong></span> <span class='ocrx_word' id='word_1_319' title='bbox 1552 2354 1619 2386; x_wconf 81' lang='lat' dir='ltr'><strong>etsi</strong></span> <span class='ocrx_word' id='word_1_320' title='bbox 1645 2354 1698 2386; x_wconf 78' lang='lat' dir='ltr'><strong>ita</strong></span> 
     </span>
     <span class='ocr_line' id='line_1_36' title="bbox 263 2398 1698 2442; baseline 0.001 -12"><span class='ocrx_word' id='word_1_321' title='bbox 263 2398 486 2433; x_wconf 74' lang='lat' dir='ltr'><strong>insanientes</strong></span> <span class='ocrx_word' id='word_1_322' title='bbox 521 2406 751 2434; x_wconf 86' lang='lat' dir='ltr'><strong>contemnere</strong></span> <span class='ocrx_word' id='word_1_323' title='bbox 795 2399 1009 2442; x_wconf 83' lang='lat' dir='ltr'><strong>oportebat,</strong></span> <span class='ocrx_word' id='word_1_324' title='bbox 1044 2403 1163 2432; x_wconf 84' lang='lat' dir='ltr'><strong>tamen</strong></span> <span class='ocrx_word' id='word_1_325' title='bbox 1208 2410 1254 2432; x_wconf 89' lang='lat' dir='ltr'><strong>ne</strong></span> <span class='ocrx_word' id='word_1_326' title='bbox 1285 2410 1509 2432; x_wconf 83' lang='lat' dir='ltr'><strong>communem</strong></span> <span class='ocrx_word' id='word_1_327' title='bbox 1544 2399 1698 2432; x_wconf 80' lang='lat' dir='ltr'><strong>salutem</strong></span> 
     </span>
     <span class='ocr_line' id='line_1_37' title="bbox 262 2444 1697 2491; baseline 0.003 -15"><span class='ocrx_word' id='word_1_328' title='bbox 262 2445 383 2478; x_wconf 83' lang='lat' dir='ltr'><strong>studio</strong></span> <span class='ocrx_word' id='word_1_329' title='bbox 408 2448 503 2480; x_wconf 84' lang='lat' dir='ltr'><strong>vitae</strong></span> <span class='ocrx_word' id='word_1_330' title='bbox 528 2457 628 2480; x_wconf 83' lang='lat' dir='ltr'><strong>meae</strong></span> <span class='ocrx_word' id='word_1_331' title='bbox 655 2444 848 2479; x_wconf 85' lang='lat' dir='ltr'><strong>servandae</strong></span> <span class='ocrx_word' id='word_1_332' title='bbox 880 2446 1079 2489; x_wconf 79' lang='lat' dir='ltr'><strong>neglexisse</strong></span> <span class='ocrx_word' id='word_1_333' title='bbox 1104 2445 1248 2485; x_wconf 80' lang='lat' dir='ltr'><strong>videar,</strong></span> <span class='ocrx_word' id='word_1_334' title='bbox 1280 2450 1429 2479; x_wconf 84' lang='lat' dir='ltr'><strong>mortem</strong></span> <span class='ocrx_word' id='word_1_335' title='bbox 1458 2446 1552 2480; x_wconf 84' lang='lat' dir='ltr'><strong>uitro</strong></span> <span class='ocrx_word' id='word_1_336' title='bbox 1579 2446 1697 2491; x_wconf 84' lang='lat' dir='ltr'><strong>eligo:</strong></span> 
     </span>
     <span class='ocr_line' id='line_1_38' title="bbox 263 2489 1696 2537; baseline 0 -12"><span class='ocrx_word' id='word_1_337' title='bbox 263 2489 379 2525; x_wconf 83' lang='lat' dir='ltr'><strong>nihilo</strong></span> <span class='ocrx_word' id='word_1_338' title='bbox 414 2493 508 2525; x_wconf 87' lang='lat' dir='ltr'><strong>enim</strong></span> <span class='ocrx_word' id='word_1_339' title='bbox 541 2494 660 2525; x_wconf 86' lang='lat' dir='ltr'><strong>minus</strong></span> <span class='ocrx_word' id='word_1_340' title='bbox 693 2497 747 2525; x_wconf 80' lang='lat' dir='ltr'><strong>est</strong></span> <span class='ocrx_word' id='word_1_341' title='bbox 783 2502 891 2536; x_wconf 82' lang='lat' dir='ltr'><strong>quam</strong></span> <span class='ocrx_word' id='word_1_342' title='bbox 917 2492 1030 2531; x_wconf 81' lang='lat' dir='ltr'><strong>mori,</strong></span> <span class='ocrx_word' id='word_1_343' title='bbox 1057 2491 1221 2535; x_wconf 83' lang='lat' dir='ltr'><strong>deposito</strong></span> <span class='ocrx_word' id='word_1_344' title='bbox 1249 2492 1401 2537; x_wconf 86' lang='lat' dir='ltr'><strong>imperio</strong></span> <span class='ocrx_word' id='word_1_345' title='bbox 1430 2496 1603 2537; x_wconf 81' lang='lat' dir='ltr'><strong>qnantum</strong></span> <span class='ocrx_word' id='word_1_346' title='bbox 1631 2503 1696 2537; x_wconf 82' lang='lat' dir='ltr'><strong>ego</strong></span> 
     </span>
     <span class='ocr_line' id='line_1_39' title="bbox 261 2535 1697 2583; baseline 0.002 -14"><span class='ocrx_word' id='word_1_347' title='bbox 261 2535 379 2569; x_wconf 77' lang='lat' dir='ltr'><strong>habeo</strong></span> <span class='ocrx_word' id='word_1_348' title='bbox 401 2563 409 2577; x_wconf 91' lang='lat'>,</span> <span class='ocrx_word' id='word_1_349' title='bbox 445 2544 481 2571; x_wconf 85' lang='lat' dir='ltr'><strong>et</strong></span> <span class='ocrx_word' id='word_1_350' title='bbox 516 2538 666 2571; x_wconf 78' lang='lat' dir='ltr'><strong>urbibus</strong></span> <span class='ocrx_word' id='word_1_351' title='bbox 708 2539 941 2582; x_wconf 77' lang='lat' dir='ltr'><strong>exercituque</strong></span> <span class='ocrx_word' id='word_1_352' title='bbox 979 2538 1142 2576; x_wconf 78' lang='lat' dir='ltr'><strong>traditis,</strong></span> <span class='ocrx_word' id='word_1_353' title='bbox 1183 2539 1324 2583; x_wconf 78' lang='lat' dir='ltr'><strong>privato</strong></span> <span class='ocrx_word' id='word_1_354' title='bbox 1350 2538 1477 2571; x_wconf 82' lang='lat' dir='ltr'><strong>habitu</strong></span> <span class='ocrx_word' id='word_1_355' title='bbox 1505 2537 1697 2572; x_wconf 84' lang='lat' dir='ltr'><strong>obscurum</strong></span> 
     </span>
     <span class='ocr_line' id='line_1_40' title="bbox 261 2584 1695 2630; baseline 0.003 -16"><span class='ocrx_word' id='word_1_356' title='bbox 261 2584 368 2626; x_wconf 85' lang='lat' dir='ltr'><strong>plane</strong></span> <span class='ocrx_word' id='word_1_357' title='bbox 403 2589 439 2616; x_wconf 85' lang='lat' dir='ltr'><strong>et</strong></span> <span class='ocrx_word' id='word_1_358' title='bbox 473 2586 509 2617; x_wconf 87' lang='lat' dir='ltr'><strong>in</strong></span> <span class='ocrx_word' id='word_1_359' title='bbox 534 2586 703 2628; x_wconf 84' lang='lat' dir='ltr'><strong>anguium</strong></span> <span class='ocrx_word' id='word_1_360' title='bbox 733 2584 936 2629; x_wconf 84' lang='lat' dir='ltr'><strong>quempiam</strong></span> <span class='ocrx_word' id='word_1_361' title='bbox 960 2595 997 2617; x_wconf 85' lang='lat' dir='ltr'><strong>se</strong></span> <span class='ocrx_word' id='word_1_362' title='bbox 1022 2585 1308 2630; x_wconf 77' lang='lat' dir='ltr'><strong>compingentem</strong></span> <span class='ocrx_word' id='word_1_363' title='bbox 1335 2586 1464 2618; x_wconf 85' lang='lat' dir='ltr'><strong>vivere.</strong></span> <span class='ocrx_word' id='word_1_364' title='bbox 1527 2584 1695 2618; x_wconf 82' lang='lat' dir='ltr'><strong>Ceterum</strong></span> 
     </span>
     <span class='ocr_line' id='line_1_41' title="bbox 259 2629 1696 2674; baseline 0.002 -13"><span class='ocrx_word' id='word_1_365' title='bbox 259 2641 332 2662; x_wconf 87' lang='lat' dir='ltr'><strong>non</strong></span> <span class='ocrx_word' id='word_1_366' title='bbox 365 2629 459 2663; x_wconf 77' lang='lat' dir='ltr'><strong>istuc</strong></span> <span class='ocrx_word' id='word_1_367' title='bbox 499 2631 665 2664; x_wconf 82' lang='lat' dir='ltr'><strong>absolute</strong></span> <span class='ocrx_word' id='word_1_368' title='bbox 702 2642 742 2663; x_wconf 83' lang='lat' dir='ltr'><strong>ac</strong></span> <span class='ocrx_word' id='word_1_369' title='bbox 780 2635 922 2674; x_wconf 80' lang='lat' dir='ltr'><strong>praeter</strong></span> <span class='ocrx_word' id='word_1_370' title='bbox 954 2631 1155 2671; x_wconf 82' lang='lat' dir='ltr'><strong>rationem,</strong></span> <span class='ocrx_word' id='word_1_371' title='bbox 1196 2636 1237 2664; x_wconf 74' lang='lat' dir='ltr'><strong>ut</strong></span> <span class='ocrx_word' id='word_1_372' title='bbox 1262 2632 1399 2664; x_wconf 72' lang='lat' dir='ltr'><strong>scilicet</strong></span> <span class='ocrx_word' id='word_1_373' title='bbox 1426 2642 1444 2662; x_wconf 84' lang='lat' dir='ltr'>a</span> <span class='ocrx_word' id='word_1_374' title='bbox 1471 2630 1638 2663; x_wconf 82' lang='lat' dir='ltr'><strong>Romanis</strong></span> <span class='ocrx_word' id='word_1_375' title='bbox 1659 2636 1696 2664; x_wconf 84' lang='lat' dir='ltr'><strong>et</strong></span> 
     </span>
     <span class='ocr_line' id='line_1_42' title="bbox 259 2675 1693 2722; baseline 0.002 -15"><span class='ocrx_word' id='word_1_376' title='bbox 259 2675 403 2708; x_wconf 78' lang='lat' dir='ltr'><strong>Graecis</strong></span> <span class='ocrx_word' id='word_1_377' title='bbox 454 2687 494 2707; x_wconf 83' lang='lat' dir='ltr'><strong>ac</strong></span> <span class='ocrx_word' id='word_1_378' title='bbox 537 2677 695 2710; x_wconf 82' lang='lat' dir='ltr'><strong>barbaris</strong></span> <span class='ocrx_word' id='word_1_379' title='bbox 730 2682 910 2722; x_wconf 83' lang='lat' dir='ltr'><strong>tamquam</strong></span> <span class='ocrx_word' id='word_1_380' title='bbox 943 2676 1095 2710; x_wconf 85' lang='lat' dir='ltr'><strong>iniurius</strong></span> <span class='ocrx_word' id='word_1_381' title='bbox 1122 2688 1161 2710; x_wconf 87' lang='lat' dir='ltr'><strong>ac</strong></span> <span class='ocrx_word' id='word_1_382' title='bbox 1191 2679 1354 2721; x_wconf 85' lang='lat' dir='ltr'><strong>periurus</strong></span> <span class='ocrx_word' id='word_1_383' title='bbox 1375 2677 1545 2721; x_wconf 78' lang='lat' dir='ltr'><strong>belloque</strong></span> <span class='ocrx_word' id='word_1_384' title='bbox 1572 2678 1693 2720; x_wconf 87' lang='lat' dir='ltr'><strong>impo-</strong></span> 
     </span>
     <span class='ocr_line' id='line_1_43' title="bbox 257 2722 1692 2769; baseline 0.001 -15"><span class='ocrx_word' id='word_1_385' title='bbox 257 2726 359 2759; x_wconf 81' lang='lat' dir='ltr'><strong>tens,</strong></span> <span class='ocrx_word' id='word_1_386' title='bbox 395 2722 585 2766; x_wconf 84' lang='lat' dir='ltr'><strong>imperium</strong></span> <span class='ocrx_word' id='word_1_387' title='bbox 624 2723 814 2769; x_wconf 82' lang='lat' dir='ltr'><strong>reliquisse</strong></span> <span class='ocrx_word' id='word_1_388' title='bbox 852 2729 888 2756; x_wconf 77' lang='lat' dir='ltr'><strong>et</strong></span> <span class='ocrx_word' id='word_1_389' title='bbox 913 2724 1020 2756; x_wconf 88' lang='lat' dir='ltr'><strong>vitam</strong></span> <span class='ocrx_word' id='word_1_390' title='bbox 1047 2723 1258 2756; x_wconf 83' lang='lat' dir='ltr'><strong>inhonoram</strong></span> <span class='ocrx_word' id='word_1_391' title='bbox 1283 2724 1459 2767; x_wconf 80' lang='lat' dir='ltr'><strong>gloriosae</strong></span> <span class='ocrx_word' id='word_1_392' title='bbox 1486 2723 1592 2756; x_wconf 87' lang='lat' dir='ltr'><strong>morti</strong></span> <span class='ocrx_word' id='word_1_393' title='bbox 1624 2734 1692 2756; x_wconf 75' lang='lat' dir='ltr'><strong>an·-</strong></span> 
     </span>
     <span class='ocr_line' id='line_1_44' title="bbox 257 2767 1692 2816; baseline 0.003 -16"><span class='ocrx_word' id='word_1_394' title='bbox 257 2767 422 2803; x_wconf 78' lang='lat' dir='ltr'><strong>tetulisse</strong></span> <span class='ocrx_word' id='word_1_395' title='bbox 454 2769 657 2810; x_wconf 79' lang='lat' dir='ltr'><strong>existimer,</strong></span> <span class='ocrx_word' id='word_1_396' title='bbox 693 2768 758 2803; x_wconf 84' lang='lat' dir='ltr'><strong>sed</strong></span> <span class='ocrx_word' id='word_1_397' title='bbox 790 2770 947 2814; x_wconf 84' lang='lat' dir='ltr'><strong>primum</strong></span> <span class='ocrx_word' id='word_1_398' title='bbox 981 2769 1127 2816; x_wconf 84' lang='lat' dir='ltr'><strong>quidem</strong></span> <span class='ocrx_word' id='word_1_399' title='bbox 1152 2771 1334 2805; x_wconf 78' lang='lat' dir='ltr'><strong>decretum</strong></span> <span class='ocrx_word' id='word_1_400' title='bbox 1361 2771 1439 2804; x_wconf 84' lang='lat' dir='ltr'><strong>fieri</strong></span> <span class='ocrx_word' id='word_1_401' title='bbox 1464 2769 1608 2814; x_wconf 81' lang='lat' dir='ltr'><strong>postulo</strong></span> <span class='ocrx_word' id='word_1_402' title='bbox 1637 2774 1692 2802; x_wconf 69' lang='lat' dir='ltr'><strong>tt-</strong></span> 
     </span>
    </p>
   </div>
  </div>
 </body>
</html>
