1806 3152
318 188 429 245 586
844 207 1210 252 CANTACUZENl

119 312 301 360 A.C.1346
315 309 435 360 σβεσι
472 307 734 361 χρηματίσας
778 306 849 348 καὶ
890 309 1004 364 δῶρα
1033 307 1374 363 παρασχόμενος,
1417 310 1492 353 νῦν
1517 312 1596 364 μὲν
1621 307 1733 366 ἔλεγε

313 373 445 426 μηδὲν
490 373 804 426 ἀποκρινεῖσθαι
821 405 832 424 ,
874 370 1047 428 ὕστερον
1075 375 1120 415 δὲ
1159 375 1281 431 ὀλίγῳ
1309 377 1477 430 πέμψας
1509 368 1732 431 πρεσβείαν

307 436 386 492 τὴν
413 437 635 492 ἀπόκρισιν
661 436 921 494 ποιήσεσθαι.
961 437 999 480 οἱ
1025 442 1104 493 μὲν
1133 434 1207 481 οὖν
1229 438 1408 495 Ὀρχάνη
1454 443 1647 495 πρέσβεις
1683 443 1735 484 οἷ-

305 503 531 558 νέστρεφον
560 503 629 552 ,εἰς
667 503 745 558 τὴν
781 505 952 547 οἰκείαν.
1023 503 1223 559 βασιλευς
1261 506 1308 554 δὲ
1332 504 1436 558 μετὰ
1465 509 1547 548 τῶν
1577 507 1735 548 οἰκείων

306 569 379 610 καί
413 570 493 610 τῶν
529 570 573 610 ἐν
609 571 717 612 τέλει
763 570 1003 624 ἐβουλεύετο
1044 572 1143 625 περὶ
1184 571 1261 612 τοῦ
1300 568 1451 626 γάμου,
1484 573 1524 614 εἰ
1545 570 1631 627 χρὴ
1660 571 1762 627 τὴν5

278 636 521 689 Βθυγατὲρα
547 637 606 693 τῷ
627 632 805 694 Ὀρχάνῃ
835 635 1043 679 ἐκδιδόναι
1060 669 1072 692 ,
1109 638 1181 678 καί
1223 637 1368 685 πάντες
1397 631 1533 693 ὥσπερ
1563 639 1608 680 ἐκ
1633 653 1734 680 συν-

306 697 491 754 θήματος
542 698 759 755 κράτιστον
796 697 903 743 εἶναι
938 701 1075 757 ἔλεγον
1111 703 1310 758 Ὀρχάνην
1351 700 1462 756 ἔχειν
1510 701 1735 756 σύμμαχον

306 763 379 806 καί
405 764 526 821 φίλον
550 766 735 819 βέβαιον.
791 767 987 821 βασιλεὺς
1021 770 1066 810 δὲ
1094 770 1167 810 καί
1192 767 1297 823 πρὸς
1320 766 1478 824 Ἀμούρ
1511 770 1735 824 πρεσβείαν

304 833 489 884 πέμψας,
516 832 557 874 εἰ
571 832 706 887 δοκοίη
724 834 887 886 βέλτιον
917 830 1023 876 εἶναι
1049 833 1123 876 καί
1149 829 1264 890 αὖτῷ
1291 831 1368 888 τήν
1394 835 1608 889 θυγατέρα
1638 849 1734 876 συν-

304 898 472 947 οικίζειν
498 897 750 940 ἐπυνθάνετο
775 897 967 956 Ὀρχοίνῃ.
1022 898 1045 941 ὅ
1075 901 1121 941 δὲ
1150 894 1322 954 ἄριστον
1339 898 1486 955 ’ἧγεῖτο
1521 899 1595 940 καί
1635 914 1787 941 συν-ιο

302 962 498 1015 εβούλευε
540 964 740 1016 δέχεσθαι
775 962 822 1005 τὸ
860 966 996 1020 κῆδος.
1049 964 1233 1017 μα’λιστα
1259 963 1340 1020 γὰρ
1369 964 1484 1022 αὐτῷ
1507 968 1734 1008 λυσιτελεῖν

300 1027 376 1083 τήν
415 1029 561 1085 φιλίαν
600 1028 673 1070 καί
707 1028 780 1084 τὴν
806 1030 1033 1084 οἰκειότητα
1062 1033 1138 1072 τοῦ
1166 1031 1386 1086 βαρβάρου
1412 1029 1573 1085 μεγάλα
1604 1031 1733 1072 δυνα-

299 1095 426 1147 μένου
464 1095 640 1150 αἷφελεῖν
683 1093 788 1136 κατὰ
817 1088 901 1138 τῶν
925 1093 1156 1149 εΡωμαίοις
1187 1095 1410 1149 πολεμίων.
1482 1096 1524 1138 εἰ
1550 1093 1631 1151 γὰρ
1661 1097 1734 1138 καί

298 1158 360 1214 μή
389 1160 520 1201 δέοιτο
555 1161 650 1201 νυνί
674 1158 899 1215 βαρβάρων
926 1161 1032 1216 πρὸς
1060 1160 1132 1203 τόν
1160 1162 1243 1203 τῶν
1269 1159 1494 1216 ὁμοφύλων
1521 1161 1727 1214 πόλεμον,

296 1225 652 1278 τεταπεινωμένων
683 1220 762 1280 ἤδη
790 1229 863 1268 καί
886 1225 945 1282 μὴ
978 1228 1217 1279 δυναμένων
1245 1222 1618 1269 ἀντικαθίστασθαι
1649 1227 1780 1275 ati-15

295 1297 367 1350 τῷ,
413 1295 502 1336 ἀλλ’
529 1289 604 1336 οὖν
630 1295 670 1336 εἰ
697 1294 812 1338 πᾶσα
828 1293 866 1349 ἦ
892 1295 1118 1349 ζΡωμαίων
1145 1294 1218 1338 ὑπ’
1246 1292 1373 1337 αὐτὸν
1399 1293 1554 1348 γένοιτο
1582 1291 1728 1346 ἡγεμο-

256 1361 379 1413 (Ξνιά,
410 1359 512 1415 πρὸς
530 1359 624 1409 τούς
642 1359 822 1415 ὁμόρους
849 1361 1054 1411 δυνάστας
1082 1360 1307 1417 δεήσεσθαι
1334 1359 1408 1415 τῆς
1423 1358 1639 1412 Περσικῆς
1655 1359 1728 1400 ὃν·

295 1426 474 1479 νάμεως,
503 1425 633 1468 πολλὰ
673 1427 919 1482 ἠδικηκότας
944 1428 1016 1469 καί
1042 1424 1197 1474 πολλάς
1224 1425 1362 1475 πόλεις
1389 1423 1462 1466 καί
1484 1422 1628 1478 χώρας
1652 1424 1728 1477 τῆς

292 1490 522 1543 “Ρωμαίων
551 1493 971 1546 παρασπασαμένους.
1028 1492 1180 1534 εἰδέναι
1206 1493 1284 1545 μὲν
1322 1486 1397 1533 οὖν
1437 1487 1629 1546 ἔφασκεν,
1666 1488 1724 1536 ὥς

168 1555 387 1609 v.545015‹5'
413 1552 463 1598 ἂν
491 1554 571 1598 εἴτι
597 1558 754 1611 γένοιτο
770 1589 782 1611 ,
813 1554 1021 1612 τοσαύτην
1042 1555 1244 1612 Ὀρχάνης
1263 1550 1430 1598 εἷῖνοιαν
1445 1554 1779 1606 ἐπιδείξεσθαιαο

297 1620 478 1675 δύναιτο,
520 1617 623 1676 ὅσην
650 1621 781 1671 αὐτὸς
807 1620 913 1678 πρὸς
939 1625 1131 1677 βασιλέα.
1187 1621 1279 1664 ἀλλ’
1306 1616 1380 1663 οὖν
1409 1621 1592 1674 εὐχερῶς
1619 1620 1725 1661 ἐκεῖ·

294 1702 364 1728 νον
401 1686 514 1741 ἔχειν
544 1690 729 1743 βοηθεῖν.
806 1686 936 1731 αὐτόν
974 1690 1020 1730 δὲ
1050 1689 1202 1743 πολλῆς
1243 1689 1408 1729 δεῖσθαι
1440 1685 1726 1741 πραγματείας

295 1751 366 1794 διὰ
400 1750 618 1808 ἀλλοτρίας
653 1753 760 1809 πρός
787 1751 915 1795 αὐτὸν
943 1753 1056 1796 ἰόντα
1082 1755 1177 1809 γῆς·
1231 1752 1407 1809 Ὀρχάνῃ
1437 1752 1483 1792 δὲ
1508 1748 1582 1805 τήν
1609 1746 1724 1791 ἄντι-

386 1832 420 1875 4.
446 1833 571 1867 οἰκίαν
595 1833 633 1868 Ρ.
727 1835 759 1869 8.
784 1831 930 1870 πολλαὶς
954 1833 1087 1871 πόλεις
1111 1833 1174 1869 καὶ
1211 1831 1292 1865 add.
1321 1831 1370 1865 Μ.
1436 1841 1485 1875 19.
1509 1821 1715 1875 παρασπα·

387 1881 502 1925 σμένο
508 1891 548 1917 υς
569 1880 621 1917 Μ.

294 1942 364 1975 bus
385 1940 496 1985 copiis
515 1940 589 1974 suis
609 1940 673 1974 ubi
699 1941 864 1982 voluerit,
874 1942 1135 1975 inserviturum.
1159 1941 1355 1985 Imperator
1371 1949 1489 1986 neque
1502 1938 1718 1982 legationem

294 1989 452 2032 sprevit,
489 1998 609 2032 neque
641 1989 818 2034 extemplo
854 1989 1062 2022 affinitatem
1095 1988 1280 2033 amplexus
1318 1984 1489 2039 est,lsed
1524 1985 1658 2018 leniter
1677 1994 1719 2016 ae

293 2032 436 2079 placide
466 2034 601 2078 legatos
637 2035 813 2069 allocutus
861 2045 902 2067 ac
942 2034 1046 2068 donis
1080 2036 1189 2068 etiam
1222 2037 1452 2078 prosecutus,
1489 2030 1598 2075 paulo
1636 2033 1720 2074 post

240 2099 243 2106 ι
293 2082 403 2113 missa
435 2080 615 2125 legatione
641 2075 796 2115 Orchani
830 2092 867 2114 se
898 2091 1148 2125 responsurum
1174 2079 1352 2125 promisit.
1400 2079 1458 2111 Sic
1480 2077 1589 2121 legati
1613 2076 1716 2110 abie—

292 2132 391 2162 runt.
438 2127 654 2172 Imperatore
681 2127 877 2160 familiares
911 2132 948 2161 et
972 2138 1135 2172 proceres
1171 2137 1279 2171 super
1301 2124 1482 2159 connubio
1507 2124 1602 2157 filiae
1631 2133 1718 2157 con-

293 2174 461 2214 sulente,
504 2184 625 2206 omnes
664 2175 764 2219 quasi
797 2186 840 2207 ex
869 2176 1067 2218 composito
1097 2173 1295 2208 Orchanem
1321 2172 1456 2203 socium
1489 2176 1526 2203 et
1565 2170 1717 2204 amicum

293 2219 437 2252 fidelem
463 2218 607 2259 habere,
620 2221 804 2265 permagni
834 2221 1006 2254 interesse
1032 2220 1210 2255 dixerunt.
1257 2217 1298 2250 Id
1323 2218 1438 2262 ipsum
1464 2216 1548 2250 (lein
1572 2227 1637 2261 per
1665 2215 1717 2249 le-

293 2271 393 2310 gatos
426 2277 469 2298 ex
499 2266 646 2300 Amurio
682 2266 879 2313 quaesivit:
913 2268 975 2311 qui
1009 2265 1272 2299 matrimonium
1309 2265 1422 2304 istuc,
1454 2269 1495 2297 ut
1529 2264 1716 2308 optimum,

292 2311 530 2356 approbavit,
559 2312 839 2359 affinitatemque
865 2313 1011 2346 minime
1035 2311 1291 2356 repudiandam
1318 2312 1466 2343 censuit.
1515 2308 1715 2343 Amicitiam

293 2359 389 2391 enim
429 2364 466 2392 et
490 2360 796 2405 propinquitatem
837 2360 942 2392 istam
968 2358 1131 2398 barbari,
1156 2358 1219 2402 qui
1245 2357 1412 2390 adversus
1435 2356 1558 2390 hostes
1583 2357 1714 2388 Roma-

292 2415 421 2437 norum
445 2406 595 2438 multum
621 2411 761 2450 posset,
791 2406 1032 2448 maximopere
1059 2405 1129 2449 ipsi
1157 2403 1394 2448 profuturam,
1450 2403 1526 2436 Etsi
1555 2402 1649 2435 enim
1675 2402 1715 2434 in

290 2452 496 2494 praesentia
520 2452 565 2484 ad
588 2450 723 2485 bellum
749 2457 870 2485 contra
894 2450 1133 2495 homophylos
1158 2451 1228 2483 iam
1252 2450 1437 2495 depressos
1485 2454 1521 2482 et
1554 2448 1599 2482 ad
1624 2448 1714 2481 resi-

294 2498 458 2530 stendum
485 2498 682 2531 imbecilles
720 2497 953 2532 barbarorum
990 2507 1058 2540 ope
1083 2508 1155 2530 non
1180 2502 1319 2541 egeret,
1353 2501 1391 2529 at
1416 2501 1510 2529 certe
1534 2496 1564 2528 si
1600 2495 1712 2527 totius

293 2542 437 2586 imperii
475 2545 623 2577 Romani
655 2550 782 2589 potens
815 2544 945 2583 fuerit,
980 2549 1102 2576 contra
1129 2543 1265 2576 vicinos
1302 2543 1489 2586 dynastas,
1520 2541 1582 2587 qui
1615 2545 1712 2573 tauta

293 2588 388 2621 ultro
426 2590 640 2624 detrimenta
675 2591 862 2630 dederint,
899 2590 1101 2635 multasque
1137 2589 1242 2622 urbes
1277 2599 1318 2622 ae
1343 2590 1506 2632 regiones
1530 2599 1549 2620 a
1577 2587 1712 2630 princi-

292 2640 381 2679 patu
413 2636 569 2669 Romano
604 2637 821 2677 avulserint,
854 2636 990 2670 Persico
1028 2636 1155 2669 robore
1181 2646 1270 2680 opus
1294 2635 1509 2668 habiturum.
1557 2632 1713 2666 Affirma-

290 2680 358 2714 hat
388 2682 513 2725 igitur,
541 2683 630 2716 scire
666 2695 726 2719 se.
763 2683 959 2716 Orchanem
989 2683 1198 2727 neutiquam
1230 2682 1374 2715 omnino
1409 2686 1478 2714 tam
1503 2681 1648 2712 effusam
1672 2679 1712 2712 iu

293 2727 542 2769 imperatorem
570 2730 856 2764 benevolentiam
884 2733 1105 2769 navaturum,
1130 2739 1234 2774 quam
1258 2728 1336 2773 ipse
1359 2731 1544 2761 navasfiet:
1573 2731 1711 2759 cetero-

296 2774 358 2824 qui
401 2774 502 2808 illum
545 2786 618 2811 uon
662 2775 848 2813 difficulter
892 2787 996 2823 posse
1034 2785 1260 2816 succurrere,
1308 2785 1385 2810 cum
1428 2773 1499 2808 sibi
1538 2783 1601 2818 per
1640 2771 1711 2805 ali-
