1820 3138
317 153 430 222 416
850 175 1216 223 CANTACUZENJ

119 280 202 315 ΑΒ.
221 284 305 328 1343
319 275 493 326 λείψανα
526 275 597 328 τῆς
637 269 818 330 ἆρχαιάς
856 279 1067 327 συνοικίας
1109 279 1225 333 ὀλίγα
1253 279 1344 322 τινα
1373 282 1541 339 ἐχούσῃ.
1595 286 1745 340 συνέβη

314 342 360 381 δὲ
394 340 468 393 τῆς
510 340 640 394 αὐτῆς
678 338 823 388 νυκτός
860 344 930 382 καί
967 342 1164 398 στρατιάν
1189 347 1372 399 Περσῶν
1399 346 1523 401 πεζὴν
1551 342 1649 403 ἄρτι
1672 365 1746 391 πε-

314 408 569 459 ραιωθεῖσαν
602 405 646 444 ἐκ
677 407 751 459 τῆς
770 401 915 455 Ἀσίας
941 408 1012 449 ἑπί
1036 410 1169 461 λείαν,
1197 416 1283 459 τοῖς
1312 412 1402 452 ἐκεῖ
1425 412 1627 465 αἰγιαλοῖς
1646 429 1747 468 προ-

313 475 455 522 σχεῖν,
512 469 729 522 ἀποβᾶσαν
760 471 804 511 δὲ
833 471 904 512 sm*
930 474 1008 524 μὲν
1042 476 1124 514 τῶν
1161 476 1262 516 νεῶν
1289 474 1362 530 τήν
1388 475 1577 532 φυλακην
1601 475 1746 521 ἑκατὸν

312 539 574 587 καταλιπεῖν,
601 532 699 584 τούς
728 537 966 585 ἐπιλοίπους
994 539 1056 590 δὲ,
1093 533 1211 587 ὄντας
1242 543 1339 594 περί
1361 544 1551 594 χιλίους,
1582 542 1652 584 ἐπὶ
1672 541 1770 599 τῆνό

280 601 537 654 (Ῑλεηλασιάν
562 602 764 651 ἐξελθεῖν·
792 605 1032 654 γενομένους
1061 605 1107 645 δὲ
1134 602 1239 645 ἔνθα
1265 606 1449 658 ηὐλίζετο
1472 606 1494 647 ὅ
1521 606 1744 661 βασιλεύς,

310 668 382 706 καί
407 662 626 720 πόρ’ῥωθεν
653 664 837 720 ἡμμένην
864 666 1000 721 πυρὰν
1027 668 1202 720 ἰδόντας,
1232 670 1368 711 ἐλθεῖν
1397 670 1467 712 ἐπί
1491 670 1535 713 τὸ
1562 673 1742 727 χωρίον,

311 731 746 782 πᾶσανποιουμένους
779 730 975 786 πρόνοιαν
1014 732 1295 787 οἷγνοηθῆναι,
1338 732 1440 776 ὥστε
1476 738 1742 791 κατασκέψα-

312 798 439 846 σθαι,
499 795 644 843 οἵτινες
683 790 767 837 εἶεν
809 795 846 837 οἱ
880 794 1090 851 χρώμενοι
1119 798 1256 854 ἐκείνῳ
1284 799 1341 854 τῷ
1363 801 1492 853 πυρί·
1519 799 1629 843 οὕτω
1656 801 1738 858 γάρ

312 860 434 901 αὐτοί
471 861 686 914 διηγοῦντο
723 856 907 916 ὕστερον.
976 861 1067 903 ἐπεὶ
1096 864 1141 904 δὲ
1170 864 1350 917 ἐγένοντο
1378 863 1511 918 ἐγγύς,
1539 866 1793 922 στρατιὰνιό

312 927 415 967 ἰδεῖν
443 926 595 979 πλήθει
623 924 936 981 ὑπερέχουσαν,
985 926 1041 975 ὥς
1069 925 1230 981 ἔδοξεν,
1270 928 1407 971 αὐτῶν
1434 927 1554 971 πολύ.
1612 930 1745 981 εὐθύς

309 993 388 1044 μὲν
420 985 499 1032 οὖν
528 990 656 1046 εἰσῄει
698 992 804 1044 δέος,
831 990 887 1045 μη
922 993 1186 1044 αἰσθομένοις
1214 993 1358 1043 αὐτοῖς
1388 992 1596 1044 τοσούτοις
1624 992 1744 1039 οὖσιν

312 1057 393 1109 ου’χ
433 1052 557 1098 οἷοίτε
600 1050 701 1097 αἷσιν
746 1055 973 1109 οἷντισχεῖν,
1017 1055 1124 1098 α’λλοὲ
1161 1059 1435 1113 διαφθαρῶσι
1462 1060 1744 1115 κρατηθέντες.

310 1119 453 1162 ἔπειτα
489 1120 544 1169 ὥς
580 1118 810 1176 ᾐσθάνοντο
841 1119 1131 1175 ἄγνοηθέντες,
1171 1123 1473 1174 ἐβουλεύσαντο
1510 1125 1741 1177 διελόμενοι

308 1188 492 1242 τετραχῇ
511 1184 584 1226 καί
602 1182 884 1240 περιελθόντες
901 1183 944 1226 τὸ
968 1183 1256 1241 στρατόπεδον,
1286 1187 1560 1243 προσβάλλειν
1581 1191 1791 1244 clupeo-15

309 1251 496 1304 δοκήτοις
524 1249 803 1304 πανταχόθεν.
884 1252 1075 1305 οἰηθῆναι
1112 1250 1193 1306 γάρ
1233 1250 1301 1293 διά
1341 1252 1387 1293 τὸ
1434 1250 1739 1309 α’προσδόκητον

270 1314 647 1370 Βκαταπλήξαντας
676 1316 989 1368 περιγενέσθαι,
1019 1317 1092 1356 καί
1124 1314 1324 1358 πλειόνων
1362 1312 1505 1359 ὄντων.
1563 1317 1602 1359 οἱ
1629 1316 1738 1375 βάρ-

307 1386 432 1437 βαροι
467 1383 543 1434 μὲν
572 1376 645 1422 οὖν
673 1380 839 1421 ἐποίουν
866 1379 970 1421 κατὰ
1001 1378 1052 1421 τὰ
1084 1384 1416 1433 βεβουλευμένα,
1447 1383 1518 1423 καί
1543 1383 1737 1437 περιεκά-

306 1451 433 1502 θηντο
461 1446 505 1488 τὸ
537 1443 836 1500 στρατόπεδον,
876 1445 1146 1497 ἀναμένοντες
1184 1444 1228 1486 τὸ
1259 1445 1472 1501 σύνθημα.
1528 1449 1584 1504 τῷ
1611 1463 1736 1503 στρα-

306 1513 498 1567 τηγοῦντι
527 1512 573 1552 δὲ
602 1510 741 1551 αὐτῶν
768 1507 928 1561 ἐδόκει,
956 1508 1014 1564 μὴ
1045 1508 1151 1564 πρὸς
1187 1509 1389 1565 τοσαύτην
1428 1510 1627 1564 στρατιάν
1665 1509 1787 1558 ozi-20

304 1593 363 1618 τω
393 1575 743 1626 διακινδυνεύειν,
774 1574 999 1627 οἷγνοοῦντα
1030 1570 1130 1615 ὅθεν
1156 1590 1199 1615 τε
1227 1573 1292 1630 εἴη
1320 1574 1393 1616 καὶ
1416 1574 1487 1616 τὸν
1516 1575 1728 1630 ἀριθμόν·

301 1643 373 1683 καί
398 1643 568 1694 πέμψας
605 1636 679 1680 δύο
709 1640 790 1680 τῶν
816 1639 1042 1694 βαρβάρων
1068 1637 1171 1693 πρὸς
1207 1638 1254 1681 τὸ
1285 1637 1395 1697 ὕδωρ
1413 1672 1424 1693 ,
1455 1636 1626 1697 (ᾔδεσαν
1648 1640 1730 1699 γάρ

301 1704 432 1750 οὖσαν
459 1708 548 1748 ἐκεῖ
573 1703 738 1760 πηγὴν,>
769 1705 966 1757 ἐκέλευεν,
982 1706 1021 1746 εἰ
1045 1701 1252 1759 δύναιντο,
1281 1707 1361 1748 τῶν
1389 1708 1433 1747 ἐκ
1458 1709 1533 1747 τοῦ
1560 1722 1731 1762 στρατο-

391 1808 423 1831 2.
448 1796 512 1828 καὶ
535 1793 615 1828 add.
640 1794 693 1827 M.
776 1794 830 1828 23.
858 1792 1029 1827 ἐκέλευον
1051 1794 1092 1826 Ρ.
1120 1798 1156 1827 et
1178 1793 1229 1829 M.

297 1879 352 1913 hil
385 1879 531 1913 hostilis
569 1878 785 1912 incursionis
819 1888 882 1922 per
911 1877 1005 1909 viam
1044 1881 1230 1913 metueret.
1285 1876 1397 1909 Nocte
1418 1876 1456 1908 in
1481 1877 1556 1911 vico
1582 1877 1724 1914 deserto

295 1927 420 1971 paucis
445 1924 563 1958 adhuc
602 1925 817 1957 viciniarum
852 1923 1042 1968 parietinis
1069 1922 1292 1956 exstantibus
1324 1929 1539 1956 manserunt.
1589 1925 1726 1958 Eadem

295 1978 400 2006 nocte
427 1972 608 2005 Persarum
634 1971 800 2014 peditum
825 1981 947 2002 manus
976 1980 1019 2001 ex
1039 1970 1122 2002 Asia
1149 1969 1193 2001 ad
1219 1968 1343 2001 eadem
1366 1969 1487 2001 littora
1515 1971 1725 2013 populatio-

294 2020 351 2051 nis
391 2029 472 2063 ergo
509 2017 716 2062 appellitur.
773 2015 1002 2061 Egredientes
1049 2015 1094 2048 ad
1131 2015 1327 2048 custodiam
1369 2017 1510 2047 navium
1552 2022 1724 2051 centenos

294 2065 507 2110 relinquunt
523 2089 532 2103 ‚
557 2065 621 2097 alii
646 2063 786 2096 circiter
810 2063 910 2094 mille
937 2066 1074 2107 raptum
1100 2061 1247 2097 vadunt.
1272 2060 1358 2093 Cum
1385 2072 1427 2093 eo
1451 2063 1722 2104 processissent,

294 2112 359 2145 ubi
384 2111 577 2156 imperator
601 2108 855 2154 pernoctabat,
881 2108 961 2140 foco
986 2107 1170 2140 luculento
1194 2106 1318 2151 procul
1342 2113 1544 2150 conspecto,
1569 2109 1721 2154 propius

293 2158 340 2191 ad
380 2158 497 2191 locum
530 2155 755 2201 pedetentim
794 2159 829 2187 et
867 2164 1003 2186 summo
1031 2154 1197 2191 silentio,
1232 2157 1271 2184 ut
1301 2152 1482 2193 laterent,
1519 2154 1720 2190 accedunt:

293 2205 513 2250 speculatum
551 2201 743 2241 videlicet,
773 2201 917 2245 quinam
954 2198 1000 2233 ad
1027 2210 1149 2244 pyram
1180 2197 1278 2230 illam
1312 2200 1479 2232 mortales
1516 2205 1652 2242 essent,
1678 2202 1720 2236 id

293 2251 391 2296 quod
423 2249 493 2294 ipsi
531 2254 654 2293 postca
685 2252 929 2283 narraverunt,
988 2247 1034 2278 Et
1070 2255 1148 2278 ecce
1171 2244 1297 2277 vident
1320 2245 1535 2286 exercitum,
1561 2257 1649 2287 suo,
1677 2252 1719 2280 ut

290 2297 470 2341 putabant
486 2320 496 2335 ,
522 2295 635 2328 multo
661 2294 953 2327 numerosiorem.
1001 2291 1101 2325 Illico
1126 2291 1253 2323 timore
1278 2293 1532 2335 corripiuntur,
1555 2303 1613 2333 ne,
1641 2292 1717 2327 illis

290 2348 391 2378 tanto
422 2341 586 2387 pluribus
624 2351 698 2373 rem
731 2339 996 2379 sentientibus,
1031 2348 1110 2369 cum
1141 2337 1210 2380 ipsi
1250 2335 1294 2369 ad
1319 2338 1556 2371 resistendum
1581 2339 1716 2372 infirmi

291 2394 431 2430 essent,
460 2389 544 2422 victi
569 2386 854 2422 conciderentur.
901 2386 985 2418 Post
1007 2383 1070 2416 ubi
1094 2393 1132 2415 se
1156 2382 1317 2415 nondum
1343 2384 1468 2417 sentiri
1491 2385 1715 2418 animadver-

292 2441 436 2475 terunt,
474 2433 735 2480 quadripartito
770 2432 909 2476 agmine
942 2432 1062 2463 castris
1096 2428 1345 2470 circumdatis,
1380 2430 1539 2476 undique
1570 2430 1614 2463 de
1638 2432 1714 2464 im-

291 2483 435 2524 proviso
461 2482 498 2514 in
521 2481 603 2513 illos
628 2480 765 2512 irruere
792 2478 1026 2510 constituunt.
1074 2474 1279 2508 Credebant
1303 2476 1399 2508 enim
1424 2478 1562 2521 impetu
1587 2477 1713 2521 inopi-

291 2533 376 2560 nato
402 2532 664 2565 consternatos,
690 2524 848 2570 quamvis
873 2524 991 2567 plures
1015 2520 1154 2560 forent,
1179 2527 1416 2565 superaturos.
1473 2522 1616 2556 Barbari
1641 2522 1712 2567 igi-

290 2577 348 2605 tur
373 2573 561 2606 consilium
587 2571 826 2616 explicantes,
857 2574 968 2602 castra
991 2568 1162 2611 cingunt,
1189 2567 1234 2600 ad
1264 2567 1461 2601 invadendi
1485 2569 1623 2613 signum
1647 2570 1710 2601 in-

289 2618 393 2652 tenti.
439 2619 485 2650 At
521 2630 603 2653 vero
642 2617 715 2650 dux
749 2615 937 2656 arbitrari,
978 2624 1058 2647 cum
1096 2614 1205 2646 tantis
1240 2613 1351 2658 copiis
1385 2625 1458 2647 non
1486 2614 1537 2646 ita
1570 2618 1707 2648 temere

290 2663 548 2704 dimicandum,
582 2663 726 2710 quando
766 2673 831 2696 nec
855 2661 971 2701 uude,
1012 2669 1077 2692 nec
1109 2664 1265 2704 quantae
1307 2660 1453 2694 tandem
1483 2661 1575 2701 sint,
1618 2661 1706 2694 satis

289 2714 440 2745 constet.
489 2710 583 2743 Duos
608 2709 652 2742 ad
675 2709 918 2754 propinquum
950 2711 986 2740 et
1011 2710 1135 2738 notum
1167 2706 1240 2739 illis
1264 2706 1399 2739 fontem
1427 2712 1595 2752 aquatum
1620 2706 1707 2739 mit-

288 2757 356 2798 tit,
389 2755 565 2801 simulque
603 2755 769 2796 mandat,
802 2759 842 2788 ut
875 2765 895 2788 e
928 2752 1049 2788 castris
1072 2752 1253 2798 aliquem,
1289 2751 1319 2786 si
1343 2754 1502 2799 possint,
1525 2751 1703 2798 captivum
