1800 3138
524 158 900 205 ffls‘fomARUM
943 162 1015 200 111.
1046 162 1113 206 33.
1398 138 1519 203 203.

80 261 154 316 την
189 263 237 304 -ἕκ
266 260 349 302 τῶν
376 258 631 315 πραγμάτων
658 256 872 309 ἀπόδειξιν
897 257 1200 316 ἐναργεστάτην
1234 254 1366 301 οὖσαν
1393 274 1518 313 παρι-
1529 261 1611 297 A.c.
1629 260 1713 306 1342

83 328 250 379 δοῦσαν,
281 326 414 378 λόγοις
440 326 570 380 μηδὲν
599 323 767 377 ἔχουσιν
794 323 908 377 ὑγιὲς
935 330 1150 378 προσχεῖν,
1181 327 1224 374 ἐξ
1242 318 1300 366 ὧν
1321 323 1402 378 οὔχ
1422 320 1522 365 ἑαυ-

79 390 157 445 τὴν
183 388 318 444 μόνον,
346 386 451 430 ἄλλα
480 388 555 430 καί
583 387 635 430 τὰ
656 387 876 440 Ῥωμαίων
902 387 1081 442 βλάψειε
1110 387 1333 443 πράγματα
1363 390 1416 430 ου’
1442 385 1646 441 uei—9458

79 454 175 508 τριά
205 471 310 497 τινα.
363 454 568 509 ἐρομένων
599 455 646 495 δὲ
674 455 755 495 τῶν
781 454 1004 507 γυναικῶν,
1033 453 1104 495 καί
1131 453 1231 496 ποία
1263 449 1315 496 ἄν
1341 469 1402 502 τις
1429 453 1521 495 ἐπι-

54 521 249 575 5νοη9είη
293 520 500 575 θεραπεία
539 519 620 561 τῶν
647 520 805 572 κακῶν,
832 519 1037 572 βασιλέως
1065 521 1220 560 ἐκείνου
1250 513 1329 573 ἤδη
1356 516 1521 572 γεγονό-

81 597 177 634 τος·
207 585 346 643 ῥᾳδία,
374 583 552 640 ἔφασκεν
579 583 605 639 ἦ
625 584 805 637 βασιλίς.
860 581 1205 638 Καντακουζηνὸν
1228 582 1322 638 γὰρ,
1353 583 1426 625 καί
1439 586 1518 637 βα-

80 650 227 698 σιλέως
254 648 314 691 ἔτι
341 648 566 703 περιόντος,
632 650 792 703 ἐσθῆτα
817 649 895 701 μὲν
923 647 971 689 οὖ
998 649 1325 702 περιβεβλῆσθαι
1353 651 1517 702 βασιλι-

80 712 168 768 κήν,
208 711 384 767 δύναμιν
425 714 473 755 δὲ
509 711 622 767 ἔχειν
659 714 879 767 βασιλέως.
948 714 997 754 τί
1030 708 1104 755 οὖν
1132 711 1396 770 θαυμαστὸν,
1423 715 1464 754 εἰ
1490 710 1522 755 ⁶¹1*

79 775 161 819 ὑπὸ
197 776 270 833 την
307 776 519 834 ἰδιωτικὴν
547 779 706 834 ἐσθῆτα
735 776 938 834 ἔπραττε,
966 776 1017 820 τὰ
1046 776 1118 820 ἴσα
1148 778 1219 820 νῦν
1246 777 1317 819 καὶ
1339 775 1414 832 τήν
1441 780 1521 831 βα-

30 842 238 898 ιοσιλικην
278 843 385 897 ἔχων
421 842 593 899 πράττοι
618 862 633 896 ,-
685 845 852 893 εὐνοίας
893 845 940 886 δὲ
966 845 1084 886 ἓνεκα
1114 845 1188 898 τῆς
1214 841 1316 899 πρὸς
1344 844 1418 896 ἐμὲ
1449 844 1523 884 καί

76 911 252 962 βασιλέα
290 907 362 951 τὸν
397 908 517 962 υἱὸν,
559 911 633 951 καί
655 908 782 965 μήπω
809 910 887 951 τοῦ
913 911 1095 963 πολέμου
1125 911 1386 963 κεκινημένου
1403 942 1418 962 ,
1443 906 1520 962 τὴζν

76 976 290 1030 θυγατέρα
324 975 490 1029 Ἑλένην
520 977 694 1028 βασιλεῖ
714 977 772 1032 τῷ
799 975 884 1032 ἐμῷ
910 972 990 1031 υἱῷ
1015 976 1280 1027 συνεθέμεθα
1316 972 1420 1028 πρὸς
1447 970 1519 1027 γά-

79 1052 160 1091 μον
187 1039 372 1093 ἆγαγεῖν.
429 1034 480 1080 οὗ
513 1038 565 1094 δὴ
592 1041 863 1095 γεγενημένου
892 1042 994 1094 νῦν,
1023 1035 1108 1092 ὅ,τε
1135 1037 1312 1092 πόλεμος
1337 1041 1517 1080 καταλυ-

75 1102 254 1158 θήσεται
296 1103 478 1161 ῥαδίως,
517 1106 592 1146 καί
631 1103 685 1146 τά
725 1104 954 1161 πράγματα
982 1104 1052 1146 ὑπ’
1080 1105 1241 1161 ἐκείνῳ,
1270 1099 1407 1157 ὥσπερ
1438 1104 1510 1144 καί
1520 1107 1549 1139 Β

28 1166 302 1224 ιόπρότερον,
332 1170 654 1225 διοικηθήσεται.
709 1172 750 1212 εἰ
775 1172 822 1212 δὲ
847 1170 926 1226 μή,
956 1170 1079 1212 οὐδὲν
1106 1168 1226 1212 ἔσται
1253 1167 1299 1211 τὸ
1329 1168 1519 1210 κωλῦσον

75 1233 153 1288 τήν
182 1233 402 1287 Ῥωμαίων
437 1234 658 1290 ἡγεμονίαν
697 1234 833 1290 αὐτὴν
873 1235 949 1292 ὑφ’
989 1232 1142 1290 ἑαυτῆς
1182 1230 1517 1290 ὃιαφθαρῆναι.”

77 1297 123 1341 αἱ
161 1300 239 1352 μὲν
266 1296 342 1342 οὖν
371 1301 453 1342 τῶν
479 1302 689 1354 γυναικῶν
714 1302 1026 1356 ἐπεψηφίσαντο
1052 1299 1106 1342 τὰ
1134 1301 1331 1355 εἰρημένα
1359 1299 1414 1348 ὥς
1443 1293 1517 1353 ὄρό

75 1365 164 1412 θῶς
202 1366 277 1406 καί
311 1366 535 1414 λυσιτελῶς
561 1367 886 1420 βεβουλευμένα.
952 1370 1043 1416 ταῖς
1071 1367 1118 1407 δὲ
1147 1363 1282 1407 ἐδόκει
1308 1362 1366 1418 μη
1398 1367 1516 1405 λυσι-

74 1434 207 1471 τελεῖν
223 1446 234 1456 ·
265 1425 353 1482 ἅμα
379 1431 424 1471 δὲ
448 1428 581 1488 ἡμέρα
609 1433 668 1479 εἰς
693 1429 766 1486 την
794 1431 1018 1488 ὑστεραίαν
1041 1429 1285 1487 Ἀποκαύκῳ
1317 1426 1520 1487 ἐμηνύετο

20 1494 130 1550 20τῷ
174 1497 530 1551 παρακοιμωμένῳ
562 1494 611 1537 ‘cd
641 1497 853 1551 εἰρημένα.
923 1497 1075 1546 ἐκεῖνος
1112 1496 1158 1536 δὲ
1184 1495 1355 1548 νομίσας
1375 1526 1386 1548 ,
1417 1493 1521 1547 περὶ

76 1560 159 1600 τῶν
197 1558 385 1612 ἐσχάτων
424 1556 568 1609 αὐτοῖς
607 1560 680 1603 τὸν
721 1562 908 1603 κίνδυνον
947 1560 1000 1602 τὰ
1030 1562 1225 1616 εἰρημένα
1256 1555 1382 1614 ἄγειν,
1414 1556 1516 1612 πρὸς

75 1623 339 1679 πατριάρχην
384 1625 457 1666 καί
495 1624 594 1675 τούς
631 1628 705 1680 τῆς
748 1625 855 1668 κατὰ
895 1629 1102 1680 βασιλέως
1142 1623 1523 1679 συμμετασχόντας,

75 1689 298 1743 ἐπιβουλῆς
335 1688 483 1744 ἐλθών,
521 1690 851 1746 ,,ιῖπολώλαμεν”
886 1688 975 1734 εἷπε
1012 1692 1115 1747 „nal
1141 1694 1199 1740 εἰς
1226 1689 1401 1743 ἔσχατον
1430 1703 1518 1730 κιν-

174 1817 224 1851 15.
250 1808 302 1861 μὴ
330 1826 398 1849 om.
426 1816 460 1849 P.

77 1918 210 1961 tionis,
237 1933 328 1967 quae
354 1932 398 1955 ex
423 1923 526 1957 factis
554 1923 823 1958 evidentissima
848 1924 1017 1967 ducitur,
1044 1925 1308 1971 negligentem,
1339 1925 1519 1959 sermoni-

78 1967 146 2000 bus
178 1967 362 2001 maledicis
401 1980 503 2003 aures
539 1969 704 2011 dedisse,
735 1970 895 2017 indeque
921 1984 994 2006 non
1023 1972 1093 2006 sibi
1121 1970 1329 2012 dumtaxat,
1354 1971 1417 2005 sed
1444 1973 1516 2006 Ro·

77 2025 204 2047 manae
237 2025 383 2060 quoque
418 2017 473 2050 rei
511 2017 678 2060 publicae
714 2019 885 2053 maiorem
907 2019 946 2052 in
974 2019 1120 2052 modum
1156 2020 1334 2054 nocuisse.
1382 2017 1514 2052 Scisci-

76 2060 239 2094 tantibus
270 2060 438 2103 feminis,
478 2073 592 2107 ecqua
633 2063 813 2097 medicina
850 2065 974 2104 malis,
998 2065 1077 2108 ipso
1101 2065 1173 2097 iam
1204 2075 1269 2109 pro
1294 2066 1516 2108 imperatore

76 2118 115 2140 se
141 2112 307 2150 gerente,
336 2109 529 2154 excogitari
554 2115 678 2154 queat,
701 2110 858 2151 Facilis,
882 2111 1006 2156 inquit
1042 2111 1116 2144 illa.
1164 2111 1309 2145 Etenim
1333 2110 1514 2144 Cantacu-

74 2164 204 2186 zenum
239 2155 348 2187 etiam
388 2155 468 2188 vivo
505 2156 722 2200 imperatore
764 2163 898 2191 vestem
931 2158 1200 2202 imperatoriam
1235 2167 1310 2192 non
1337 2155 1515 2197 induisse,

76 2203 255 2244 potestate
280 2205 400 2233 tamen
425 2212 527 2234 usum
552 2202 795 2246 imperatoria.
843 2203 947 2238 Nihil
973 2215 1055 2249 ergo
1087 2214 1245 2246 novum,
1282 2203 1313 2238 si
1371 2213 1439 2236 uae
1473 2203 1515 2236 in

74 2246 216 2291 privata
248 2251 348 2279 veste
383 2248 554 2291 gesserit,
588 2248 714 2283 eadem
740 2261 836 2283 nunc
860 2251 900 2284 in
927 2250 1159 2295 imperatoria
1183 2253 1292 2294 gerat.
1367 2260 1407 2283 ro
1431 2249 1513 2283 eius

74 2302 182 2335 porro
207 2291 246 2324 in
286 2303 344 2325 me
370 2293 558 2339 filiumque
582 2306 703 2329 meum
729 2296 981 2341 imperatorem
1006 2296 1282 2335 benevolentia,
1305 2294 1403 2329 bello
1427 2305 1515 2329 nec-

75 2337 162 2370 dum
200 2337 380 2379 excitato,
413 2340 526 2373 filiam
558 2339 674 2387 ipsius
698 2342 874 2376 Helenam
897 2342 1015 2376 eidem
1039 2343 1115 2376 filio
1139 2354 1219 2375 meo
1246 2351 1393 2376 uxorem
1422 2340 1514 2374 ‹lan-

75 2384 158 2417 dam
183 2383 278 2418 inter
306 2395 370 2418 nos
399 2387 581 2424 convenit.
641 2387 751 2434 Quod
775 2389 840 2422 ubi
863 2401 960 2423 nunc
987 2400 1025 2423 re
1051 2388 1249 2433 perfectum
1274 2387 1408 2428 fuerit,
1430 2386 1513 2420 bel-

76 2430 151 2463 lum
180 2441 287 2474 parvo
320 2433 467 2477 negotio
508 2436 671 2478 sopietur
700 2440 738 2468 et
764 2447 821 2469 res
844 2436 992 2480 publica
1019 2436 1072 2469 uti
1098 2435 1195 2479 prius
1220 2434 1266 2466 ab
1295 2433 1420 2468 eodem
1447 2432 1512 2466 ad-

76 2476 352 2514 ministrabitur.
409 2479 559 2524 Alioqui
594 2479 690 2515 nihil
727 2481 911 2523 obstabit,
947 2482 1037 2527 quin
1077 2482 1256 2514 Romanus
1287 2480 1511 2525 principatus

77 2523 224 2557 sibimet
253 2524 364 2557 exitio
390 2526 449 2558 sit.
497 2526 728 2562 Feminarum
750 2538 834 2573 pars
858 2528 948 2562 haec
974 2534 1013 2561 ut
1036 2532 1132 2561 recte
1169 2527 1381 2572 utiliterque
1415 2526 1513 2572 cogi·

76 2574 150 2603 tata
185 2570 410 2614 approbare:
446 2582 527 2615 pars
560 2574 632 2608 alia
667 2575 788 2608 omnia
823 2576 970 2609 sentire.
1020 2572 1196 2608 Postridie
1231 2572 1394 2606 diluculo
1421 2572 1512 2606 haec

76 2615 303 2659 Apocaucho‚
330 2617 492 2651 cubiculi
515 2621 604 2654 sacri
629 2620 826 2665 praestem,
850 2621 1084 2661 nuntiantur,
1111 2620 1174 2664 qui
1199 2625 1396 2653 extremum
1423 2617 1511 2652 inde

76 2661 147 2695 sibi
173 2663 353 2709 sociisque
375 2664 579 2708 periculum
602 2668 886 2710 pertimescens,
910 2666 1131 2712 patriarchae
1168 2664 1391 2712 aliorumque
1426 2675 1512 2698 con-

76 2708 273 2742 iuratorum
309 2709 418 2745 aedes
463 2722 703 2755 concursans,
750 2714 876 2747 Actum
908 2718 987 2753 est,
1028 2713 1172 2758 inquit,
1214 2717 1408 2757 nostraque
1447 2710 1513 2752 illa

76 2764 203 2800 magua
236 2755 392 2793 felicitas
430 2758 476 2793 ad
511 2758 675 2796 ultimam
716 2761 897 2796 miseriam
931 2760 1039 2796 simul
1062 2763 1139 2793 tota
1165 2758 1303 2796 recidit.
1353 2760 1511 2802 Augusta
