1806 3152
266 148 380 203 ὅσα
798 170 1165 215 CANTACUZENJ

73 266 155 304 A·C·
173 267 262 313 [346
277 273 359 318 τοῖς
386 270 482 327 περὶ
512 267 783 319 Φακεωλοίτον
812 271 893 313 ῦπὸ
922 275 993 328 τῆς
1023 274 1219 329 προνοίας
1246 277 1588 319 συνεσκευάσθαι.
1627 279 1700 319 καὶ

267 335 574 390 προθυμότεροι
607 331 714 390 ἦσαν
740 335 846 392 πρὸς
878 336 924 381 τὸ
953 339 1174 394 πράττειν,
1206 337 1277 382 ἅτε
1307 339 1357 394 δὴ
1387 343 1695 396 συναιρομένου

267 400 339 441 καὶ
381 402 455 441 τοῦ
473 401 620 443 θείου.
678 399 784 444 οὕτω
819 405 895 456 μὲν
925 400 997 446 οὖν
1026 408 1351 461 Μικροκέφαλος
1380 406 1622 461 παρεγένετό
1651 422 1697 448 τε

268 464 373 521 πρὸς
399 468 574 517 βασιλέα
603 465 681 508 συν
709 467 901 526 ῥᾳστώνῃ
944 472 1014 512 καί
1053 468 1186 512 πάντα
1216 470 1366 527 ἔπραξε
1395 471 1445 514 τὰ
1470 471 1585 526 παρὰ
1608 475 1698 514 ‹Da-

268 529 492 573 κεωλάτου.
547 533 747 586 βασιλευς
775 535 821 575 δὲ
850 538 1100 589 συνθέμενος
1138 536 1321 593 ἡμέραν,
1350 535 1393 580 ἐν
1419 533 1447 595 ᾗ
1476 537 1561 580 ἔδει
1589 536 1719 593 πρὸς5

239 595 352 650 (ἓτην
389 598 553 653 χρυσῆν
584 602 840 655 καλουμένην
866 599 999 657 πύλην
1044 597 1151 643 εἶναι
1187 601 1362 656 νυκτός,
1400 605 1580 659 (ἐκεῖθεν
1616 602 1699 658 γὰρ

136 668 176 703 V.
189 667 255 702 552
271 661 402 704 ἐδόκει
430 660 576 720 ῥᾴδιον
604 663 786 719 εἰσάγειν
813 663 954 722 εἶναι,>
990 669 1148 724 α’πῇρεν
1177 668 1235 717 εἷς
1261 667 1334 724 τὴν
1361 669 1598 723 Ἀδριανοῦ,
1629 667 1699 710 ἵνα

268 729 476 783 μηδεμίαν
501 727 689 782 ὑποψίαν
721 733 945 787 παρέχοιτο
974 737 1060 781 τοῖς
1089 729 1292 787 ἄρχουσιν
1319 734 1363 775 ἐν
1392 734 1627 791 Βυζαντίῳ.

224 820 257 855 D
358 791 455 849 *5⁷12
515 793 684 838 Τούτων
726 797 772 838 δὲ
799 800 1118 852 πραττομένων,
1149 799 1393 852 αὐτομάτως
1422 798 1494 840 καί
1524 798 1550 854 ἦ
1578 802 1702 852 βασι-ι

267 860 331 908 λίς
370 860 572 902 διετίθετο
601 864 736 911 κακῶς
775 860 876 918 πρὸς
904 863 1194 918 πατριάρχην,
1245 864 1375 906 καίτοι
1413 862 1525 920 παρὰ
1570 865 1754 906 πάνταιο

265 923 339 967 τόν
376 927 452 967 τοῦ
490 930 672 979 πολέμου
715 928 869 984 χρόνον
918 928 1071 984 πολλὴν
1094 929 1170 984 τήν
1199 926 1413 984 εὐμένειαν
1439 931 1701 985 παρεχομένη

269 994 343 1032 καί
369 992 447 1047 τὴν
491 989 650 1048 ῥοπὴν,
685 994 742 1044 ὥς
772 989 951 1050 ἄρχοντα
980 994 1194 1049 ἄρχόντων
1221 993 1340 1038 εἶναι.
1396 997 1506 1038 αἰτία
1548 997 1594 1038 δὲ
1627 989 1701 1049 ἦν,

267 1052 332 1097 ὅτι
358 1056 462 1109 μετὰ
490 1057 535 1100 τό
567 1061 809 1115 κεκινῆσθαι
840 1059 910 1103 τὸν
937 1060 1113 1119 πόλεμον
1152 1060 1285 1111 εῦθυς
1323 1062 1538 1118 φθονερῶς
1571 1058 1597 1102 ,ὃ
1621 1077 1704 1102 πα-

266 1121 468 1178 τριάρχης
508 1122 619 1177 ἔχων
659 1125 766 1179 πρὸς
803 1129 1052 1180 Παλαμᾶν,
1090 1124 1157 1171 οἷα
1186 1126 1248 1184 δὴ
1290 1127 1574 1176 ὑπωπτευκώς
1603 1128 1703 1183 ἐφε-

267 1187 434 1242 δρεύειν
470 1185 588 1247 αὐτῷ
629 1190 731 1247 πρὸς
769 1191 846 1246 τήν
885 1194 1099 1247 καθέδραν
1135 1193 1208 1248 τὴν
1247 1191 1451 1248 ἀρχικὴν,
1496 1192 1759 1247 ἐπεχείρειιὸ

267 1259 524 1309 κακουργεῖν.
576 1255 650 1297 καί
688 1258 832 1312 πρῶτα
866 1260 944 1309 μὲν
981 1256 1144 1299 ἐκέλευε
1185 1261 1356 1312 βασιλεῖ’
1375 1261 1431 1314 τῷ
1458 1261 1703 1300 Καντακου-

269 1320 377 1376 ζηνῷ
404 1324 684 1375 συμπολεμεῖν
725 1322 797 1365 καί
834 1321 938 1379 πρὸς
974 1321 1049 1372 τοὶς
1088 1324 1345 1377 ἐπιτιμήσεις
1370 1322 1442 1364 καί
1468 1321 1567 1371 τοῦς
1595 1323 1703 1377 α’φο·

270 1383 447 1439 ρισμοὺς
476 1395 774 1440 συγκοινωνεῖν.
829 1390 886 1438 ὥς
915 1391 954 1431 δ’
971 1391 1173 1431 ἀπείπατο
1202 1390 1353 1436 ἐκεῖνος
1381 1389 1574 1444 φανερῶς
1601 1386 1706 1442 πρὸς

269 1447 345 1504 τὴν
371 1453 451 1492 τῶν
479 1451 647 1494 α’τόπων
688 1457 926 1510 κοινωνίαν,
969 1453 1171 1508 συνιδών,
1218 1452 1274 1503 ὥς
1307 1454 1431 1495 οὐδὲν
1474 1449 1526 1495 ἂν
1550 1454 1705 1494 ἐκεῖνον

146 1517 260 1563 Ρ-693
271 1514 469 1568 βλάπτειν
497 1515 666 1559 δυ’ναιτο
693 1520 872 1574 δημόσια
916 1519 1151 1575 ἐγκλήματα
1183 1520 1384 1575 ἐπίσημον
1412 1514 1508 1560 ὄντα
1536 1519 1589 1559 δι’
1608 1519 1764 1574 α’ρε-αο

270 1579 343 1635 τὴν
373 1584 444 1623 καί
484 1586 760 1640 φιλοσοφίαν,
802 1586 1046 1639 δυσσεβείας
1081 1588 1225 1628 ἐδίωκε
1261 1584 1520 1639 μεταβαλών.
1574 1578 1705 1627 Ἀκιν-

274 1647 381 1703 δυνῳ
422 1644 498 1702 γάρ
543 1664 623 1689 τινι
658 1654 830 1708 μοναχῷ
861 1650 968 1704 μετὰ
1004 1650 1049 1694 τὸ
1081 1652 1293 1707 Βαρλαὰμ
1322 1649 1505 1699 ἁπάσαις
1543 1650 1707 1691 ἁλῶναι

274 1709 463 1767 ψήφοις,
517 1714 683 1756 ἐναντία
725 1722 812 1765 τοῖς
858 1716 990 1771 ἁγίοις
1030 1720 1103 1759 καί
1126 1718 1319 1771 ’λέγοντα
1351 1716 1423 1758 καί
1473 1718 1707 1772 φρονοῦντα

275 1777 374 1832 περὶ
402 1780 476 1832 τῆς
505 1777 636 1836 ὀρθῆς
677 1782 856 1831 πίστεως
894 1785 967 1825 καί
996 1783 1163 1838 ὑγιοῦς,
1207 1778 1336 1831 αὖθις
1376 1780 1427 1824 τοὶ
1456 1782 1613 1823 ἐκείνου
1642 1782 1706 1822 έκ-

279 1899 391 1944 Quod
413 1901 645 1937 Phaceolatus
667 1903 812 1938 divinae
835 1906 1086 1949 providentiae
1111 1906 1299 1939 artificium
1319 1904 1589 1949 interpretatus,
1609 1902 1709 1936 velut

281 1948 361 1992 ipso
396 1948 585 1984 adiutante
618 1951 779 1991 numine,
805 1952 851 1984 ad
889 1964 978 1998 opus
1014 1952 1273 1986 conficiendum
1309 1951 1419 1985 fiebat
1442 1951 1601 1983 alacrior.
1649 1948 1709 1980 Sic

281 1993 566 2040 Microcephalus
590 1997 636 2029 ad
673 1998 927 2043 imperatorem
960 1999 1118 2034 iucunde
1143 2000 1324 2043 profectus
1367 1996 1570 2032 Phaceoiati
1602 2005 1706 2028 man-

282 2041 368 2074 data
392 2044 511 2076 omnia
535 2044 682 2088 peregit.
722 2046 924 2089 Imperator
946 2046 1109 2080 condicta
1133 2047 1212 2087 die,
1237 2056 1308 2091 qua
1331 2043 1378 2077 ad
1401 2054 1543 2076 auream
1567 2046 1709 2086 Ρθῐῐωτι

282 2093 391 2121 noctu
419 2089 573 2131 adesset,
598 2090 699 2135 (inde
724 2095 820 2126 enim
846 2094 962 2127 facilis
987 2094 1165 2137 ingressus
1187 2090 1404 2136 videbatur‚)
1422 2088 1709 2134 Adriauopolim,

283 2146 330 2168 ne
356 2147 464 2180 quam
488 2139 728 2182 suspicionem
753 2140 984 2174 archontibus
1009 2146 1192 2181 moveret,
1215 2139 1403 2174 concessit.

376 2185 431 2225 98.
480 2184 622 2217 Interea
656 2186 762 2218 etiam
800 2186 1010 2232 imperatrix
1044 2184 1109 2220 sua
1143 2191 1270 2231 sponte
1307 2184 1352 2218 de
1386 2182 1588 2228 patriarcha
1617 2181 1710 2215 male

287 2228 421 2263 sentire
453 2231 595 2275 coepit,
630 2234 697 2265 etsi
732 2233 820 2267 belli
850 2240 1011 2279 tempore
1046 2233 1218 2277 singulari
1242 2242 1323 2265 eum
1349 2229 1470 2263 studio
1496 2234 1533 2262 et
1555 2229 1710 2262 inclina—

287 2275 389 2308 tione
413 2277 524 2310 animi
548 2278 704 2319 fecerat,
730 2285 769 2312 ut
800 2280 1011 2314 archontum
1033 2281 1198 2324 princeps
1220 2284 1324 2312 esset.
1363 2278 1480 2311 Causa
1513 2275 1600 2308 haec
1623 2279 1710 2329 era-t,

288 2321 402 2366 quod,
429 2324 538 2357 simul
561 2323 697 2358 benum
721 2332 815 2360 esset
841 2333 978 2368 natum,
1001 2327 1174 2359 Palamam
1200 2325 1270 2358 sibi
1296 2323 1342 2358 ob
1371 2322 1572 2358 cathedram
1596 2327 1711 2367 patri-

290 2368 470 2403 archalem
494 2371 659 2404 insidiari
683 2374 936 2418 suspicatus,ei
957 2384 1000 2407 ex
1024 2372 1161 2406 invidia
1186 2381 1315 2405 nocere
1339 2371 1593 2404 contendisset.
1620 2368 1711 2422 Nam
1729 2377 1739 2391 ·

290 2416 448 2459 primum
486 2418 654 2462 quidem,
688 2426 729 2453 ut
765 2420 1047 2453 Cantacuzenum
1083 2430 1152 2451 una
1178 2422 1454 2464 persequeretur
1481 2423 1518 2451 et
1543 2415 1588 2449 ad
1611 2416 1712 2448 illius

289 2466 696 2498 excommunicationem
728 2467 973 2508 assentiretur,
990 2465 1209 2510 postulabat.
1266 2465 1315 2498 Eo
1349 2471 1423 2498 tam
1450 2463 1624 2503 nefariam
1653 2471 1714 2514 as-

288 2510 492 2544 sensionem
517 2514 875 2558 communionemque
898 2513 1125 2558 repudiante,
1149 2511 1369 2557 perspiciens
1391 2510 1469 2551 iile,
1493 2511 1612 2544 virum?
1637 2517 1712 2542 vu·-

290 2561 368 2589 tute
402 2562 438 2590 et
469 2559 645 2602 sapientia
670 2561 903 2604 conspicuum
927 2559 1022 2593 nihil
1048 2559 1187 2593 laesura
1215 2558 1365 2592 crimina
1390 2557 1550 2601 publica,
1574 2559 1712 2588 mutata

290 2603 451 2644 ratione,
481 2606 678 2650 impietatis
714 2608 748 2640 ei
780 2608 895 2640 dicam
925 2607 1076 2651 scripsit.
1125 2605 1311 2648 Acindyno
1342 2605 1437 2638 enim
1462 2604 1602 2637 cuidam
1633 2611 1711 2634 mo-

290 2651 425 2690 nacho,
458 2658 647 2697 postquam
684 2655 887 2688 Barlaamus
918 2653 1086 2686 omnibus
1119 2652 1266 2685 calculis
1309 2657 1510 2685 sanctorum
1544 2649 1642 2683 scitis
1667 2647 1710 2679 de

290 2703 385 2733 recta
411 2702 447 2731 et
471 2710 554 2732 sana
581 2699 649 2733 fide
675 2701 870 2746 pugnantia
896 2699 1025 2734 docere
1057 2704 1093 2734 et
1115 2710 1238 2743 sapere
1263 2699 1444 2732 convictus
1468 2702 1539 2737 est,
1573 2704 1711 2728 rursum

291 2746 388 2781 illius
416 2757 553 2780 causam
580 2747 618 2780 in
652 2747 827 2782 iudiciuin
863 2746 1056 2782 adduc-enti
1096 2745 1360 2794 assirmantique
1396 2745 1529 2779 iniuria
1565 2742 1711 2776 ‹lamna-
