1812 3132
546 195 925 239 HISTOmARUM
966 198 1038 238 ΙΙΙ.
1070 201 1137 245 17.
1446 195 1502 231 1'1
1523 196 1542 231 1

103 298 280 357 περιιών
307 299 545 354 ἐμηχανᾶτο
573 300 756 350 πείθειν,
795 296 934 353 ψεύδη
968 301 1170 353 συνείρων
1197 297 1270 339 καῖ
1295 299 1549 353 συκοφαντί-
1561 299 1643 334 A·C·
1659 301 1740 346 ¹34·

104 382 171 415 ας.
225 363 297 406 καὶ
319 365 477 419 ’πρῶτα
508 366 587 416 μὲν
614 362 721 418 πρὸς
762 362 834 405 τὸν
864 363 1045 419 Ἀσάνην
1082 362 1348 419 Ἀνδρόνικον
1390 361 1551 416 ἐλθών,

103 428 151 480 ὃς
191 425 245 486 ἦν
284 427 451 488 μεγάλῳ
495 430 724 487 δομεστίκῳ
758 428 982 484 κηδεστὴς,
1020 431 1065 479 ἐξ
1101 424 1158 471 ὧν
1185 427 1368 482 μάλιστα
1395 431 1554 470 πείσειν

101 491 224 554 ᾤετο,
262 496 480 550 ἐπεχείρει.
535 490 655 544 οὗτος
685 493 766 550 γάρ
799 493 850 549 δὴ
878 493 1060 550 Ἀσάνης
1098 492 1202 550 πρὸς
1245 492 1318 536 τὸν
1363 493 1552 549 γαμβρὸν

75 558 226 619 5ὄλίγῳ
254 558 453 616 πρότερον
479 558 644 615 ἐλθών,
685 562 819 603 ἐδεῖτο
847 559 906 614 μὴ
936 562 1137 617 περιορᾷν
1169 557 1328 614 αὖτὸν,
1369 561 1552 613 ἀβίωτον

101 626 286 679 οἰόμενον
314 623 388 667 τὸν
414 627 506 679 βίον
535 625 605 667 διά
641 626 686 668 τὸ
716 624 819 674 τούς
836 627 991 675 παῖδας
1014 625 1210 681 Ἰωάννην
1226 628 1300 668 καί
1318 624 1550 680 ΙΠανουὴλ,

99 693 165 734 ἐπ’
191 690 324 734 ἔτεσιν
347 693 391 742 ἓξ
430 689 510 747 ἤδη
538 690 623 733 ὑπὸ
653 694 858 745 βασιλέως
887 694 932 734 ἐν
961 693 1230 749 δεσμωτηρίῳ
1262 693 1528 747 εἰργομένους
1537 700 1594 744 ,D

100 754 310 799 δεινότατα
331 755 508 812 πάσχειν
535 756 610 800 καί
636 758 764 800 οῦδὲν
801 754 958 811 άμείνω
979 759 1062 800 τῶν
1091 760 1136 800 ἐν
1166 756 1273 814 ᾅδου
1304 755 1551 812 διαγόντων.

81 822 195 871 ,ἀλλ’
229 820 412 865 άπιόντα
451 822 558 879 πρὸς
595 822 673 878 τὴν
716 820 927 879 ἑσπέραν,
975 823 1068 866 ἐπεὶ
1106 822 1175 865 διά
1215 823 1364 879 Βήρας
1394 821 1550 878 α’νάγκη

51 889 256 930 Ιοδιιέναι
276 920 288 941 ,
327 887 431 930 ἔνθα
461 893 762 943 κατεκλείοντο,
802 893 878 932 τοῦ
909 890 1200 945 δεσμωτηρίου
1238 892 1451 944 ἐξαγαγεῖν
1479 888 1553 930 καὶ

97 953 204 1009 πρὸς
231 952 307 1009 τὴν
333 956 556 1009 στρατείαν
587 957 779 1011 χρῆσθαι
807 949 963 1010 ἄγοντα
990 957 1091 1008 μεθ’
1118 953 1275 997 ἑαυτοῦ
1292 989 1304 1008 ,
1349 953 1547 1008 οὐδενὸς,

97 1013 157 1061 ὧν
183 1015 303 1074 ἄγει,
331 1019 438 1076 πρὸς
465 1020 610 1075 μάχας
637 1022 711 1063 καί
737 1022 962 1077 στρατείας
990 1015 1112 1072 ὄντας
1139 1023 1417 1077 α’τιμοτέρους
1440 1023 1549 1076 χρῆ-

96 1088 214 1128 σθαι.
243 1083 264 1127 ὅ
298 1089 429 1142 μέγας
457 1089 504 1129 δὲ
534 1088 797 1140 δομέστικος,
829 1089 904 1128 οὐκ
932 1087 1151 1142 ἀρέσκειν,
1181 1085 1392 1143 ’.ξ’φασκεν,
1418 1083 1549 1143 ἀὐτῷ’

96 1149 256 1207 ταύτην
281 1151 357 1207 την
383 1151 554 1207 βουλήν.
614 1152 663 1194 οὗ
691 1152 773 1208 γὰρ
803 1155 887 1195 τῶν
917 1153 1132 1206 τυχόντων
1161 1149 1268 1194 εἶναι
1294 1151 1391 1202 τούς
1409 1150 1546 1204 υἱούς,

46 1212 188 1259 ιόοὕὸ”
217 1216 289 1260 ἐπὶ
315 1224 481 1273 μικροῖς
498 1235 582 1260 τισι
603 1221 934 1273 κατακριθ·ἐντας
950 1253 963 1271 ,
994 1216 1089 1262 ὥστ’
1106 1253 1119 1272 ,
1148 1221 1188 1261 εἰ
1215 1221 1417 1274 α’φεθεῖεν
1446 1221 1546 1273 παρ’

95 1285 228 1325 αὐτοῦ
242 1316 254 1337 ,
297 1283 508 1339 μηδεμίαν
532 1287 723 1339 ταραχῆς
751 1282 969 1340 πρόφασιν
996 1286 1199 1341 παρέχειν
1226 1286 1428 1338 βασιλίδι.
1457 1285 1546 1325 ἀλλ’

94 1347 182 1391 ἔδει
227 1347 424 1406 πρότερον
461 1350 621 1405 ἐκείνην
651 1349 1056 1404 παρασκευάσαντας
1097 1349 1347 1406 συγγνώμην
1377 1350 1548 1398 ἐκείνοις

94 1417 423 1470 παρασχέσθαι,
470 1414 601 1465 οὕτως
646 1418 807 1470 ἐξάγειν
848 1419 925 1458 τοῦ
964 1419 1264 1472 δεσμωτηρίου.
1322 1418 1399 1458 νῦν
1440 1418 1481 1458 δ’
1508 1417 1675 1465 §BP-405

95 1483 220 1523 τοῦτο
249 1479 460 1536 πράξομεν
496 1483 640 1536 αὐτοὶ,
681 1481 738 1538 μὴ
783 1481 988 1538 πρότερον
1024 1485 1182 1538 ἐκείνης
1222 1480 1544 1538 ἐπιτρεπούσης,

43 1544 204 1595 2022de-
232 1543 363 1601 αὐτήν
389 1563 435 1588 τε
463 1551 714 1602 λογίσασθαι
741 1551 814 1590 καί
849 1549 948 1599 τούς
986 1546 1255 1605 συκοφάντας
1293 1547 1546 1604 προφάσεως

95 1611 144 1653 οὗ
170 1613 244 1667 τῆς
269 1613 476 1667 τυχούσης
503 1609 735 1668 εὐπορῆσαι
752 1648 764 1666 ,
810 1614 866 1664 ὡς
894 1611 979 1670 ἤδη
1009 1618 1150 1656 πᾶσαν
1186 1616 1320 1669 αιῖτῆς
1349 1615 1545 1669 παρειλό-

92 1679 207 1730 μεθα
238 1676 479 1731 διαβάλλειν
521 1677 596 1733 τὴν
626 1678 764 1734 α’ρχὴν
791 1679 865 1721 καί
907 1683 998 1722 κατ’
1026 1683 1218 1732 ἐξουσίαν
1246 1679 1319 1721 καί
1346 1679 1398 1722 τά
1427 1680 1545 1734 μέγι-

94 1758 171 1784 στα
201 1743 457 1797 διοικοῦμεν,
498 1745 606 1799 μηδὲ
647 1745 771 1799 λόγου
804 1747 906 1799 γοῦν
934 1745 1068 1800 αὐτήν
1094 1762 1203 1795 τινος
1234 1745 1459 1796 ἀξιοῦντες.
1515 1745 1545 1787 ἃ

93 1921 203 1944 cuens
223 1934 233 1950 ,
264 1910 303 1942 in
333 1909 494 1943 eamdem
518 1916 676 1944 mentem
708 1911 848 1945 illicere
882 1911 1138 1946 contendebat.
1187 1913 1238 1946 Ac
1273 1915 1426 1959 primum
1457 1917 1539 1960 qui-

93 1956 176 1990 dem
215 1956 460 1990 Andronicum
498 1957 652 1990 Asanem
688 1960 808 2002 magni
844 1958 1036 1993 domestici
1070 1971 1257 2000 socerum,
1301 1964 1540 2005 argumentis,

93 2003 228 2048 quibus
259 2014 341 2037 eum
368 2003 597 2048 potissimum
624 2010 909 2050 expugnaturum
934 2005 1162 2047 confidebat,
1207 2008 1423 2051 aggreditur.
1471 2009 1541 2042 Hic

94 2059 252 2095 namque
276 2050 412 2083 Asanes
434 2049 480 2082 ad
505 2061 675 2095 generum
700 2052 810 2096 paulo
838 2058 922 2085 ante
950 2058 1100 2086 venerat
1122 2058 1160 2086 et
1197 2059 1239 2085 ut
1265 2054 1320 2086 sui
1346 2056 1538 2088 miserere-

93 2100 175 2135 tur,
229 2096 499 2138 obsecraverat,
551 2099 663 2130 vitam
695 2099 846 2131 minime
882 2099 1030 2132 vitalem
1075 2099 1231 2133 viventis
1268 2100 1315 2132 ob
1363 2102 1535 2135 loannem

93 2148 132 2176 et
159 2142 366 2176 manuelem
400 2143 519 2182 filios,
548 2155 680 2177 annum
713 2147 784 2178 iam
825 2151 966 2178 sextum
997 2146 1044 2179 ab
1074 2148 1311 2190 imperatore,
1351 2149 1538 2183 teterrimo

95 2189 426 2234 obscurissimeque
461 2200 621 2231 carcere,
658 2202 733 2224 non
758 2202 858 2224 secus
892 2197 1003 2238 atque
1037 2193 1134 2237 apud
1162 2194 1323 2234 inferos,
1359 2193 1538 2232 detentos,

93 2235 140 2269 Et
169 2246 250 2268 cum
290 2236 330 2269 in
375 2237 600 2270 occidentem
632 2239 945 2283 proficisceretur,
984 2240 1154 2285 quoniam
1194 2241 1300 2272 Ber-as
1334 2244 1537 2276 necessario

94 2283 311 2315 transiturus
338 2288 454 2322 esset,
488 2283 551 2316 ubi
584 2284 623 2316 in
653 2285 817 2318 custodia
847 2285 1099 2326 habebantur,
1135 2284 1308 2319 liberatos
1345 2289 1468 2320 secum‘
1497 2289 1537 2322 in

94 2328 264 2361 militiam
292 2328 507 2372 perduceret
530 2340 728 2375 eorumque
754 2342 864 2374 opera
891 2337 1066 2372 uteretur,
1095 2334 1158 2378 qui
1185 2332 1230 2366 de
1254 2333 1395 2376 agmine
1411 2335 1538 2379 ipsius,

94 2374 195 2421 quod
223 2374 269 2407 ad
301 2385 447 2408 manum
481 2378 739 2411 conserendam
775 2377 1011 2423 laboremque
1045 2379 1241 2412 militarem
1275 2381 1431 2421 attinet,
1468 2393 1536 2415 ne-

91 2421 182 2454 mini
209 2420 458 2456 concederent.
506 2423 657 2467 Magnus
682 2424 902 2458 domesticus
927 2425 998 2458 sibi
1023 2437 1098 2459 non
1135 2425 1282 2469 probari
1315 2425 1385 2460 hoc
1416 2429 1536 2461 consi-

91 2468 182 2501 lium
208 2467 416 2512 respondit:
442 2479 517 2503 non
541 2470 638 2503 enim
662 2481 740 2504 esse
768 2476 885 2505 terrae
910 2472 1018 2511 filios,
1044 2483 1111 2505 nec
1138 2473 1270 2505 levium
1298 2475 1536 2518 quorumdam

91 2515 285 2548 criminum
319 2513 596 2557 condemnatos,
629 2522 672 2551 ut
702 2517 734 2551 si
768 2516 814 2550 ab
848 2518 926 2562 ipso
970 2518 1223 2558 dimittantur,
1273 2530 1347 2554 non
1391 2521 1534 2567 aliquid

90 2561 276 2595 turbarum
305 2562 515 2605 imperatrix
542 2568 731 2608 expertura
763 2565 820 2598 sit.
871 2564 1084 2609 oportuisse
1109 2567 1208 2610 prius
1233 2577 1274 2599 ca
1306 2567 1446 2611 placata
1471 2580 1536 2602 ve-

91 2607 189 2640 niam
215 2607 303 2651 ipsis
328 2607 428 2648 dari,
469 2614 506 2642 et
537 2610 590 2642 sic
613 2609 757 2644 demum
781 2623 801 2644 e
827 2622 968 2645 carcere
992 2611 1109 2644 educi.
1156 2612 1261 2646 Nunc
1293 2613 1323 2646 si
1357 2612 1428 2648 hoc
1467 2626 1533 2647 nos

93 2653 182 2687 citra
208 2655 285 2687 eius
310 2654 519 2689 mandatum
543 2656 736 2698 faciamus,
773 2658 920 2703 inquit,
954 2658 1146 2703 probabile
1180 2665 1258 2699 est,
1292 2666 1329 2693 et
1354 2661 1452 2693 illam
1481 2662 1533 2694 ita

90 2701 388 2734 ratiocinatur-am
428 2707 467 2735 et
503 2703 757 2747 sycophantas,
776 2703 946 2738 idoneam
980 2707 1203 2739 occasionem
1239 2713 1388 2746 nactos,
1432 2708 1532 2740 calu-

90 2747 226 2780 mniam
251 2753 504 2787 contexturos,
529 2750 633 2794 quasi
658 2751 729 2783 iam
756 2761 863 2784 omne
889 2752 1081 2797 imperium
1104 2752 1138 2785 ei
1163 2751 1415 2791 ademerimus‚
1446 2753 1531 2787 dum

89 2794 244 2828 mxima
265 2805 331 2840 per
359 2795 544 2830 licentiam
568 2795 794 2832 decernimus
810 2803 847 2832 et
870 2808 939 2831 nec
961 2797 1071 2835 verbo
1099 2810 1172 2834 uno
1196 2801 1313 2846 ipsam
1330 2800 1529 2845 dignamur.
