1800 3132
279 156 386 213 362
805 175 1177 242 CANTAcnzffir

79 285 160 320 Ac⁴
177 288 259 332 ,343
274 278 583 331 εἰργασμένους.
642 275 817 333 Κράλης
845 279 891 319 δὲ
919 273 1035 321 οἷῖπω
1056 280 1248 335 φανερῶς
1278 279 1582 336 ἐξενηνεγμένος
1602 282 1710 339 πρὸς

219 391 223 396 ι
271 340 345 384 τὸν
383 340 580 395 πόλεμον,
625 344 761 384 θέλων
796 344 972 396 βασιλέα
1014 342 1288 399 θεραπεύειν,
1329 348 1420 388 ἐπεὶ
1443 346 1503 402 μή
1536 347 1606 389 διὰ
1637 351 1712 403 τῆς

144 744 207 779 Ρ.5

211 757 249 779 0!

270 409 494 462 ἐπιβουλῆς
533 409 733 462 ἐξεγένετο
784 410 1069 465 διαφθείρειν,
1117 412 1342 466 Μποζίκην
1385 414 1458 454 καί
1497 417 1732 470 Στέφανον
1763 439 1766 441 -

269 470 366 521 τούς
395 473 649 527 ἡγουμένους
676 474 749 528 τῆς
775 476 975 529 στρατιᾶς
1003 474 1157 528 ἔπεμπε
1190 474 1296 531 πρὸς
1325 480 1500 530 βασιλέα
1517 510 1529 531 ,
1560 478 1617 527 ὥς
1645 480 1709 520 δι’-

270 540 447 592 καςτῆς
476 538 772 594 ἀγνωμοσύνης
805 539 1036 592 δώσοντας,
1058 536 1121 581 ὅτι
1147 543 1315 594 βασιλεῖ
1337 544 1392 600 τῷ
1419 544 1541 600 φίλῳ,
1575 543 1734 585 ἀὕτοῦὅ

268 602 327 658 μὴ
369 601 624 659 συνειδότος,
661 609 910 658 πολεμοῖεν,
942 606 1016 647 καί
1042 608 1237 661 ἐπέτρεπε
1273 610 1441 660 βασιλεῖ
1461 607 1536 663 την
1563 611 1710 664 ψῆφον

268 667 341 722 την
383 670 471 711 κατ’
516 669 678 722 αὐτῶν,
723 667 779 720 ὥς
818 672 989 719 δικαίως
1031 675 1114 713 πᾶν
1146 670 1284 714 ὁτιοῦν
1310 677 1708 730 καταψηφισομένῳ.

267 733 465 787 βασιλεὺς
493 736 540 776 δὲ
571 731 714 785 αὐτοῖς
741 734 814 790 τὴν
845 734 1146 791 α’γνωμοσύνην
1175 737 1383 786 ὀνειδίσας
1411 738 1484 780 καί
1525 739 1583 787 ὥς
1610 734 1707 780 ἅδι-

267 797 320 841 κοί
359 815 403 842 τε
442 798 553 853 ὁμοῦ
589 803 663 843 καί
699 798 850 851 ἀνάξια
888 803 961 856 τῆς
989 800 1142 857 Κροίλη
1174 800 1280 857 πρὸς
1309 801 1436 845 αὐτὸν
1461 802 1709 859 τολμήσαιεν

268 868 431 922 φιλίας,
459 864 604 907 ἔπειτα
632 865 875 922 συγγνώμην
902 883 946 909 τε
977 870 1196 922 παρείχετο
1215 866 1286 909 καί
1305 868 1495 920 α’πέλυεν,
1524 865 1572 909 εὖ
1589 866 1763 922 notri-ro

265 949 359 981 σας.
416 931 682 981 ’Λπόκαυκος
710 935 756 974 δὲ
784 932 806 973 ὁ
834 935 964 986 μέγας
993 931 1105 985 δούξ,
1135 932 1227 975 ἐπεὶ
1251 936 1327 987 τῆς
1351 932 1492 989 μα’χης
1519 950 1564 976 τε
1591 932 1709 975 ὖστέ-

265 1012 331 1050 ρει
359 999 433 1038 καί
462 995 566 1052 πρὸς
594 994 806 1053 Βέῤῥοιαν
834 999 971 1040 ἐλθεῖν
998 997 1070 1039 ἐπὶ
1084 999 1260 1052 βασιλέα
1275 995 1326 1054 ἦν
1346 995 1558 1052 ἀδύνατος,
1589 998 1709 1055 Κροί-

265 1066 340 1116 λην
368 1064 462 1115 μὲν,
491 1061 620 1104 πολλοὶ
649 1062 700 1105 τὰ
730 1065 808 1116 μὲν
835 1063 1006 1116 πέμπων
1035 1065 1165 1118 δῶρα,
1194 1062 1247 1106 τὰ
1278 1066 1324 1106 δὲ
1351 1062 1703 1119 ὑπισχνούμενος,

264 1129 517 1181 ἐκπολεμοῦν
544 1129 684 1186 ἐκεινῳ
715 1130 945 1185 ἐπεχείρει,
973 1129 1046 1170 καί
1069 1128 1228 1171 οἴκοθεν
1252 1124 1330 1185 ἤδη
1362 1129 1468 1185 πρὸς
1486 1132 1605 1172 τοῦτο
1623 1129 1704 1186 ὦρ-

262 1195 472 1247 μημένον·
547 1193 652 1249 πρὸς
678 1194 855 1246 βασιλέα
889 1195 936 1236 δὲ
965 1192 1202 1249 Συναδηνόν
1228 1211 1321 1237 τινα
1353 1197 1524 1249 πέμψας
1551 1190 1753 1249 ὅνομα,ι5

263 1254 402 1313 ὅρκοις
429 1264 512 1307 τοῖς
540 1258 893 1314 φρικωδεστάτοις
913 1260 1213 1312 διεβεβαιοῦτο,
1242 1262 1453 1315 μηδεμίαν
1468 1259 1582 1314 ἔχειν
1603 1261 1704 1316 πρὸς

262 1321 396 1365 αὐτὸν
419 1324 668 1377 ἀπέχθειαν,
696 1325 803 1379 μηδὲ
834 1320 913 1376 ὅ,τι
938 1325 1058 1380 φέρει
1087 1323 1192 1380 πρὸς
1229 1323 1360 1368 αὐτὸν
1397 1324 1564 1381 φθορὰν
1600 1324 1704 1381 μήτε

227 1386 519 1441 Ββούλεσθαι,
559 1388 665 1444 μήτε
708 1391 842 1444 ζητεῖν
868 1389 914 1430 ὲκ
940 1387 1094 1444 τρόπου
1133 1388 1297 1442 παντὸς,
1336 1390 1442 1431 ἀλλὰ
1475 1392 1588 1448 φορᾷ
1622 1404 1706 1433 τινι

261 1456 341 1495 τῶν
370 1454 625 1509 πραγμάτων
662 1456 736 1495 καί
773 1452 900 1495 αὕτὸν
939 1457 1237 1508 συνενεχθῆναι
1271 1453 1378 1509 πρὸς
1404 1452 1476 1496 τὸν
1506 1455 1701 1508 πόλεμον.

256 1522 342 1561 τῶν
378 1519 634 1573 πραγμάτων
664 1521 709 1560 δὲ
743 1522 805 1568 εἰς
832 1521 953 1560 τοῦτο
992 1520 1067 1562 νῦν
1105 1517 1312 1574 ἡκόντων,
1346 1523 1500 1573 μαθεῖν
1541 1521 1758 1565 &steiano

257 1581 338 1636 ὅ,τι
364 1582 554 1637 βούλοιτο
581 1585 681 1639 περὶ
705 1582 882 1637 ἑαυτοῦ,
924 1580 951 1638 ἢ
979 1582 1083 1640 πρὸς
1113 1581 1197 1639 ῧ,τι
1223 1586 1450 1640 τρέπεσθαι
1478 1587 1699 1639 ἐσκέψατο.

255 1648 456 1703 βασιλεὺς
485 1650 532 1690 δὲ
562 1649 692 1691 αὐτὸν
718 1651 791 1704 τῆς
822 1650 1039 1699 ἀναιδείας
1059 1651 1288 1705 ἐκπλαγεῖς,
1312 1649 1506 1706 τοιαύτην
1521 1652 1703 1694 ἐποιεῖτο

254 1714 328 1768 την
366 1715 594 1769 ἀπολογίαν
630 1714 735 1770 πρὸς
770 1714 869 1764 τούς
892 1713 1050 1770 λόγους.
1079 1714 1154 1769 ,,τὸ
1184 1717 1262 1768 μὲν
1289 1712 1445 1772 ὅρκοις,
1497 1711 1535 1757 οῗ
1563 1733 1702 1773 παρα-

348 1828 380 1860 7.
408 1816 748 1861 καταψηφιζομένῳ
772 1814 809 1849 Ρ.
881 1825 937 1849 22.
963 1814 1167 1857 ἐποιήσατο
1190 1815 1239 1848 Μ.

253 1894 415 1928 nondum
441 1900 566 1941 aperte
591 1894 729 1929 bellum
755 1905 941 1941 capessens
966 1894 1292 1942 imperatoremque
1315 1896 1440 1942 aliquo
1477 1896 1597 1930 officio
1621 1897 1693 1931 sibi

254 1941 415 1985 obligare
441 1942 587 1982 volens,
613 1941 913 1988 quandoquidem
941 1941 1096 1975 insidiae
1113 1966 1123 1982 ,
1148 1942 1280 1988 quibus
1303 1943 1408 1975 illum
1434 1943 1589 1988 perdere
1614 1955 1695 1977 mo-

253 1988 433 2028 liebatur,
466 2000 540 2022 nou
571 1994 843 2034 processerant,
881 1988 1034 2023 Bozicen
1070 1994 1107 2022 et
1139 1988 1359 2033 Stephanum
1397 1989 1532 2030 duces,
1557 2000 1701 2033 poenas

251 2035 522 2079 improbitatis,
563 2035 663 2080 quod
695 2035 866 2069 nimirum
902 2046 940 2068 se
971 2035 1158 2068 nesciente
1195 2045 1276 2068 cum
1309 2036 1425 2069 amico
1457 2048 1523 2069 suo
1556 2036 1695 2070 bellum

252 2087 420 2127 gererent
438 2106 448 2122 ,
484 2082 639 2115 luituros
675 2082 720 2114 ad
743 2093 824 2115 eum
849 2081 1070 2122 transmisit,
1102 2080 1334 2126 permittens,
1360 2087 1400 2114 ut
1426 2093 1533 2127 quam
1559 2082 1694 2116 liberet

253 2128 424 2173 supplicii
459 2129 677 2162 senteutiam
711 2129 750 2162 in
783 2138 843 2162 eos
885 2128 1160 2173 pronuntiaret:
1206 2138 1280 2161 non
1315 2129 1411 2161 euim
1445 2140 1571 2172 posse,
1620 2129 1692 2163 nisi

253 2178 386 2208 iustam
432 2176 681 2219 pronuntiare.
737 2174 880 2220 Quibus
926 2175 1121 2219 imperator
1152 2174 1266 2207 scelus
1301 2174 1546 2218 exprobrans,
1591 2174 1692 2220 quod
1735 2209 1737 2214 .

253 2222 391 2255 nefaria
425 2227 462 2255 et
497 2219 612 2255 Cralis
645 2231 727 2264 erga
764 2233 802 2254 se
843 2221 1002 2254 amicitia
1031 2219 1180 2264 indigna
1214 2226 1509 2265 perpetrassent,
1548 2222 1691 2255 veniam

254 2268 357 2301 dedit
387 2273 497 2312 atque
528 2268 580 2300 ita
616 2267 794 2301 laudabili
831 2267 925 2301 facto
957 2267 1083 2300 missos
1116 2266 1213 2300 fecit.
1271 2267 1505 2311 Apocauchus
1541 2278 1692 2311 magnus

253 2315 350 2354 dux,
387 2314 451 2347 ubi
483 2324 603 2359 pugna
638 2314 829 2347 frustratus
866 2319 920 2347 est
953 2320 989 2347 et
1012 2312 1225 2347 Berrhoeam
1251 2313 1506 2358 imperatorem
1531 2314 1688 2347 infestus

253 2360 358 2405 sequi
398 2371 473 2394 nou
513 2360 657 2405 potuit,
696 2360 839 2395 Cralem
877 2361 989 2393 multa
1030 2370 1178 2392 munera
1210 2362 1342 2404 partim
1379 2360 1523 2400 dando,
1561 2360 1690 2404 partim

251 2406 461 2451 pollicendo
502 2407 670 2440 adversus
707 2417 789 2440 eum
833 2407 987 2446 irritare,
1032 2407 1105 2439 iam
1147 2416 1210 2438 sua
1243 2411 1371 2450 sponte
1408 2418 1450 2440 eo
1484 2406 1687 2446 incitatum,

252 2453 412 2487 studuit:
439 2464 519 2487 cum
544 2454 690 2487 inter-im
715 2452 944 2497 Synadenum
970 2451 1161 2498 quemdam
1185 2453 1332 2486 nomine
1360 2453 1404 2487 ad
1431 2454 1684 2497 imperatorem

252 2499 389 2542 legaret
421 2500 683 2545 tremendoque
709 2504 927 2533 sacramento
953 2498 1194 2537 confirmaret,
1230 2500 1369 2532 nullum
1394 2510 1432 2532 se
1457 2500 1534 2533 eius
1563 2499 1688 2532 odium

254 2547 471 2589 concepisse,
497 2557 563 2579 nec
587 2545 679 2580 ferre
705 2546 762 2579 illi
785 2546 1002 2590 perniciem,
1026 2555 1092 2578 nec
1117 2545 1208 2577 velle
1235 2547 1348 2586 istuc,
1383 2557 1449 2579 nec
1475 2545 1550 2578 ullo
1578 2545 1686 2578 modo

260 2601 433 2636 quaerere
450 2618 459 2633 ,
495 2593 558 2625 sed
593 2592 750 2638 quodam
782 2594 920 2636 impetu
945 2598 1052 2638 atque
1077 2597 1177 2624 aestu
1204 2604 1321 2624 rerum
1348 2593 1455 2625 simul
1483 2603 1520 2625 se
1548 2591 1594 2624 ad
1616 2590 1686 2624 hoc

258 2636 394 2670 bellum
421 2639 607 2683 abreptum
634 2650 721 2672 esse.
771 2639 867 2684 Quia
892 2650 974 2672 vero
1000 2649 1096 2671 nunc
1119 2638 1148 2670 is
1173 2643 1284 2671 status
1309 2639 1376 2678 sit,
1410 2649 1540 2682 cupere
1564 2648 1683 2678 nosse,

259 2683 349 2729 quid
381 2684 425 2716 de
462 2695 497 2717 se
531 2685 607 2728 ipse
644 2686 840 2718 constituat
869 2690 931 2718 aut
964 2695 1034 2729 quo
1060 2695 1097 2717 se
1121 2691 1326 2718 convertere
1354 2685 1560 2718 decreverit.
1611 2685 1684 2716 lm-

258 2735 402 2775 perator
433 2730 588 2764 hominis
621 2732 884 2776 impudentiam
920 2731 1193 2774 obstupescens,
1239 2733 1289 2764 sic
1325 2730 1521 2775 respondit.
1586 2731 1685 2762 lura-

259 2778 412 2818 mentis,
444 2776 623 2822 praefecte
658 2778 838 2819 cubiculi,
870 2778 961 2813 vene
1000 2777 1108 2810 fidem
1132 2778 1248 2811 facere
1274 2778 1313 2811 in
1338 2789 1376 2811 re
1401 2776 1587 2822 qualibet,
1612 2784 1686 2811 non
