1812 3132
300 172 404 237 164
470 167 472 169 ’
810 188 1178 231 CANTAGUZENI

99 297 178 332 ΔΕ.
200 291 361 342 ι34ιτὸν
389 287 493 334 υἱόν.
549 289 700 330 εἰδέναι
730 287 810 344 γὰρ
841 289 972 343 αὐτήν
1001 292 1246 345 σαφέστατα
1274 287 1347 343 τήν
1374 290 1527 330 ἐκείνου
1546 288 1722 343 γνώμην,

291 353 347 403 ὥς
387 352 490 408 πρὸς
532 352 578 393 τὸ
617 349 667 393 εὖ
704 358 836 395 ποιεῖν
864 357 1042 407 μᾶλλον,
1081 350 1108 408 ἢ
1138 352 1185 395 τό
1215 359 1457 407 κακουργεῖν
1483 350 1725 407 ἐπιῤῥεπής.

290 421 387 461 νυνὶ
419 420 465 460 δὲ
493 417 596 470 μετὰ
626 416 704 471 τήν
742 419 896 472 α’κριβῆ
932 418 1135 474 φρουρὰν,
1166 416 1215 472 ἢν
1242 417 1348 473 αὕτη
1379 423 1626 472 φρουρεῖται
1654 416 1724 457 ὑπ’

296 481 436 525 αὖτῶν
465 484 529 524 ἐπ’
560 483 700 523 ου’ὸενί
727 481 973 536 ἐγκλήματι,
1003 484 1072 524 καὶ
1099 481 1173 536 τήν
1201 480 1304 537 πρὸς
1331 481 1429 531 τούς
1453 484 1608 524 ἐκείνου
1628 482 1724 532 πρέ-

292 553 404 602 σβεις
444 545 567 601 ὕβριν
594 548 699 602 ὑπὲρ
728 549 800 601 τῆς
829 545 991 602 εἰρήνης
1025 548 1280 602 ἀφιγμένους
1306 549 1379 589 καί
1405 549 1623 600 δεομένους
1649 547 1754 588 κου-5

290 618 373 656 λεῖν
403 615 554 655 ἐκεῖνον
583 613 654 653 ἐπὶ
680 613 807 665 δίκην,
843 610 912 664 ὥς,
942 609 993 666 ἢν
1021 613 1245 664 ἁλίσκηται
1273 613 1489 667 ἐπιορκῶν,
1518 610 1571 653 τὰ
1602 611 1726 664 ἔσχα-

166 683 278 726 Ρ.435
296 696 346 720 τα
387 676 655 729 πεισόμενον,
697 676 787 718 τίνα
816 671 868 718 ἂν
898 680 1124 730 α’πολογιάν
1153 677 1326 729 ἀποδοίη
1353 678 1450 731 περὶ
1477 678 1560 717 ταῖν
1587 677 1726 732 ἐκεινῳ

291 744 600 798 πραττομένων,
631 740 688 790 ὥς
715 740 834 792 ὑμεῖς
863 757 998 796 φατε,
1025 743 1262 794 βασιλικαῖς,
1291 740 1374 794 εἴγε
1401 741 1473 781 καί
1500 742 1655 782 ἐκείνου
1674 739 1726 782 τὰ

292 805 522 862 γράμματα
552 804 615 860 εἴη
632 840 643 858 ,
686 806 769 847 εἴτε
799 806 872 860 μή.
928 809 1025 860 περὶ
1049 808 1126 858 μὲν
1153 802 1227 846 οὖν
1255 807 1336 846 τῶν
1365 803 1620 860 γραμμάτων
1646 803 1728 860 ἔφη

292 874 424 926 μηδὲν
464 872 800 926 ἀποκρινεῖσθαι·
873 872 1138 925 παραινέσειν
1167 871 1212 911 δὲ
1243 868 1293 911 τοὶ
1321 870 1539 923 βέλτιστα,
1578 870 1636 919 ὥς
1674 866 1782 910 ιῖνιο

292 938 403 992 αὐτῇ
432 938 596 989 δοκοίη,
637 934 722 989 εἴγε
760 935 985 977 πείθοιντο.
1037 938 1168 976 ταῦτα
1203 936 1249 976 δέ
1278 936 1388 976 ἐστι·
1446 933 1504 988 μή
1534 933 1607 976 τὸν
1637 932 1730 976 υἱὸν

294 1003 515 1058 περιορᾷν,
551 1002 648 1054 μηδ’
688 1001 744 1049 ὥς
782 998 944 1054 μεγάλα
978 1006 1255 1055 καταφρονεῖν
1291 998 1348 1055 μή
1378 1001 1624 1052 δυναμένου.
1680 998 1731 1040 οὔ

294 1066 375 1121 γὰρ
399 1066 599 1118 Ῥωμαῖοι
626 1064 700 1119 τήν
730 1067 887 1106 ἐκείνου
915 1062 1042 1117 μόνον
1071 1063 1246 1117 δύναμιν
1277 1063 1350 1106 καί
1374 1063 1540 1106 σύνεσιν
1559 1066 1633 1105 καί
1657 1065 1730 1116 ἑμ-

295 1132 485 1185 πειρίαν,
516 1129 622 1172 α’λλοὶ
651 1129 722 1171 καί
745 1129 973 1185 βαρβάρων
1003 1129 1041 1171 οἱ
1063 1129 1284 1182 Ῥωμαίων
1313 1132 1602 1188 κατῳκισμένοι
1631 1126 1734 1183 πόῤ-

297 1213 356 1275 ρω
389 1197 465 1236 ου’κ
505 1195 737 1248 αγνοοῦσιν.
804 1195 891 1236 ἀλλ’
921 1193 977 1243 ὥς
1004 1193 1178 1248 τάχιστα
1208 1197 1401 1250 πρέσβεις
1429 1197 1602 1247 πέμπειν
1628 1189 1786 1248 πρὸςῐὸ

294 1262 460 1313 ἐκεῖνον,
493 1262 536 1301 οἲ
559 1262 655 1314 περί
683 1258 845 1314 εἰρήνης
875 1261 1144 1309 διαλέξονται.
1206 1263 1357 1308 ἐκεῖιος
1396 1261 1443 1301 δὲ
1471 1260 1547 1300 οὐκ
1574 1257 1733 1314 απορή-

251 1335 278 1366 Β
295 1341 359 1367 σει
376 1357 388 1378 ,
429 1321 460 1381 ᾗ
486 1323 573 1380 χρή
600 1323 650 1365 τὰ
678 1326 946 1379 πεπραγμένα
974 1341 1045 1365 και
1074 1324 1208 1378 λόγοις
1237 1327 1309 1366 καί
1333 1323 1530 1378 πράξεσιν
1557 1325 1732 1378 ἐπανορ-

295 1393 511 1442 θοῧσθαι,
558 1406 595 1430 ει
635 1406 672 1431 τι
714 1391 949 1443 συμβέβηκε
980 1405 1046 1430 και
1080 1391 1162 1430 τῶν
1190 1384 1420 1430 δοκουντων
1447 1386 1640 1430 α’νιάτων.
1694 1389 1735 1430 εἰ

298 1456 336 1495 ‹5’
375 1471 460 1509 αρα
498 1448 633 1502 ἄλλως
670 1470 867 1508 εγνωκατε
899 1470 1038 1506 αυτοι,
1067 1452 1168 1506 υμῖν
1194 1451 1366 1508 μελήσει
1391 1454 1463 1494 καί
1486 1470 1539 1494 τα
1566 1451 1655 1494 ἴδια
1683 1468 1730 1493 ευ

298 1518 496 1561 τίθεσθαι
527 1520 599 1559 καί
626 1536 676 1560 τα
707 1518 860 1560 κοινά.”
917 1519 941 1572 ἡ
969 1520 1045 1570 μὲν
1076 1519 1151 1560 οὖν
1179 1520 1361 1580 μεγάλου
1389 1519 1627 1570 ὃομεστίκου
1655 1515 1788 1572 {HJ-2⁰

299 1600 375 1638 τηρ
408 1586 583 1624 τοιαῦτα
613 1584 858 1637 ἀπεκρίνατο
888 1582 990 1637 πρὸς
1013 1581 1086 1630 τοὶς
1107 1585 1365 1637 κατηγοριᾝας
1422 1581 1459 1623 οἱ
1478 1582 1737 1638 πεμφθέντες

303 1649 350 1689 ὃὲ
389 1645 498 1688 οὕτω
527 1648 641 1703 παρὰ
671 1649 886 1702 βασιλίδος
914 1651 1287 1702 προστεταγμένοι,
1323 1650 1395 1701 τῆς
1424 1649 1555 1695 οἰκιάς
1582 1645 1738 1700 ἐκείνην

302 1713 568 1766 ἐκβαλόντες,
594 1714 816 1766 βασιλείων
845 1708 996 1768 ἤγαγον
1023 1712 1134 1762 ἐντὸς
1165 1714 1237 1755 καί
1263 1709 1401 1768 εἶρξαν
1428 1715 1478 1769 τῇ
1506 1711 1620 1767 παρὰ
1641 1707 1737 1754 Ἀν-

404 1834 455 1867 ι7.
480 1822 606 1868 ἔργοις
629 1822 675 1855 Μ.
702 1834 768 1868 mg.
874 1825 924 1858 18.
950 1824 1012 1856 καὶ
1037 1822 1116 1856 add.
1145 1823 1191 1856 M.

308 1930 443 1971 suisse3
487 1930 587 1962 cuius
624 1939 747 1962 sensus
783 1938 906 1962 omnes
936 1930 1160 1972 perspexerit
1192 1934 1300 1973 atque
1330 1929 1375 1962 ad
1405 1928 1520 1968 bene,
1552 1938 1660 1972 quam
1691 1928 1737 1962 ad

311 1976 402 2008 male
427 1975 632 2007 faciendum
657 1975 862 2019 proniorem
886 1975 1102 2018 cognoverit,
1149 1975 1194 2007 At
1220 1985 1315 2007 nunc
1338 1980 1419 2019 post
1442 1974 1653 2019 diligentem
1678 1986 1739 2007 cu-

310 2021 486 2061 stodiam,
525 2032 595 2065 qua
620 2021 720 2052 nulla
747 2031 809 2053 sua
835 2021 938 2063 culpa
971 2020 1017 2052 ab
1051 2021 1138 2063 ipsis
1173 2022 1355 2063 sepiatur,
1391 2025 1428 2052 et
1455 2025 1538 2064 post
1569 2021 1738 2053 iniuriam

310 2068 389 2100 eius
415 2067 540 2111 legatis
570 2066 615 2098 de
637 2077 724 2110 pace
749 2065 977 2099 venientibus
1002 2071 1038 2098 et
1063 2071 1103 2098 ut
1130 2066 1167 2098 in
1200 2067 1376 2099 iudicium
1401 2071 1609 2106 voca1·,etur
1643 2076 1684 2099 ac
1707 2065 1738 2100 si

311 2118 405 2145 esset
430 2111 580 2156 periurii
606 2113 811 2151 convictus,
837 2111 1064 2144 acerbissime
1088 2111 1292 2156 puniretur,
1322 2112 1575 2156 poscentibus,
1599 2113 1737 2158 irroga-

311 2164 409 2198 tam,
435 2167 626 2203 quamnam
655 2158 699 2190 ab
719 2168 761 2190 eo
787 2159 902 2202 regie,
927 2163 968 2190 ut
989 2157 1061 2202 ipsi
1089 2158 1232 2198 dicunt,
1259 2158 1432 2191 sactorum
1456 2157 1630 2192 rationem
1655 2158 1738 2192 red-

313 2205 394 2243 dat,
427 2206 500 2237 sive
526 2204 623 2236 illius
652 2202 720 2235 hae
753 2204 894 2237 litterae
923 2203 1012 2244 sint,
1047 2204 1121 2237 sive
1152 2214 1226 2236 non
1250 2205 1331 2236 sint.
1381 2205 1433 2237 De
1465 2204 1596 2238 litteris
1629 2204 1738 2248 igitur

310 2250 405 2283 nihil
430 2261 467 2283 se
491 2259 762 2294 responsuram:
801 2260 982 2282 suasuram
1014 2260 1098 2282 vero
1123 2249 1230 2294 ipsis,
1268 2261 1361 2294 quae
1387 2250 1524 2293 optima
1546 2255 1675 2294 putet,
1705 2251 1738 2283 si

314 2296 422 2330 modo
447 2305 570 2340 parere
597 2295 732 2334 velint,
775 2306 903 2339 nempe
928 2294 1025 2333 haec,
1072 2294 1126 2329 Ne
1150 2296 1263 2328 filium
1291 2295 1510 2340 despiciant,
1542 2307 1631 2331 neve
1655 2306 1739 2330 eum

315 2342 419 2386 quasi
444 2341 540 2373 nihil
564 2351 727 2385 maguum
752 2342 887 2385 possit,
913 2346 1162 2381 contemnant,
1196 2342 1294 2374 cuius
1320 2342 1541 2387 potentiam,
1575 2342 1738 2387 pruden-

315 2389 402 2420 tiam
430 2393 467 2420 et
499 2398 601 2420 usum
636 2398 754 2419 rerum
782 2399 856 2421 non
888 2388 1036 2420 Romani
1060 2387 1263 2426 dumtaxat,
1301 2388 1363 2421 sed
1391 2393 1427 2421 et
1456 2387 1600 2421 barbari
1630 2389 1738 2433 longe

316 2435 445 2466 semoti
469 2433 565 2466 haud
592 2434 777 2477 ignorent:
815 2439 851 2466 et
882 2445 985 2478 quam
1008 2432 1159 2478 primum
1191 2434 1324 2478 legatos
1358 2433 1403 2466 ad
1437 2433 1540 2466 illum
1571 2435 1616 2468 de
1652 2445 1739 2478 pace

318 2480 484 2517 mittant,
521 2480 698 2511 rationem
735 2479 790 2518 el,
826 2490 897 2523 qua
932 2486 1007 2513 acta
1032 2484 1068 2512 et
1090 2480 1198 2513 verbo
1224 2486 1260 2513 et
1283 2491 1320 2513 re
1346 2479 1531 2520 emendet,
1567 2480 1674 2514 etiam
1706 2481 1740 2514 si

317 2524 405 2568 quid
441 2524 707 2557 inemendabile
743 2525 934 2569 contigisse
975 2525 1158 2565 videatur,
1195 2536 1269 2559 non
1301 2525 1514 2558 defuturam.
1561 2526 1598 2558 si
1632 2526 1740 2560 aliter

316 2571 487 2607 sentiant,
512 2570 581 2613 ipsi
608 2570 776 2610 viderint,
803 2570 982 2615 quomodo
1010 2577 1047 2604 et
1075 2570 1145 2603 sibi
1170 2577 1206 2604 et
1233 2571 1284 2605 rei
1303 2571 1469 2616 publicae
1493 2575 1588 2604 recte
1611 2582 1740 2606 consu-

316 2615 406 2648 lant.
455 2615 632 2648 Hactenus
670 2615 715 2648 ad
742 2617 1003 2650 accusationem
1033 2621 1145 2650 mater
1181 2618 1297 2661 magni
1330 2617 1527 2651 domestici.
1575 2619 1621 2652 At
1651 2627 1736 2652 vero

318 2661 380 2705 qui
406 2661 501 2694 missi
530 2662 573 2694 ab
598 2663 822 2705 imperatrice
849 2667 1038 2703 venerant,
1071 2668 1111 2696 ut
1132 2663 1171 2696 in
1197 2663 1372 2696 mandatis
1402 2662 1607 2704 habehant,
1639 2662 1740 2696 aedi-

318 2707 387 2741 bus
415 2706 598 2748 eductam,
625 2709 718 2740 intra
746 2709 919 2752 palatium
944 2708 1124 2742 custodiae
1152 2709 1319 2743 tradunt:
1355 2719 1396 2742 ea
1421 2714 1498 2743 erat
1520 2708 1564 2743 ab
1599 2709 1739 2744 Andro-

318 2754 400 2787 nico
424 2753 539 2798 primo
569 2754 776 2797 imperatori
808 2754 994 2789 aedificata
1025 2755 1167 2797 domus;
1199 2755 1266 2789 hae
1298 2767 1361 2801 pro
1397 2765 1533 2790 carcere
1562 2760 1738 2797 utuntur,
