1800 3138
530 201 905 243 ffls‘romAmm
944 204 1016 243 111.
1047 208 1116 250 30.
1438 205 1455 240 ι
1469 186 1538 260 87

83 295 167 350 ¹teg
185 333 196 354 ,
225 296 285 350 οἷς
312 296 365 342 ἂν
391 298 615 356 ἐντύχοιεν,
671 297 902 350 ,ἐλάνθανον
928 302 975 344 δὲ
1003 304 1054 344 οὔ
1081 304 1136 344 δι’
1153 301 1371 361 ὀλιγότητα
1390 302 1637 358 finitumst-'C-
1653 305 1735 351 ¹34¹

104 365 211 407 α’λλὰ
239 367 313 407 καί
339 366 391 407 δι’
430 366 662 420 ἐμπειρίαν.
707 359 814 420 ἦσαν
851 364 931 421 γὰρ
970 369 1069 420 περὶ
1104 372 1297 425 λῃστείας
1343 371 1545 412 κάλλιστα

102 432 383 485 ἐξησκημένοι.
411 430 746 485 προλοχήσαντες
766 430 814 472 δὲ
835 429 874 472 οἱ
898 433 944 473 ἐν
959 434 1252 492 Διδυμοτείχῳ
1280 437 1544 490 στρατιῶται,

103 497 198 538 ἐπεὶ
229 493 333 537 κατὰ
364 493 408 536 τὸ
437 493 590 545 εἰωθὸς
623 495 684 544 εἷς
710 498 905 553 λῃστείαν
932 493 1061 547 αὖθις
1098 494 1198 553 ἧκον
1222 502 1404 549 πλείονες
1432 495 1543 550 ὄντες

60 558 186 602 r5:161*
212 561 371 602 ἐπιέναι
411 559 646 613 εἰωθότων,
688 562 764 602 συίι
802 563 967 615 ὀλίγους
1009 562 1255 606 ἀπέκτειναν
1288 565 1429 607 αὐτῶν
1468 563 1685 607 wama&

102 624 230 678 λόχου
269 626 531 675 α’ναστάντες.
581 624 782 679 βασιλεῦς
824 627 871 667 δὲ
906 626 928 668 ὅ
969 629 1321 685 Καντακουζηνός
1353 633 1547 674 διενοεῖτο

100 692 180 743 μὲν
208 689 266 739 ὦς
292 686 381 743 ἅμα
410 686 480 746 ἦρι
510 693 732 749 Βυζαντίῳ
769 691 1107 745 ἑπιστρατεύσων
1132 697 1205 735 καί
1231 697 1546 750 πειρασόμενος,

101 758 144 798 εἰ
170 754 341 798 δυ’ναιτο
368 755 504 815 ἑαυτῷ
532 756 762 799 ὖποποιεῖν·
805 754 920 811 ὅμως
950 761 1027 800 τοῦ
1058 762 1264 813 χειμῶνος
1291 768 1378 810 τοῖς
1403 763 1448 803 ἐν
1473 761 1548 804 'A-

104 820 396 877 δριανουπόλει
423 818 606 877 ἄρχουσι
631 826 912 878 προσπέμπων
947 822 1091 880 κρύφα
1131 824 1204 866 καὶ
1231 823 1543 880 διαλεγόμενος,

56 885 243 928 ιοέπεισε
270 887 346 942 τὴν
362 885 482 930 πόλιν
501 889 760 943 ἐγχειρίζειν.
787 891 860 930 καί
887 890 979 932 ἐπεὶ
995 892 1232 932 συντέθειτο
1259 889 1397 947 ἡμέρα
1406 925 1418 944 ,
1447 892 1588 933 καθ’Ῑ)

101 950 155 1006 ἢν
180 950 266 994 ἔδει
292 955 502 1006 ἐπελθεῖν,
539 953 613 1009 τὴν
643 950 777 996 οὖσαν
804 953 1006 1010 στρατιὰν
1033 955 1293 1010 παραλαβών
1319 956 1393 998 καὶ
1417 973 1548 1013 προσ-

101 1019 377 1073 ποιησάμενος
404 1021 471 1075 ἑφ’
497 1016 644 1075 ἑτέρας
681 1024 756 1076 τῆς
788 1019 956 1078 Θρᾴκης
993 1023 1238 1074 βαδιεῖσθαι
1277 1022 1446 1073 πόλεις,
1489 1021 1547 1073 ὥς

100 1084 411 1140 πολιορκήσων,
441 1087 508 1127 ἵνα
543 1084 602 1140 μὴ
641 1085 724 1127 ‘tino'
763 1102 837 1128 του
876 1088 958 1129 τῶν
985 1085 1038 1128 τὰ
1077 1088 1295 1140 βασιλίδος
1325 1085 1546 1144 ᾑρημένων

100 1147 207 1202 πρὸς
247 1147 324 1204 τὴν
353 1150 588 1206 Ἀδριανοῦ
627 1151 652 1206 ἢ
695 1150 846 1207 ἔφοδος
886 1154 1083 1209 μηνυθῇ,
1143 1151 1258 1207 παρὰ
1297 1152 1369 1195 τὸν
1398 1150 1546 1209 Ἕβρον

8 1267 12 1271 η
53 1213 497 1269 ι’ὄέστρατοπέδευσεν,
537 1216 593 1265 ὥς
620 1214 955 1272 περαιωσάμενος
981 1219 1041 1266 εἰς
1064 1217 1137 1272 τὴν
1167 1216 1409 1272 ὑστεραίαν.
1438 1222 1544 1270 πέμ-

100 1291 187 1333 ψας
215 1281 261 1321 δὲ
291 1282 364 1322 καὶ
387 1280 492 1336 πρὸς
519 1283 757 1338 Πιγκέρνην
782 1281 854 1325 τὸν
881 1282 1083 1336 ἀνεψιὸν,
1111 1283 1157 1326 τό
1183 1285 1421 1340 Πάμφιλον
1453 1282 1544 1337 ἅμα

97 1347 251 1399 χιλίοις
289 1349 558 1403 φρουροῦντα
605 1348 880 1403 στρατιώταις
913 1347 989 1404 τήν
1027 1365 1072 1390 τε
1124 1347 1350 1405 ἀκρόπολιν
1392 1342 1546 1406 ἑτέροις

100 1410 291 1462 ὁπλίταις
316 1414 389 1454 καί
414 1417 554 1465 ψιλοῖς
574 1412 757 1463 τοξόταις
784 1412 954 1468 ἑκατόν,
986 1417 1149 1456 ἐκέλευε
1175 1413 1251 1470 τὴν
1277 1417 1322 1457 ἐν
1350 1417 1401 1472 τῇ
1420 1417 1545 1469 α’κρο-

99 1475 219 1518 πόλει
256 1476 448 1534 φρουρὰν
483 1481 764 1522 καταλιπόντα
799 1481 874 1520 καί
910 1482 983 1534 τῆς
1015 1483 1219 1533 στρατιᾶς
1258 1482 1334 1536 τῆς
1376 1479 1545 1534 ἱππικῆς

46 1545 388 1598 Δαοτριακοσίους,
429 1539 536 1587 ὥστε
581 1551 783 1601 φρουρεῖν
818 1544 896 1600 τὴν
922 1543 1034 1588 κάτω
1062 1546 1196 1598 πόλιν,
1238 1544 1335 1595 τούς
1374 1544 1545 1594 λοιποὺς

99 1606 388 1662 ἀναλαβόντα,
427 1606 544 1662 ἥκειν
580 1608 686 1665 πρὸς
713 1609 851 1652 αὐτόν·
881 1609 1033 1665 ἐδήλου
1073 1611 1120 1652 δὲ
1161 1614 1236 1653 καί
1268 1610 1345 1666 τὴν
1375 1613 1670 1664 αἰτίαν,Ρ-449

96 1668 149 1728 ἧς
178 1675 295 1715 ἓνεκα
322 1678 506 1719 καλοῖτο.
537 1674 560 1715 ό
588 1676 628 1716 δ’
652 1674 909 1731 ἡγησάμενος
935 1674 1011 1730 τὴν
1037 1677 1083 1717 ἐν
1120 1679 1171 1732 τῇ
1210 1673 1433 1731 ἀκροπόλει
1467 1674 1547 1729 μό·-

97 1755 172 1794 νην
210 1738 407 1796 φρουρὰν
447 1737 638 1796 ἀρκέσειν
680 1740 785 1796 πρὸς
825 1738 1079 1795 κατάσχεσιν
1110 1742 1184 1795 τῆς
1224 1741 1407 1794 πόλεως,
1448 1740 1545 1790 τοὺς

98 1803 249 1854 ἱππέας
276 1802 460 1854 ἅπαντας
488 1805 768 1860 παραλαβών,
798 1801 896 1861 ἧκεν
926 1803 983 1856 ὦς
1009 1809 1198 1859 βασιλέα.
1236 1809 1310 1861 τῆς
1337 1807 1470 1861 αὐτῆς
1497 1809 1544 1849 δὲ

46 1869 249 1921 35νυκτὸς
275 1873 354 1912 τοῦ
384 1874 514 1928 βορέα
537 1871 787 1923 πνεύσαντος
812 1870 1087 1928 δριμύτερον,
1114 1869 1184 1926 ἅμ’
1209 1869 1341 1929 ἡμέρᾳ
1362 1888 1544 1928 κρυστα-

191 1983 245 2007 21.
272 1969 355 2014 ἥκει
379 1973 414 2007 Ρ.

98 2062 210 2096 bant:
245 2067 348 2096 erant
376 2063 558 2108 siquidem
591 2065 631 2097 in
660 2065 868 2110 praedando
892 2066 1006 2100 multo
1042 2065 1345 2099 exercitatissimi.
1398 2064 1469 2098 Ubi
1496 2065 1544 2099 ad

98 2109 346 2154 praedandum
374 2121 472 2143 more
509 2122 574 2144 suo
610 2115 656 2145 et.
678 2111 824 2157 quidem
856 2113 978 2157 plures
1009 2112 1117 2146 solito
1155 2112 1372 2153 redierunt,
1406 2111 1543 2145 milites

97 2155 197 2199 apud
227 2155 519 2199 Didymotichum
547 2169 592 2191 ex
615 2158 761 2192 insidiis
786 2163 1088 2205 prorumpentes,
1113 2157 1248 2192 bonam
1269 2163 1411 2202 partem
1444 2159 1543 2191 occi-

97 2201 241 2234 derunt.
301 2203 500 2247 Imperator
534 2203 825 2245 Cantacuzenus‚
856 2206 925 2239 etsi
951 2205 1132 2250 principio
1157 2205 1250 2238 veris
1279 2203 1544 2238 Constantino-

99 2248 216 2292 polim
237 2249 420 2291 cogitabat
444 2249 611 2284 invadere
634 2255 864 2298 tentareque,
880 2264 926 2286 an
951 2263 1027 2284 eam
1040 2255 1178 2306 ‘posset
1201 2250 1371 2295 subigere
1386 2275 1396 2288 .
1422 2249 1540 2284 nihilo

99 2295 220 2327 minus
249 2295 326 2338 ipsa
351 2295 469 2330 hieme
495 2296 540 2330 ad
566 2297 792 2342 magistratus
818 2299 1092 2343 Adrianopohm
1130 2298 1270 2330 occulte
1295 2298 1412 2330 mittit
1436 2302 1474 2331 et
1497 2297 1544 2330 ad

102 2341 229 2373 urbem
261 2341 471 2376 tradendam
510 2353 571 2376 eos
605 2344 764 2378 allectat.
805 2345 892 2379 Dies
932 2356 1004 2389 quo
1042 2345 1164 2377 veniat
1202 2344 1428 2387 praefinitur.
1476 2343 1544 2377 Ille

101 2393 285 2430 assumpto
310 2388 470 2421 exercitu
494 2389 540 2423 ad
565 2390 652 2423 alias
678 2389 856 2424 Thraciae
880 2390 988 2424 urbes
1015 2391 1150 2423 iturum
1179 2390 1335 2434 illasque
1373 2389 1544 2423 obsessu-

102 2444 180 2465 rum
221 2435 358 2478 fingens
374 2459 384 2475 ‚
419 2445 484 2475 ne,
518 2437 584 2480 qui
610 2436 655 2470 ab
671 2436 838 2482 'Augusta
864 2437 1029 2477 stabant,
1056 2436 1228 2469 infestum
1255 2437 1332 2469 eius
1357 2445 1540 2469 accessum

101 2479 376 2525 Adrianopolim
401 2482 621 2524 nuntiarent,
645 2493 752 2527 supra
775 2483 949 2524 Hebrum,
983 2487 1024 2516 ut
1046 2482 1225 2528 postridie
1248 2482 1402 2516 militem
1426 2487 1544 2515 trans-

103 2524 295 2567 ducturus,
333 2532 446 2560 castra
482 2527 578 2562 facit-
637 2528 755 2563 Mittit
792 2541 937 2576 quoque
971 2531 1019 2563 ad
1054 2531 1262 2574 pincernam
1279 2527 1544 2568 consobrinum,

102 2573 167 2616 qui
203 2584 282 2606 cum
316 2573 520 2607 millenario
559 2575 783 2620 Pamphilum
815 2576 982 2610 servabat
1007 2581 1044 2609 et
1071 2586 1185 2608 arcem
1212 2586 1291 2608 cum
1318 2574 1398 2608 aliis
1423 2575 1539 2620 gravis

102 2623 304 2652 armaturae
329 2631 370 2652 ac
394 2620 588 2664 sagittariis
624 2627 791 2664 centum3
823 2622 988 2662 mandat,
1017 2627 1059 2655 ut
1083 2621 1210 2654 relicta
1241 2621 1332 2654 arcis
1367 2620 1543 2661 custodia,

102 2668 141 2697 et
171 2675 215 2697 ex
240 2667 405 2710 equitatu
433 2668 626 2708 trecentis,
657 2668 720 2714 qui
746 2669 955 2702 inferiorem
982 2668 1106 2701 urbem
1135 2672 1348 2708 tuerentur,
1380 2678 1461 2701 cum
1484 2679 1543 2700 ce-

104 2714 182 2743 tero
216 2712 358 2755 agmine
401 2711 447 2744 ad
485 2725 522 2746 se
547 2716 694 2749 veniat:
729 2726 870 2748 causam
905 2716 1055 2758 insuper
1081 2713 1206 2754 addit,
1234 2724 1296 2747 cur
1320 2725 1399 2747 eum
1426 2718 1543 2747 vocet.

102 2756 275 2790 Pincerna
313 2760 480 2803 opinatus
522 2759 636 2802 solum
665 2761 754 2794 arcis
787 2760 1007 2806 praesidium
1045 2760 1126 2793 urbi
1154 2760 1346 2803 servandae
1372 2760 1545 2799 sufficere,

102 2812 184 2838 cum
211 2807 286 2838 toto
311 2806 476 2851 equitatu
503 2805 612 2844 adest,
674 2807 763 2842 Cum
789 2813 907 2842 autem
931 2818 995 2853 per
1019 2811 1163 2844 noctem
1186 2805 1285 2841 illam
1311 2808 1440 2842 Boreas
1466 2806 1544 2851 spi-
