1812 3132
523 207 903 250 ms'romARUM
946 213 1017 251 111.
1049 213 1116 256 18.
1436 211 1454 246 1
1477 194 1539 248 13

93 312 256 366 ἕτοιμον
304 304 434 362 εἶναι,
481 312 632 365 καιροῦ
671 312 919 361 καλοῦντος,
961 312 1262 367 παρασχέσθαι
1306 312 1378 354 καί
1415 310 1733 366 αΰτόνΑ.Ο.ι3;’,ι

92 377 165 430 καὶ
188 375 321 419 πάντα
349 373 547 430 πράττειν
579 375 686 431 ὑπὲρ
717 375 846 417 αὐτοῦ
874 392 919 418 τε
948 380 1022 418 καί
1053 381 1136 419 τῶν
1163 376 1349 430 παίδων,
1396 378 1437 419 εἰ
1455 378 1543 419 δέοι

89 444 164 484 καί
187 447 279 491 ταῖς
306 440 507 495 ἐσχάταις
537 439 690 495 τύχαις
722 443 994 493 περιπίπτειν.
1052 441 1074 485 ὃ
1103 446 1175 485 καί
1201 442 1295 485 νυνί
1311 458 1543 499 παρεσκευ-

90 508 235 550 ακέναι
272 505 455 559 μάλιστα
491 503 605 561 ἥκειν
645 508 743 562 παρ’
779 505 929 557 mirrhe,
992 504 1083 560 ἅμα
1119 511 1199 561 μὲν
1245 506 1275 550 οἳ
1313 512 1543 551 λυσιτελεῖν

63 572 205 630 δαῦτῷ
231 587 277 613 τε
308 570 380 613 καί
411 571 535 613 παισὶ
560 573 722 625 νομίζει
748 573 1055 627 παραινέσοντα
1073 609 1085 627 ,
1116 572 1205 627 ἅμα
1239 576 1304 628 δ’,
1335 573 1380 616 εἴ
1401 591 1442 616 τι
1473 576 1542 616 δέ-

87 652 176 680 οιτο
202 635 307 692 πρὸς
332 636 378 678 τὸ
407 635 528 692 ἔργον
555 633 629 678 καί
656 638 812 690 αιῖτοῦ,
862 635 930 680 ὅτι
962 641 1268 694 προθυμότατα
1311 657 1541 694 συναγωνι-

86 707 196 744 εῖται
225 703 298 743 καί
319 700 513 757 χρήμασι
541 704 615 744 καί
641 703 820 751 οἰκέταις
846 702 921 745 καί
947 706 1076 746 πᾶσιν
1107 701 1167 754 οἷς
1210 705 1326 759 ἔχει,
1371 705 1537 748 ἐκδιδάὲ

86 771 225 819 ξοντα.
283 771 369 809 ταῖν
406 766 486 822 γάρ
529 768 663 810 affro&
691 769 853 810 παίδων
882 767 964 810 ὑπὸ
996 772 1204 823 βασιλέως
1233 768 1364 829 ἀδίκῳ
1393 772 1533 829 γνώμῃ

84 832 160 875 καὶ
195 836 383 890 φθονερᾷ
423 833 553 876 πολύν
591 831 672 889 ἤδη
716 833 866 890 χρόνον
909 837 954 878 ἐν
995 838 1164 892 φρουρᾷ
1214 838 1671 894 κατεχομένων,Ρ,4ὀθ

37 899 195 943 ιοπάνυ
223 899 402 952 μὲνκαί
427 898 552 942 αὐτὸν
585 898 832 955 ὖπεραλγεῖν
863 902 1006 943 αὐτῶν
1047 899 1097 942 οὔ
1140 899 1266 954 μόνον
1309 896 1437 942 ἄδικα
1466 905 1539 943 καί

84 964 207 1018 βίαια
246 963 519 1018 πασχόντων,
565 963 672 1007 α’λλά
716 968 789 1008 καί
816 964 885 1008 διὰ
915 966 991 1021 τὴν
1032 967 1215 1022 α’ρχαιάν
1256 960 1444 1019 εὔνοιαν,
1487 964 1538 1021 ἢν

85 1030 256 1079 ἐκεινοις
283 1028 470 1085 ὄφείλειν
503 1029 577 1072 καὶ
601 1033 670 1073 σοι’
693 1033 751 1088 τῷ
770 1032 926 1086 πατρί·
953 1035 1085 1087 μηδὲν
1105 1034 1151 1073 δὲ
1171 1035 1345 1086 βοηθεῖν
1367 1032 1534 1086 ἔχοντα,

86 1096 274 1151 στέργειν
302 1093 380 1149 τήν
411 1092 606 1150 ἇνάγκηνι
629 1098 724 1139 νυνὶ
749 1098 796 1139 δὲ
826 1096 940 1152 ὁρῶν
970 1097 1044 1140 τὸν
1064 1091 1395 1152 ἐπιτηδειότατον
1413 1093 1535 1151 ἧκον-

84 1176 139 1201 τα
166 1159 315 1215 καιρὸν
346 1161 418 1216 τῆς
447 1162 616 1204 ἐκείνων
645 1163 691 1204 ἐκ
719 1164 801 1204 τῶν
828 1164 994 1216 δεσμῶν
1023 1165 1292 1219 ἐλευθερίας,
1340 1162 1399 1218 μὴ
1434 1177 1535 1217 προ-

36 1226 226 1268 ιόΐεσθαι
268 1221 384 1280 ἥκειν
420 1225 740 1282 παραινέσοντα.
794 1230 935 1270 καίτοι
962 1245 1008 1283 γε
1037 1231 1279 1284 α’κηκοέναι,
1325 1227 1534 1284 ἔφασκεν,

83 1293 130 1333 ἐκ
157 1294 397 1346 Σηλυβρίας
426 1290 564 1347 ἥκων,
606 1295 663 1343 ὦς
690 1295 822 1337 πολλοὶ
849 1296 1034 1350 μεγάλου
1068 1297 1318 1348 δομεστίκου
1357 1297 1434 1335 τοῦ
1462 1311 1536 1348 κη-

84 1357 235 1398 δεστοῦ
272 1357 438 1412 δεηθείς
463 1359 569 1415 ὑπὲρ
599 1361 792 1414 ἐκείνων,
823 1362 944 1402 οὐδὲν
973 1363 1095 1402 πλέον
1135 1358 1374 1415 ἦδυνήθης,
1426 1352 1533 1401 ἀλλά

83 1427 220 1471 κεναῖς
248 1424 386 1465 ἐλπίσι
413 1425 674 1480 μετεωρίσας
699 1428 772 1468 καί
800 1429 1031 1482 φενακίσας
1050 1459 1062 1479 ,
1109 1423 1248 1467 οἷπιών
1276 1422 1433 1484 ᾤχετο,
1477 1424 1534 1474 ὥς

85 1486 306 1528 ἀπολύσων
346 1491 419 1542 τῆς
458 1489 640 1545 εἱρκτῆς,
679 1487 730 1546 ἢν
760 1492 940 1549 ἐπανήξῃ
970 1495 1046 1546 τῆς
1083 1488 1276 1546 ἑσπέρας.
1333 1493 1455 1532 τοῦτο
1485 1492 1571 1537 ὃὲΒ

34 1549 128 1596 2οεῖ
151 1567 198 1593 σε
245 1554 417 1607 λέληθεν
456 1554 512 1602 ὥς
552 1552 723 1610 ἀπάτη,
767 1554 877 1598 πάνυ
927 1556 1112 1610 μάλιστα
1153 1555 1392 1608 θαυμάζειν
1432 1554 1529 1608 ἔχω.

88 1611 185 1657 οὔτε
210 1616 288 1672 γὰρ
306 1650 318 1669 ,
350 1620 555 1670 βασιλέως
584 1621 762 1671 ζῶντος,
802 1621 899 1670 τοὺς
928 1620 1126 1675 γυναικὸς
1156 1619 1370 1676 α’δελφοὺς
1397 1621 1531 1676 α’παλρ-

85 1680 247 1723 λα’ττειν
283 1684 367 1724 τῶν
411 1686 545 1726 κακῶν
587 1685 805 1735 α’δυνάτως
835 1683 947 1740 εἶχεν
968 1717 979 1738 ,
1025 1686 1107 1739 εἴγε
1133 1688 1275 1727 δίκαια
1316 1687 1388 1726 καί
1415 1686 1530 1740 αὐτῷ

84 1741 340 1802 προσήκοντα
379 1749 518 1805 ᾑρεῖτο
558 1742 781 1806 πράττειν,
832 1751 909 1793 οὔκ
937 1750 1102 1794 ἐλάσσω
1132 1748 1362 1803 δυνάμενος
1392 1746 1418 1803 ἦ
1452 1746 1529 1790 ὅσα

207 1860 259 1903 ¹4·
275 1857 428 1906 δεσμῶν
454 1873 518 1906 pro
546 1863 673 1898 κακῶν
700 1865 750 1901 Μ.
777 1875 843 1910 mg.

85 1994 162 2016 rum
193 1983 444 2028 facturumque
483 1993 547 2027 pro
573 1983 652 2029 ipso
679 1988 717 2017 et
741 1984 826 2017 filiis
853 1984 929 2017 eius
956 1986 1094 2018 omnia:
1131 1983 1293 2029 quamvis
1326 1994 1363 2016 se
1390 1982 1527 2017 idcirco¹

86 2029 134 2062 ad
158 2035 351 2064 extremam
377 2030 558 2063 miseriam
586 2030 850 2064 devolvendum
874 2031 976 2064 sciat.
1001 2030 1083 2076 Qua
1109 2031 1263 2063 maxime
1289 2029 1333 2063 de
1359 2041 1470 2062 causa
1490 2035 1527 2063 et

84 2087 182 2109 nunc
205 2075 252 2108 ad
279 2087 360 2109 eum
384 2076 546 2109 venisse:
578 2077 688 2110 simul
712 2083 753 2111 ut
781 2088 874 2124 quae
899 2078 970 2123 ipsi
995 2077 1196 2124 liberisque
1223 2079 1300 2109 eius
1325 2076 1528 2121 conducere

83 2126 207 2166 putet,
239 2123 451 2164 admoneat,
483 2123 590 2156 simul
613 2129 675 2164 ut,
714 2124 744 2156 si
768 2124 856 2170 quid
890 2135 999 2169 opera
1033 2134 1097 2157 sua
1132 2123 1177 2156 ad
1216 2134 1305 2167 opus
1342 2122 1525 2167 indigeat,

83 2168 350 2214 promptissime
384 2173 421 2202 et
445 2170 609 2214 pecuniis
634 2175 671 2203 et
704 2169 849 2207 saeuulis
886 2177 923 2204 et
955 2170 1090 2215 quibus
1113 2171 1248 2214 poterit
1273 2168 1400 2208 rebus,
1426 2169 1459 2201 ei
1487 2179 1524 2201 se

83 2216 275 2247 affuturum
301 2215 438 2250 doceat.
485 2215 575 2248 Nam
603 2216 701 2261 quod
734 2217 801 2250 filii
826 2218 903 2250 eius
930 2228 993 2262 per
1022 2218 1242 2251 iniustitiam
1279 2220 1315 2248 et
1350 2215 1524 2248 invidiam

84 2261 312 2306 imperatoris
337 2266 393 2295 tot
419 2263 490 2295 iam
514 2264 618 2296 annis
651 2273 791 2296 carcere
817 2263 929 2297 clausi
956 2268 1171 2303 teneantur,
1196 2261 1469 2302 incredibiliter
1486 2272 1523 2294 se

85 2307 234 2341 cruciari
250 2332 260 2348 ,
298 2319 372 2341 non
397 2308 504 2342 modo
530 2309 615 2353 quia
642 2309 769 2354 inique
795 2315 832 2342 et
854 2310 932 2343 dire
958 2310 1192 2347 afflictentur,
1226 2308 1288 2341 sed
1315 2313 1354 2341 et
1374 2311 1523 2352 propter

82 2360 241 2387 veterem
256 2378 266 2394 ‚
290 2356 395 2399 quam
419 2353 506 2399 ipsis
528 2366 726 2400 eorumque
747 2357 889 2400 parenti
910 2367 1067 2389 amorem
1092 2355 1234 2391 debeat,
1282 2354 1374 2387 Cum
1399 2358 1520 2386 autem

85 2410 189 2444 opem
216 2399 308 2434 serre
341 2401 478 2434 nullam
515 2407 644 2448 queat,
685 2402 935 2436 necessitatem
969 2402 1055 2436 boni
1094 2402 1291 2436 consulere.
1350 2400 1519 2434 Ceterum

84 2447 172 2491 quia
196 2457 293 2479 nunc
315 2446 362 2479 ad
387 2458 446 2481 eos
471 2457 490 2481 e
524 2447 677 2482 vinculis
705 2449 915 2482 eximendos
946 2454 1089 2493 tempus
1126 2448 1221 2480 adsit
1255 2446 1520 2491 opportunissi—

83 2503 206 2534 mum,
229 2504 267 2526 se
291 2493 477 2533 hortatum
501 2489 713 2535 accessisse,
737 2506 782 2528 ne
807 2495 846 2527 id
873 2495 917 2529 de
941 2495 1110 2528 manibus
1136 2493 1232 2525 elabi
1258 2494 1361 2528 sinat.
1413 2492 1520 2526 Tam-

86 2540 154 2572 etsi
178 2550 198 2572 e
227 2538 391 2582 Selybria
414 2540 556 2574 rediens
571 2566 581 2582 ,
617 2542 655 2574 in
685 2541 760 2581 uit,
784 2542 907 2575 audivi
931 2546 967 2576 te
993 2542 1110 2586 magui
1136 2540 1324 2573 domestici
1348 2549 1518 2583 generum

84 2585 208 2619 multis
232 2586 340 2618 etiam
365 2586 630 2631 precibusnon
658 2551 813 2622 (desisse.
863 2587 936 2632 Qui
971 2588 1035 2620 ubi
1076 2593 1111 2620 te
1143 2586 1244 2620 inani
1275 2596 1337 2631 spe
1369 2586 1518 2621 lactavit

84 2641 127 2664 ae
152 2631 307 2672 delusit,
332 2631 444 2666 abiit:
471 2634 573 2678 quasi
599 2643 678 2667 cum
705 2644 750 2667 ex
777 2634 964 2668 occidente
989 2633 1179 2672 revenerit,
1209 2635 1268 2666 eos
1294 2631 1516 2666 dimissurus.

82 2677 187 2725 Hane
210 2689 293 2712 vero
320 2679 349 2710 si
382 2689 455 2712 nou
479 2680 732 2714 animadvertis
757 2691 834 2714 esse
859 2681 1052 2719 fallaciam,
1077 2679 1162 2712 satis
1187 2679 1308 2712 mirari
1334 2690 1406 2711 non
1433 2689 1518 2722 pos-

85 2734 173 2757 sum.
222 2724 350 2770 Neque
378 2725 498 2766 enim,
538 2727 751 2772 imperatore
776 2726 895 2760 adhuc
920 2728 1079 2773 spirante
1096 2751 1104 2765 ,
1134 2727 1255 2759 uxoris
1279 2736 1364 2758 suae
1391 2725 1519 2758 fratres

84 2769 268 2803 absolvere
291 2771 444 2804 vinculis
467 2783 540 2806 non
568 2777 734 2818 poterat,
770 2773 799 2806 si
826 2773 932 2806 modo
964 2772 1123 2805 iustitiae
1154 2782 1194 2805 ac
1218 2782 1394 2816 personae
1431 2780 1516 2811 suae

82 2814 261 2850 §ationem
287 2815 417 2851 ducere
437 2819 630 2862 voluisset,-
653 2830 733 2854 cum
757 2824 933 2864 potestate
953 2818 1183 2865 imperatoria
1207 2819 1380 2865 polleret:
1404 2813 1519 2850 hodie‘

134 2882 405 2937 Cantacuzenus
430 2875 478 2920 112·
1232 2886 1255 2918 8
