1820 3138
542 211 918 256 nisTomARUM
957 216 1029 256 111.
1055 216 1128 262 66.
1427 196 1540 264 405

113 311 318 369 ε’παρχίας
343 309 572 366 “Ρωμαιὀις
601 312 782 367 ὖπηκόου
795 313 1053 367 Στενιμάχου
1070 313 1144 356 καὶ
1161 313 1389 370 Τζεπαίνης
1414 329 1546 371 προσ·
1557 321 1640 358 A.C.
1656 322 1740 367 1343

113 380 438 434 αγορευομένης,
480 373 546 427 αἷς
590 374 699 433 ἦσαν
743 376 882 427 ἱππεῖς
912 381 1060 432 χιλίων
1087 380 1163 422 οὔκ
1192 381 1392 429 ἐλάσσους
1416 397 1549 435 μαχι-

110 445 294 497 μώτατοι
341 442 414 485 καί
450 445 611 499 πλῆθος
639 445 799 498 πεζῶν,
828 444 962 486 ἐδόκει
993 447 1079 486 δεῖν
1105 444 1350 500 στρατεύειν
1376 447 1443 487 ἐπ’
1469 441 1549 487 αὖ-

110 506 226 557 τούς.
270 509 343 551 καί
368 503 542 573 ᾂραντες
582 511 629 552 ἐκ
667 508 1000 563 Διδυμοτείχου,
1036 505 1166 565 ἦλθον
1210 507 1314 566 ἄχρι
1351 507 1548 567 Μόῤῥας.

85 572 202 617 5ἑκεῖ
222 575 268 615 δὲ
294 576 545 629 νοσήσαντος
582 573 761 630 Ἀμούρ,
804 579 1046 631 περιέμενον
1077 575 1122 618 εἴ
1153 593 1240 626 πως
1267 578 1424 631 γένοιτο
1456 576 1548 629 ῥαΐ-

111 655 200 681 σαι.
244 640 300 688 aig
328 642 375 681 δὲ
405 640 597 696 ἐφαίνετο
629 641 823 691 απῖξοίνειν
848 643 1008 694 μᾶλλον
1036 640 1083 684 τὸ
1114 642 1267 697 κακὸν,
1291 644 1365 684 καί
1389 641 1547 696 ἀπορία

107 700 162 760 ἧν
190 705 267 746 οὐκ
301 707 456 761 ἰατρῶν
487 704 639 759 μόνον,
686 706 793 748 ἀλλὰ
823 707 898 748 καί
928 709 1011 749 τῶν
1038 706 1145 762 πρὸς
1171 706 1245 762 τὴν
1271 705 1392 750 νόσον
1419 702 1547 761 ἀναγ-

109 771 262 822 καίων,
312 771 563 826 ἀνέστρεφον
599 773 659 821 εἷς
692 772 1009 826 Διδυμότειχον.
1071 773 1110 814 οἱ
1149 774 1196 814 δὲ
1243 775 1289 815 ἐν
1325 771 1547 828 Βυζαντίῳ

111 838 304 890 φανεραῖς
342 837 419 887 μὲν
449 835 772 879 ἀντιτάττεσθαι
803 837 909 892 πρὸς
949 837 1025 892 τήν
1052 837 1254 893 στρατιὰν
1280 836 1356 892 τὴν
1384 840 1550 891 Περσι-

61 899 184 955 ῐΟκῆν
211 901 286 942 οὐκ
319 896 427 955 ἦσαν
470 902 654 944 δυνατοί.
699 905 940 956 πέμψαντες
983 905 1030 945 δὲ
1073 901 1275 959 στρατιάν
1325 901 1428 958 πρὸς
1465 900 1670 961 τὴνΡ.576

111 967 354 1021 Αδριανοῦ,
403 968 665 1023 ἐφρούρουν,
697 963 757 1010 ὧν
797 964 928 1023 ἦρχεν
967 968 991 1009 ὃ
1034 968 1307 1025 Σφραντζής,
1364 968 1547 1021 μάλιστα

107 1033 190 1074 τῶν
209 1033 254 1073 ἐν
279 1035 331 1088 τῇ
361 1030 505 1089 Θρᾴκῃ
541 1031 700 1075 πόλεων
737 1036 871 1087 μείζω
909 1035 983 1076 καί
1018 1034 1348 1090 ἀναγκαιοτέραν
1396 1029 1544 1078 οὖσαν.

108 1097 183 1138 καί
211 1098 294 1138 τῶν
321 1092 457 1139 ἄλλων
485 1100 700 1140 ἐποιοῦντο
739 1098 941 1153 πρόνοιαν
984 1095 1060 1154 ὅση
1105 1097 1294 1154 δυνατή,
1339 1095 1447 1140 ὥστε
1484 1095 1545 1152 μή

109 1162 339 1216 ἀποστῆναι
388 1161 494 1218 πρὸς
543 1162 895 1219 Καντακουζηνὸν
948 1163 1022 1206 τὸν
1065 1167 1243 1218 βασιλέα
1292 1165 1365 1205 ἀπ’
1393 1163 1547 1204 αὐτῶν.

59 1224 357 1282 ΧὸΣφραντζὴς
385 1224 460 1270 οὖν
495 1230 733 1281 πυθόμενος
772 1229 871 1284 περὶ
905 1231 1134 1283 βασιλέως,
1177 1227 1233 1278 ὥς
1273 1225 1548 1282 ἐπιστρατεύ-

111 1308 197 1334 σειε
224 1291 491 1350 Στενιμάχῳ,
520 1295 594 1335 καί
618 1296 792 1347 νομίσας
819 1294 877 1343 ὥς
901 1295 967 1349 εἴη
997 1293 1173 1336 δυνατὸν
1191 1295 1348 1336 ἐκείνου
1375 1292 1549 1341 ἀπόντος

107 1353 233 1412 ἄχρις
259 1356 439 1414 ἐπανήξῃ
465 1358 515 1400 τὰ
555 1359 655 1415 περὶ
679 1359 991 1414 Διδυμότειχον
1031 1359 1283 1401 κακώσαντα
1324 1353 1454 1407 αὖθις
1491 1358 1551 1406 εἰς

102 1419 452 1476 Ἀδριανούπολιν
489 1425 655 1477 ἐλθεῖν,
682 1424 940 1480 παραλαβών
985 1421 1111 1473 ὅσους
1141 1419 1240 1479 ἦγεν
1251 1457 1264 1477 ,
1317 1419 1447 1478 ἦλθεν
1484 1421 1556 1464 ἐπὶ

108 1484 436 1540 Διδυμότειχον.
490 1491 642 1544 συνέβη
673 1491 719 1531 δὲ
755 1493 828 1543 τῆς
858 1490 992 1545 αὐτῆς
1025 1487 1140 1544 ὧρας
1179 1489 1252 1531 καί
1290 1490 1466 1542 βασιλέα
1508 1490 1554 1530 ἐκ

55 1553 179 1606 αοτῆς
218 1549 408 1606 Μόρῥας
448 1554 667 1608 ἐπανήκειν
696 1552 805 1606 μετά
847 1557 919 1608 τῆς
957 1557 1181 1609 στρατιᾶς,
1223 1553 1295 1595 καί
1330 1554 1553 1607 γενομένης

106 1618 370 1670 συμπλοκῆς,
401 1615 439 1658 οἱ
468 1619 636 1668 πλείους
661 1620 740 1670 μὲν
778 1620 863 1660 τῶν
905 1618 1167 1660 ἐπελθόντων
1194 1617 1342 1659 ἔπεσον
1365 1617 1440 1658 καί
1475 1614 1550 1658 ἑά-

107 1679 244 1723 λωσάν
270 1697 378 1730 τινες
405 1682 550 1736 ὀλίγοι,
582 1683 768 1724 ἀπέθανε
802 1685 848 1725 δὲ
873 1685 943 1724 καί
978 1680 999 1723 ὃ
1023 1679 1263 1738 στρατηγός.
1318 1679 1477 1736 Ἀμοὺρ
1499 1682 1584 1728 δὲΒ

107 1749 182 1787 καί
224 1746 351 1797 αὐτὸς
389 1744 518 1803 ἦλθεν
559 1750 603 1790 ἐν
644 1750 737 1805 χρῷ
763 1746 956 1790 κινδύνου
985 1751 1075 1790 κατ’
1101 1748 1257 1802 ἐκείνην
1284 1746 1358 1801 τὴν
1387 1743 1548 1800 μάχην.

109 1812 263 1860 ἐκεῖνος
305 1810 386 1867 γὰρ
410 1846 421 1865 ,
451 1814 585 1855 καίτοι
608 1812 759 1868 μικρὸν
783 1816 857 1868 τῆς
890 1814 1027 1870 νόσουἐ
1052 1812 1227 1868 ῥαΐσας,
1259 1810 1314 1860 ὥς
1336 1812 1494 1865 ἐγένετο
1521 1808 1550 1865 ἦ

199 1897 230 1930 5.
260 1894 394 1941 ῥαΐσας
419 1897 451 1930 Ρ.
547 1908 601 1930 22.
629 1895 650 1930 ἆ
677 1907 744 1929 om.
771 1898 804 1930 P.

105 1970 294 2003 Praeterea
319 1981 397 2003 cum
426 1970 616 2016 Rhodopes
643 1971 867 2017 praefectura
902 1975 998 2004 esset
1032 1971 1211 2010 Romana,
1259 1968 1483 2003 Stenimachi
1510 1972 1548 2001 et

105 2017 283 2060 Zepaenes
306 2018 511 2061 appellata,
539 2020 576 2051 iu
603 2030 672 2062 qua
700 2021 842 2062 equites
873 2029 945 2050 non
972 2018 1158 2061 pauciores
1189 2015 1311 2055 mille,
1336 2017 1436 2062 iique
1468 2014 1545 2046 bel·

104 2063 310 2095 licosissimi
357 2070 394 2098 et
427 2065 623 2098 multitudo
657 2065 842 2110 peditum,
879 2064 993 2098 visum
1033 2074 1075 2096 co
1115 2062 1343 2095 movendum.
1418 2063 1545 2105 Itaque

104 2109 360 2151 Didymoticho
402 2111 626 2155 egredientes
676 2111 855 2145 Mon-ham
912 2114 1100 2142 venerunt.
1186 2108 1266 2139 Illic
1314 2106 1460 2152 delapso
1506 2106 1546 2139 in

104 2155 268 2188 morbum
305 2157 453 2189 Amurio
490 2157 707 2197 consident,
741 2158 771 2190 si
810 2158 903 2190 forte
938 2156 1090 2188 haberet
1129 2154 1350 2187 meliuscule.
1411 2153 1546 2185 Verum

105 2206 321 2243 augescente
346 2203 465 2243 malo,
492 2216 571 2237 cum
598 2209 635 2236 et
657 2203 788 2236 medici
815 2209 851 2236 et
875 2202 1137 2235 medicamenta
1164 2201 1343 2239 deessent,
1366 2198 1545 2242 Didymo-

104 2247 241 2281 tichum
283 2253 516 2284 reverterunt.
574 2250 735 2293 Byzantii
772 2250 886 2282 Marte
920 2254 1047 2293 aperto
1080 2259 1157 2280 cum
1191 2246 1303 2279 Persis
1338 2244 1545 2290 depugnare

105 2304 180 2327 11011
207 2293 383 2327 valebant·
431 2297 543 2330 Missa
565 2301 684 2329 autem
711 2308 789 2329 cum
814 2296 904 2328 duce
930 2294 1112 2338 Sphranze
1135 2292 1410 2335 Adrianopolim
1436 2301 1546 2336 prae-

104 2340 252 2373 sidiaria
287 2351 408 2381 manu,
421 2343 534 2386 (quod
558 2353 600 2375 ea
623 2341 708 2376 urbs
737 2344 866 2376 ceteris
890 2341 1069 2374 Thraciae
1101 2338 1251 2372 urbibus
1275 2338 1389 2370 maior
1408 2343 1444 2370 et
1470 2348 1544 2369 ma-

105 2387 193 2420 ioris
229 2387 404 2420 momenti
441 2390 565 2432 essem
588 2399 666 2420 eam
701 2389 939 2427 muniebant,
975 2387 1054 2419 aliis
1090 2399 1153 2432 pro
1178 2384 1348 2417 facultate
1373 2384 1540 2418 consule-

103 2433 219 2472 bant,
250 2443 296 2466 ne
320 2432 364 2465 ab
391 2434 479 2478 ipsis
505 2434 551 2467 ad
578 2435 871 2468 Cantacuzenum
913 2434 1118 2466 deficerent.
1177 2430 1375 2474 Sphrauzes
1417 2431 1540 2475 itaque

105 2485 146 2511 ut
171 2480 422 2523 imperatorem
452 2481 718 2514 Stenimachum
745 2481 896 2514 tendere
923 2480 1127 2517 intellexit,
1155 2483 1252 2510 ratus
1280 2487 1316 2509 se
1343 2487 1471 2520 posse,
1495 2486 1539 2508 eo

102 2525 265 2564 absente,
280 2537 400 2570 agrum
427 2525 783 2569 Didymotichenscm
809 2526 1021 2570 depraedari
1052 2532 1087 2557 et
1111 2522 1380 2566 Adrianopolim
1394 2522 1538 2562 reverti,

102 2582 148 2605 eo
185 2577 537 2618 quantumquantum
583 2572 742 2606 habebat
775 2573 932 2606 militum
968 2571 1128 2604 adduxit.
1193 2569 1324 2602 Eadem
1353 2567 1441 2601 hora
1468 2568 1539 2600 im-

102 2625 248 2663 perator
288 2619 440 2651 fortuito
474 2630 518 2651 cx
562 2618 705 2652 Morrha
756 2631 836 2652 cum
873 2618 945 2650 suis
985 2617 1104 2655 redit,
1143 2616 1310 2660 factoque
1350 2615 1535 2654 conflictu,

102 2665 224 2708 plui-cs
256 2663 300 2698 de
326 2664 598 2708 praedatoribus
623 2666 835 2703 caeduntur,
866 2665 1006 2708 aliquot
1031 2664 1239 2705 capiuntur,
1275 2660 1348 2693 dux
1370 2661 1447 2704 ipse
1475 2661 1535 2692 in-

103 2711 288 2743 terficitur.
352 2710 518 2744 Amurius
554 2716 629 2743 tum
668 2713 706 2744 in
731 2716 890 2744 extremo
918 2709 1124 2742 discrimine
1150 2711 1308 2741 versatus
1333 2712 1396 2739 est.
1444 2706 1535 2740 Nam

105 2758 171 2789 etsi
192 2768 210 2790 e
230 2756 354 2789 morbo
371 2768 495 2800 parum
511 2755 628 2790 adhuc
642 2768 678 2790 sc
693 2758 945 2793 confirmasset,
959 2767 1076 2799 pugna
1103 2758 1227 2799 coepta
1240 2763 1337 2786 arma
1351 2753 1472 2786 induit
1498 2757 1534 2784 et

107 2802 144 2837 in
171 2804 322 2848 primam
346 2804 459 2838 aciem
484 2804 659 2848 processit
683 2815 724 2838 ac
748 2803 864 2839 tribus
894 2804 1008 2836 contis
1032 2802 1167 2846 petitus
1187 2825 1199 2842 ,
1224 2805 1364 2846 praeter
1403 2798 1532 2844 opini-
