<?xml version="1.0" encoding="UTF-8"?>
<!DOCTYPE html PUBLIC "-//W3C//DTD XHTML 1.0 Transitional//EN"
    "http://www.w3.org/TR/xhtml1/DTD/xhtml1-transitional.dtd">
<html xmlns="http://www.w3.org/1999/xhtml" xml:lang="en" lang="en">
 <head>
  <title>
</title>
<meta http-equiv="Content-Type" content="text/html;charset=utf-8" />
  <meta name='ocr-system' content='tesseract 3.04.00' />
  <meta name='ocr-capabilities' content='ocr_page ocr_carea ocr_par ocr_line ocrx_word'/>
</head>
<body>
  <div class='ocr_page' id='page_1' title='image "./corpusscriptorum24niebuoft_0248.png"; bbox 0 0 1800 3138; ppageno 0'>
   <div class='ocr_carea' id='block_1_1' title="bbox 262 187 1178 262">
    <p class='ocr_par' dir='ltr' id='par_1_1' title="bbox 262 187 1178 262">
     <span class='ocr_line' id='line_1_1' title="bbox 262 187 1178 262; baseline 0.005 -23"><span class='ocrx_word' id='word_1_1' title='bbox 262 254 265 262; x_wconf 20' lang='lat' dir='ltr'><em>A</em></span> <span class='ocrx_word' id='word_1_2' title='bbox 290 187 399 240; x_wconf 85' lang='lat'><strong>236</strong></span> <span class='ocrx_word' id='word_1_3' title='bbox 811 189 1178 246; x_wconf 73' lang='lat' dir='ltr'><strong>cANrAcUzENJ</strong></span> 
     </span>
    </p>
   </div>
   <div class='ocr_carea' id='block_1_2' title="bbox 75 296 1762 1843">
    <p class='ocr_par' dir='ltr' id='par_1_2' title="bbox 75 296 1756 940">
     <span class='ocr_line' id='line_1_2' title="bbox 75 296 1706 356; baseline 0.002 -15"><span class='ocrx_word' id='word_1_4' title='bbox 75 333 77 335; x_wconf 22' lang='lat' dir='ltr'>v</span> <span class='ocrx_word' id='word_1_5' title='bbox 91 310 179 344; x_wconf 69' lang='lat' dir='ltr'><strong>A2C.</strong></span> <span class='ocrx_word' id='word_1_6' title='bbox 200 303 450 356; x_wconf 63' lang='lat' dir='ltr'><strong>1342X9e‘h&#39;7v</strong></span> <span class='ocrx_word' id='word_1_7' title='bbox 479 296 557 343; x_wconf 79' lang='grc' dir='ltr'><strong>ὅσα</strong></span> <span class='ocrx_word' id='word_1_8' title='bbox 584 297 670 341; x_wconf 67' lang='grc' dir='ltr'><strong><em>ἔδει</em></strong></span> <span class='ocrx_word' id='word_1_9' title='bbox 698 301 930 354; x_wconf 75' lang='grc' dir='ltr'><strong><em>διαλεχθείς</em></strong></span> <span class='ocrx_word' id='word_1_10' title='bbox 954 303 1027 344; x_wconf 85' lang='grc' dir='ltr'><strong><em>καί</em></strong></span> <span class='ocrx_word' id='word_1_11' title='bbox 1043 304 1300 356; x_wconf 69' lang='grc' dir='ltr'><strong><em>προθεσμίαν</em></strong></span> <span class='ocrx_word' id='word_1_12' title='bbox 1317 303 1576 354; x_wconf 71' lang='grc' dir='ltr'><strong><em>συνθέμενος,</em></strong></span> <span class='ocrx_word' id='word_1_13' title='bbox 1607 306 1706 344; x_wconf 75' lang='grc' dir='ltr'><strong><em>καθ’</em></strong></span> 
     </span>
     <span class='ocr_line' id='line_1_3' title="bbox 279 360 1714 422; baseline 0.001 -16"><span class='ocrx_word' id='word_1_14' title='bbox 279 362 331 419; x_wconf 77' lang='grc' dir='ltr'><strong><em>ἢν</em></strong></span> <span class='ocrx_word' id='word_1_15' title='bbox 368 360 452 406; x_wconf 76' lang='grc' dir='ltr'><strong><em>ἔδει</em></strong></span> <span class='ocrx_word' id='word_1_16' title='bbox 479 363 530 407; x_wconf 81' lang='grc' dir='ltr'><strong><em>τοὶ</em></strong></span> <span class='ocrx_word' id='word_1_17' title='bbox 562 363 666 406; x_wconf 73' lang='grc' dir='ltr'><strong><em>οἶκοι</em></strong></span> <span class='ocrx_word' id='word_1_18' title='bbox 693 366 938 418; x_wconf 77' lang='grc' dir='ltr'><strong><em>διαθέμενον</em></strong></span> <span class='ocrx_word' id='word_1_19' title='bbox 967 368 1198 422; x_wconf 78' lang='grc' dir='ltr'><strong><em>α’φικέσθαι</em></strong></span> <span class='ocrx_word' id='word_1_20' title='bbox 1227 365 1331 421; x_wconf 84' lang='grc' dir='ltr'><strong><em>πρὸς</em></strong></span> <span class='ocrx_word' id='word_1_21' title='bbox 1369 365 1520 418; x_wconf 71' lang='grc' dir='ltr'><strong><em>αὐτὸν,</em></strong></span> <span class='ocrx_word' id='word_1_22' title='bbox 1562 365 1714 413; x_wconf 60' lang='grc' dir='ltr'><strong><em>ἔπειτα,</em></strong></span> 
     </span>
     <span class='ocr_line' id='line_1_4' title="bbox 280 427 1721 486; baseline 0 -16"><span class='ocrx_word' id='word_1_23' title='bbox 280 432 354 471; x_wconf 84' lang='grc' dir='ltr'><em>καί</em></span> <span class='ocrx_word' id='word_1_24' title='bbox 375 431 421 470; x_wconf 79' lang='grc' dir='ltr'><strong><em>ἐκ</em></strong></span> <span class='ocrx_word' id='word_1_25' title='bbox 449 432 522 484; x_wconf 76' lang='grc' dir='ltr'><strong>τῆς</strong></span> <span class='ocrx_word' id='word_1_26' title='bbox 549 428 704 475; x_wconf 79' lang='grc' dir='ltr'><strong><em>ἐκείνου</em></strong></span> <span class='ocrx_word' id='word_1_27' title='bbox 734 432 928 484; x_wconf 77' lang='grc' dir='ltr'><strong><em>στρατιᾶς</em></strong></span> <span class='ocrx_word' id='word_1_28' title='bbox 955 430 1031 472; x_wconf 71' lang='grc' dir='ltr'><strong>οὐκ</strong></span> <span class='ocrx_word' id='word_1_29' title='bbox 1058 430 1195 485; x_wconf 81' lang='grc' dir='ltr'><strong><em>ὀλίγην</em></strong></span> <span class='ocrx_word' id='word_1_30' title='bbox 1221 429 1473 486; x_wconf 80' lang='grc' dir='ltr'><strong><em>παραλαβών</em></strong></span> <span class='ocrx_word' id='word_1_31' title='bbox 1500 427 1587 483; x_wconf 75' lang='grc' dir='ltr'><strong>ἅμα</strong></span> <span class='ocrx_word' id='word_1_32' title='bbox 1616 435 1721 479; x_wconf 55' lang='lat' dir='ltr'><strong>rote-r</strong></span> 
     </span>
     <span class='ocr_line' id='line_1_5' title="bbox 282 491 1703 553; baseline -0.001 -17"><span class='ocrx_word' id='word_1_33' title='bbox 282 496 443 543; x_wconf 77' lang='grc' dir='ltr'><strong><em>οἰκείοις</em></strong></span> <span class='ocrx_word' id='word_1_34' title='bbox 483 493 667 548; x_wconf 73' lang='grc' dir='ltr'><strong>ἠπείγετο</strong></span> <span class='ocrx_word' id='word_1_35' title='bbox 709 491 812 549; x_wconf 85' lang='grc' dir='ltr'><strong><em>πρὸς</em></strong></span> <span class='ocrx_word' id='word_1_36' title='bbox 849 493 1209 550; x_wconf 77' lang='grc' dir='ltr'><strong><em>πρωτοστράτορα.</em></strong></span> <span class='ocrx_word' id='word_1_37' title='bbox 1275 496 1320 537; x_wconf 72' lang='grc' dir='ltr'><strong><em>ἓν</em></strong></span> <span class='ocrx_word' id='word_1_38' title='bbox 1362 497 1419 553; x_wconf 71' lang='grc' dir='ltr'><strong><em>τῷ</em></strong></span> <span class='ocrx_word' id='word_1_39' title='bbox 1458 493 1619 548; x_wconf 63' lang='grc' dir='ltr'><strong><em>μεταξὺ</em></strong></span> <span class='ocrx_word' id='word_1_40' title='bbox 1655 495 1703 542; x_wconf 71' lang='grc' dir='ltr'><strong><em>δὲ</em></strong></span> 
     </span>
     <span class='ocr_line' id='line_1_6' title="bbox 282 557 1727 616; baseline -0.001 -15"><span class='ocrx_word' id='word_1_41' title='bbox 282 560 530 616; x_wconf 66' lang='grc' dir='ltr'><strong><em>διερχομένη)</em></strong></span> <span class='ocrx_word' id='word_1_42' title='bbox 559 557 585 614; x_wconf 81' lang='grc' dir='ltr'><em>ἦ</em></span> <span class='ocrx_word' id='word_1_43' title='bbox 613 560 813 612; x_wconf 86' lang='grc' dir='ltr'><strong><em>Ῥεντίνα,</em></strong></span> <span class='ocrx_word' id='word_1_44' title='bbox 842 558 1046 616; x_wconf 78' lang='grc' dir='ltr'><strong><em>φρούριόν</em></strong></span> <span class='ocrx_word' id='word_1_45' title='bbox 1073 575 1114 601; x_wconf 87' lang='grc' dir='ltr'><strong><em>τι</em></strong></span> <span class='ocrx_word' id='word_1_46' title='bbox 1146 558 1444 615; x_wconf 83' lang='grc' dir='ltr'><strong><em>Θεσσαλονίκης</em></strong></span> <span class='ocrx_word' id='word_1_47' title='bbox 1471 557 1630 614; x_wconf 80' lang='grc' dir='ltr'><strong><em>ἡμέρας</em></strong></span> <span class='ocrx_word' id='word_1_48' title='bbox 1657 557 1727 600; x_wconf 79' lang='grc'><strong>6-5</strong></span> 
     </span>
     <span class='ocr_line' id='line_1_7' title="bbox 283 619 1703 680; baseline 0 -14"><span class='ocrx_word' id='word_1_49' title='bbox 283 623 358 666; x_wconf 88' lang='grc' dir='ltr'><strong><em>δόν</em></strong></span> <span class='ocrx_word' id='word_1_50' title='bbox 386 626 545 678; x_wconf 86' lang='grc' dir='ltr'><strong><em>διέχον,</em></strong></span> <span class='ocrx_word' id='word_1_51' title='bbox 577 625 890 680; x_wconf 75' lang='grc' dir='ltr'><strong><em>προσεχώρησεν</em></strong></span> <span class='ocrx_word' id='word_1_52' title='bbox 919 620 1067 667; x_wconf 70' lang='grc' dir='ltr'><strong><em>ἔκοντί.</em></strong></span> <span class='ocrx_word' id='word_1_53' title='bbox 1124 623 1362 666; x_wconf 76' lang='grc' dir='ltr'><strong><em>καταλιπών</em></strong></span> <span class='ocrx_word' id='word_1_54' title='bbox 1389 626 1436 666; x_wconf 84' lang='grc' dir='ltr'><strong><em>δὲ</em></strong></span> <span class='ocrx_word' id='word_1_55' title='bbox 1462 625 1607 674; x_wconf 73' lang='grc' dir='ltr'><strong><em>αὐτοῖς</em></strong></span> <span class='ocrx_word' id='word_1_56' title='bbox 1625 619 1703 678; x_wconf 68' lang='grc' dir='ltr'><strong>ἄρ,-</strong></span> 
     </span>
     <span class='ocr_line' id='line_1_8' title="bbox 279 688 1705 746; baseline 0.001 -16"><span class='ocrx_word' id='word_1_57' title='bbox 279 705 412 743; x_wconf 81' lang='grc' dir='ltr'><strong><em>χοντα</em></strong></span> <span class='ocrx_word' id='word_1_58' title='bbox 447 691 520 730; x_wconf 84' lang='grc' dir='ltr'><em>καί</em></span> <span class='ocrx_word' id='word_1_59' title='bbox 555 691 788 739; x_wconf 84' lang='grc' dir='ltr'><strong><em>διακοσίους</em></strong></span> <span class='ocrx_word' id='word_1_60' title='bbox 830 690 1085 746; x_wconf 79' lang='grc' dir='ltr'><strong><em>στρατιώτας</em></strong></span> <span class='ocrx_word' id='word_1_61' title='bbox 1132 689 1350 745; x_wconf 76' lang='grc' dir='ltr'><strong><em>φρουρὰν,</em></strong></span> <span class='ocrx_word' id='word_1_62' title='bbox 1397 688 1524 740; x_wconf 66' lang='grc' dir='ltr'><strong><em>αὐτὸς</em></strong></span> <span class='ocrx_word' id='word_1_63' title='bbox 1567 688 1705 731; x_wconf 74' lang='grc' dir='ltr'><strong><em>ἐλθών</em></strong></span> 
     </span>
     <span class='ocr_line' id='line_1_9' title="bbox 283 744 1704 811; baseline 0 -17"><span class='ocrx_word' id='word_1_64' title='bbox 283 755 650 807; x_wconf 77' lang='grc' dir='ltr'><strong><em>ἐστρατοπέδευσεν</em></strong></span> <span class='ocrx_word' id='word_1_65' title='bbox 689 744 733 796; x_wconf 72' lang='grc' dir='ltr'><strong><em>ἓν</em></strong></span> <span class='ocrx_word' id='word_1_66' title='bbox 769 755 977 811; x_wconf 79' lang='grc' dir='ltr'><strong><em>Λαγκαδᾷ</em></strong></span> <span class='ocrx_word' id='word_1_67' title='bbox 1018 751 1067 795; x_wconf 77' lang='grc' dir='ltr'><strong><em>οὗ</em></strong></span> <span class='ocrx_word' id='word_1_68' title='bbox 1104 753 1268 808; x_wconf 76' lang='grc' dir='ltr'><strong><em>μακρὰν</em></strong></span> <span class='ocrx_word' id='word_1_69' title='bbox 1311 756 1624 809; x_wconf 86' lang='grc' dir='ltr'><strong><em>Θεσσαλονίκης,</em></strong></span> <span class='ocrx_word' id='word_1_70' title='bbox 1676 748 1704 810; x_wconf 80' lang='grc' dir='ltr'><strong><em>ἦ</em></strong></span> 
     </span>
     <span class='ocr_line' id='line_1_10' title="bbox 286 816 1704 875; baseline -0.001 -16"><span class='ocrx_word' id='word_1_71' title='bbox 286 820 332 860; x_wconf 79' lang='grc' dir='ltr'><strong><em>δὲ</em></strong></span> <span class='ocrx_word' id='word_1_72' title='bbox 368 820 414 859; x_wconf 80' lang='grc' dir='ltr'><strong><em>ἐκ</em></strong></span> <span class='ocrx_word' id='word_1_73' title='bbox 440 819 672 869; x_wconf 85' lang='grc' dir='ltr'><strong><em>Βυζαντίου</em></strong></span> <span class='ocrx_word' id='word_1_74' title='bbox 708 818 882 874; x_wconf 73' lang='grc' dir='ltr'><strong><em>στρατια</em></strong></span> <span class='ocrx_word' id='word_1_75' title='bbox 911 816 1001 873; x_wconf 74' lang='grc' dir='ltr'><strong>ἅμα</strong></span> <span class='ocrx_word' id='word_1_76' title='bbox 1027 824 1267 875; x_wconf 83' lang='grc' dir='ltr'><strong><em>στρατηγοῖς</em></strong></span> <span class='ocrx_word' id='word_1_77' title='bbox 1292 824 1376 867; x_wconf 85' lang='grc' dir='ltr'><strong><em>τοῖς</em></strong></span> <span class='ocrx_word' id='word_1_78' title='bbox 1402 817 1704 872; x_wconf 83' lang='grc' dir='ltr'><strong><em>Παλαιολόγοις</em></strong></span> 
     </span>
     <span class='ocr_line' id='line_1_11' title="bbox 276 882 1756 940; baseline 0.001 -16"><span class='ocrx_word' id='word_1_79' title='bbox 276 882 521 939; x_wconf 75' lang='grc' dir='ltr'><strong><em>Ἀνδρονίκῳ</em></strong></span> <span class='ocrx_word' id='word_1_80' title='bbox 565 882 638 924; x_wconf 82' lang='grc' dir='ltr'><strong><em>καί</em></strong></span> <span class='ocrx_word' id='word_1_81' title='bbox 671 884 804 940; x_wconf 76' lang='grc' dir='ltr'><strong><em>Θωμᾷ</em></strong></span> <span class='ocrx_word' id='word_1_82' title='bbox 840 885 1068 940; x_wconf 70' lang='grc' dir='ltr'><strong><em>ἀφιγμένοι</em></strong></span> <span class='ocrx_word' id='word_1_83' title='bbox 1097 886 1156 932; x_wconf 84' lang='grc' dir='ltr'><strong>εἰς</strong></span> <span class='ocrx_word' id='word_1_84' title='bbox 1188 883 1353 939; x_wconf 77' lang='grc' dir='ltr'><strong><em>Φερὰς,</em></strong></span> <span class='ocrx_word' id='word_1_85' title='bbox 1397 882 1756 938; x_wconf 73' lang='grc' dir='ltr'><strong>παραλαβόντεςῐ.ο</strong></span> 
     </span>
    </p>

    <p class='ocr_par' dir='ltr' id='par_1_3' title="bbox 244 942 1762 1650">
     <span class='ocr_line' id='line_1_12' title="bbox 244 942 1704 1002; baseline 0 -15"><span class='ocrx_word' id='word_1_86' title='bbox 244 950 355 988; x_wconf 70' lang='grc' dir='ltr'><strong>(2καί</strong></span> <span class='ocrx_word' id='word_1_87' title='bbox 375 946 539 1001; x_wconf 77' lang='grc' dir='ltr'><strong><em>Συργην</em></strong></span> <span class='ocrx_word' id='word_1_88' title='bbox 575 942 723 1001; x_wconf 71' lang='grc' dir='ltr'><strong><em>ἄγοντα</em></strong></span> <span class='ocrx_word' id='word_1_89' title='bbox 758 947 830 1002; x_wconf 77' lang='grc' dir='ltr'><strong>την</strong></span> <span class='ocrx_word' id='word_1_90' title='bbox 867 950 913 989; x_wconf 81' lang='grc' dir='ltr'><strong><em>ἐκ</em></strong></span> <span class='ocrx_word' id='word_1_91' title='bbox 941 950 1208 996; x_wconf 77' lang='grc' dir='ltr'><strong><em>Μακεδονίας</em></strong></span> <span class='ocrx_word' id='word_1_92' title='bbox 1237 946 1448 1001; x_wconf 82' lang='grc' dir='ltr'><strong><em>στρατιὰν,</em></strong></span> <span class='ocrx_word' id='word_1_93' title='bbox 1478 946 1548 988; x_wconf 75' lang='grc' dir='ltr'><strong>καὶ</strong></span> <span class='ocrx_word' id='word_1_94' title='bbox 1574 945 1704 1002; x_wconf 81' lang='grc' dir='ltr'><strong><em>ἔπαρ-</em></strong></span> 
     </span>
     <span class='ocr_line' id='line_1_13' title="bbox 282 1009 1701 1069; baseline 0.001 -18"><span class='ocrx_word' id='word_1_95' title='bbox 282 1027 358 1065; x_wconf 89' lang='grc' dir='ltr'><strong>χον</strong></span> <span class='ocrx_word' id='word_1_96' title='bbox 393 1011 461 1054; x_wconf 87' lang='grc' dir='ltr'><strong>τὸν</strong></span> <span class='ocrx_word' id='word_1_97' title='bbox 496 1010 754 1066; x_wconf 79' lang='grc' dir='ltr'><strong><em>Μονομάχον</em></strong></span> <span class='ocrx_word' id='word_1_98' title='bbox 794 1011 1170 1069; x_wconf 83' lang='grc' dir='ltr'><strong><em>συστρατευόμενον</em></strong></span> <span class='ocrx_word' id='word_1_99' title='bbox 1207 1009 1294 1065; x_wconf 80' lang='grc' dir='ltr'><strong>ἅμα</strong></span> <span class='ocrx_word' id='word_1_100' title='bbox 1331 1018 1416 1062; x_wconf 79' lang='grc' dir='ltr'><strong><em>τοῖς</em></strong></span> <span class='ocrx_word' id='word_1_101' title='bbox 1444 1014 1628 1063; x_wconf 87' lang='grc' dir='ltr'><strong><em>οἰκείοις,</em></strong></span> <span class='ocrx_word' id='word_1_102' title='bbox 1656 1010 1701 1054; x_wconf 81' lang='grc' dir='ltr'><strong><em>τὸ</em></strong></span> 
     </span>
     <span class='ocr_line' id='line_1_14' title="bbox 283 1072 1729 1132; baseline 0.001 -15"><span class='ocrx_word' id='word_1_103' title='bbox 283 1075 438 1118; x_wconf 80' lang='grc' dir='ltr'><strong><em>ἐκείνου</em></strong></span> <span class='ocrx_word' id='word_1_104' title='bbox 466 1079 802 1131; x_wconf 85' lang='grc' dir='ltr'><strong><em>παραμείψαντες</em></strong></span> <span class='ocrx_word' id='word_1_105' title='bbox 826 1077 1103 1132; x_wconf 87' lang='grc' dir='ltr'><strong><em>στρατόπεδον</em></strong></span> <span class='ocrx_word' id='word_1_106' title='bbox 1119 1109 1130 1130; x_wconf 89' lang='grc'><strong><em>,</em></strong></span> <span class='ocrx_word' id='word_1_107' title='bbox 1169 1072 1268 1132; x_wconf 78' lang='grc' dir='ltr'><strong><em>ἧκον</em></strong></span> <span class='ocrx_word' id='word_1_108' title='bbox 1297 1077 1356 1125; x_wconf 83' lang='grc' dir='ltr'><strong>εἷς</strong></span> <span class='ocrx_word' id='word_1_109' title='bbox 1388 1075 1729 1131; x_wconf 72' lang='grc' dir='ltr'><strong><em>Θεσσαλονύιην.“</em></strong></span> 
     </span>
     <span class='ocr_line' id='line_1_15' title="bbox 283 1139 1706 1196; baseline 0 -15"><span class='ocrx_word' id='word_1_110' title='bbox 283 1139 477 1193; x_wconf 77' lang='grc' dir='ltr'><strong><em>βασιλεὺς</em></strong></span> <span class='ocrx_word' id='word_1_111' title='bbox 505 1142 550 1182; x_wconf 81' lang='grc' dir='ltr'><strong><em>δὲ</em></strong></span> <span class='ocrx_word' id='word_1_112' title='bbox 577 1142 666 1183; x_wconf 83' lang='grc' dir='ltr'><strong><em>ἐκεῖ</em></strong></span> <span class='ocrx_word' id='word_1_113' title='bbox 686 1140 760 1196; x_wconf 81' lang='grc' dir='ltr'><strong><em>τὴν</em></strong></span> <span class='ocrx_word' id='word_1_114' title='bbox 790 1140 914 1184; x_wconf 80' lang='grc' dir='ltr'><strong><em>νύκτα</em></strong></span> <span class='ocrx_word' id='word_1_115' title='bbox 942 1140 1245 1194; x_wconf 66' lang='grc' dir='ltr'><strong><em>αὐλισάμενος,</em></strong></span> <span class='ocrx_word' id='word_1_116' title='bbox 1285 1141 1341 1191; x_wconf 76' lang='grc' dir='ltr'><strong>ὥς</strong></span> <span class='ocrx_word' id='word_1_117' title='bbox 1366 1139 1425 1196; x_wconf 73' lang='grc' dir='ltr'><strong><em>μὴ</em></strong></span> <span class='ocrx_word' id='word_1_118' title='bbox 1455 1143 1593 1195; x_wconf 88' lang='grc' dir='ltr'><strong><em>δοκοίη</em></strong></span> <span class='ocrx_word' id='word_1_119' title='bbox 1621 1143 1706 1183; x_wconf 84' lang='grc' dir='ltr'><strong><em>δέει</em></strong></span> 
     </span>
     <span class='ocr_line' id='line_1_16' title="bbox 285 1202 1759 1261; baseline 0 -15"><span class='ocrx_word' id='word_1_120' title='bbox 285 1206 344 1261; x_wconf 71' lang='grc' dir='ltr'><strong><em>τῷ</em></strong></span> <span class='ocrx_word' id='word_1_121' title='bbox 371 1205 537 1246; x_wconf 82' lang='grc' dir='ltr'><strong><em>ἐκείνων</em></strong></span> <span class='ocrx_word' id='word_1_122' title='bbox 565 1205 896 1257; x_wconf 70' lang='grc' dir='ltr'><strong><em>ἀπανίστασθαι,</em></strong></span> <span class='ocrx_word' id='word_1_123' title='bbox 940 1208 999 1255; x_wconf 83' lang='grc' dir='ltr'><strong>εἰς</strong></span> <span class='ocrx_word' id='word_1_124' title='bbox 1024 1205 1098 1260; x_wconf 73' lang='grc' dir='ltr'><strong>τὴν</strong></span> <span class='ocrx_word' id='word_1_125' title='bbox 1136 1206 1356 1259; x_wconf 75' lang='grc' dir='ltr'><strong><em>ὖστεραίαν</em></strong></span> <span class='ocrx_word' id='word_1_126' title='bbox 1399 1202 1531 1260; x_wconf 75' lang='grc' dir='ltr'><strong><em>ἄρας,</em></strong></span> <span class='ocrx_word' id='word_1_127' title='bbox 1577 1202 1759 1260; x_wconf 68' lang='grc' dir='ltr'><strong><em>ἧλθενῐό</em></strong></span> 
     </span>
     <span class='ocr_line' id='line_1_17' title="bbox 283 1268 1707 1326; baseline 0.004 -18"><span class='ocrx_word' id='word_1_128' title='bbox 283 1270 344 1317; x_wconf 84' lang='grc' dir='ltr'><strong>εἷς</strong></span> <span class='ocrx_word' id='word_1_129' title='bbox 372 1268 561 1322; x_wconf 86' lang='grc' dir='ltr'><strong><em>Γαλικὸν,</em></strong></span> <span class='ocrx_word' id='word_1_130' title='bbox 592 1269 775 1323; x_wconf 88' lang='grc' dir='ltr'><strong><em>ποταμόν</em></strong></span> <span class='ocrx_word' id='word_1_131' title='bbox 802 1286 895 1312; x_wconf 91' lang='grc' dir='ltr'><strong><em>τινα</em></strong></span> <span class='ocrx_word' id='word_1_132' title='bbox 923 1270 1042 1326; x_wconf 74' lang='grc' dir='ltr'><strong><em>ἐγγύς</em></strong></span> <span class='ocrx_word' id='word_1_133' title='bbox 1072 1271 1384 1325; x_wconf 86' lang='grc' dir='ltr'><strong><em>Θεσσαλονίκης,</em></strong></span> <span class='ocrx_word' id='word_1_134' title='bbox 1414 1268 1516 1312; x_wconf 75' lang='grc' dir='ltr'><strong><em>ἔνθα</em></strong></span> <span class='ocrx_word' id='word_1_135' title='bbox 1544 1269 1564 1311; x_wconf 85' lang='grc' dir='ltr'><em>ὃ</em></span> <span class='ocrx_word' id='word_1_136' title='bbox 1594 1286 1707 1324; x_wconf 80' lang='grc' dir='ltr'><strong><em>πρω-</em></strong></span> 
     </span>
     <span class='ocr_line' id='line_1_18' title="bbox 285 1333 1707 1391; baseline 0.001 -17"><span class='ocrx_word' id='word_1_137' title='bbox 285 1333 525 1389; x_wconf 81' lang='grc' dir='ltr'><strong><em>τοστράτωρ</em></strong></span> <span class='ocrx_word' id='word_1_138' title='bbox 553 1336 626 1375; x_wconf 82' lang='grc' dir='ltr'><em>καί</em></span> <span class='ocrx_word' id='word_1_139' title='bbox 663 1333 700 1376; x_wconf 86' lang='grc' dir='ltr'><strong><em>οἱ</em></strong></span> <span class='ocrx_word' id='word_1_140' title='bbox 729 1338 773 1377; x_wconf 84' lang='grc' dir='ltr'><strong><em>ἑκ</em></strong></span> <span class='ocrx_word' id='word_1_141' title='bbox 805 1336 1104 1390; x_wconf 86' lang='grc' dir='ltr'><strong><em>Θεσσαλονίκης</em></strong></span> <span class='ocrx_word' id='word_1_142' title='bbox 1132 1333 1314 1391; x_wconf 77' lang='grc' dir='ltr'><strong><em>φυγάδες</em></strong></span> <span class='ocrx_word' id='word_1_143' title='bbox 1342 1339 1438 1389; x_wconf 75' lang='grc' dir='ltr'><strong><em>περὶ</em></strong></span> <span class='ocrx_word' id='word_1_144' title='bbox 1451 1338 1612 1389; x_wconf 86' lang='grc' dir='ltr'><strong><em>χιλίους</em></strong></span> <span class='ocrx_word' id='word_1_145' title='bbox 1640 1333 1707 1376; x_wconf 79' lang='grc' dir='ltr'><strong><em>ὅν-</em></strong></span> 
     </span>
     <span class='ocr_line' id='line_1_19' title="bbox 283 1398 1708 1455; baseline 0.002 -16"><span class='ocrx_word' id='word_1_146' title='bbox 283 1414 351 1446; x_wconf 87' lang='grc' dir='ltr'><strong>τες</strong></span> <span class='ocrx_word' id='word_1_147' title='bbox 366 1401 634 1453; x_wconf 83' lang='grc' dir='ltr'><strong><em>συνεγένοντο,</em></strong></span> <span class='ocrx_word' id='word_1_148' title='bbox 663 1402 744 1441; x_wconf 77' lang='grc' dir='ltr'><strong><em>τῶν</em></strong></span> <span class='ocrx_word' id='word_1_149' title='bbox 772 1400 907 1442; x_wconf 75' lang='grc' dir='ltr'><strong><em>ἵππων</em></strong></span> <span class='ocrx_word' id='word_1_150' title='bbox 928 1400 1166 1454; x_wconf 78' lang='grc' dir='ltr'><strong><em>α’ποβοέντες,</em></strong></span> <span class='ocrx_word' id='word_1_151' title='bbox 1195 1401 1251 1450; x_wconf 76' lang='grc' dir='ltr'><strong>ὥς</strong></span> <span class='ocrx_word' id='word_1_152' title='bbox 1278 1398 1471 1455; x_wconf 64' lang='grc' dir='ltr'><strong><em>προσήκει</em></strong></span> <span class='ocrx_word' id='word_1_153' title='bbox 1489 1403 1708 1454; x_wconf 78' lang='grc' dir='ltr'><strong><em>βασιλεῦσι</em></strong></span> 
     </span>
     <span class='ocr_line' id='line_1_20' title="bbox 286 1461 1707 1520; baseline 0.004 -17"><span class='ocrx_word' id='word_1_154' title='bbox 286 1461 524 1517; x_wconf 85' lang='grc' dir='ltr'><strong><em>προσιόντας</em></strong></span> <span class='ocrx_word' id='word_1_155' title='bbox 552 1463 759 1518; x_wconf 78' lang='grc' dir='ltr'><strong><em>πράττειν.</em></strong></span> <span class='ocrx_word' id='word_1_156' title='bbox 818 1464 978 1519; x_wconf 78' lang='grc' dir='ltr'><strong><em>πρῶτός</em></strong></span> <span class='ocrx_word' id='word_1_157' title='bbox 1006 1481 1047 1506; x_wconf 91' lang='grc' dir='ltr'><strong>τε</strong></span> <span class='ocrx_word' id='word_1_158' title='bbox 1077 1464 1099 1506; x_wconf 81' lang='grc' dir='ltr'>ὅ</span> <span class='ocrx_word' id='word_1_159' title='bbox 1118 1464 1446 1520; x_wconf 84' lang='grc' dir='ltr'><strong><em>πρωτοστροὶτιορ</em></strong></span> <span class='ocrx_word' id='word_1_160' title='bbox 1469 1463 1707 1520; x_wconf 73' lang='grc' dir='ltr'><strong><em>προσελθών</em></strong></span> 
     </span>
     <span class='ocr_line' id='line_1_21' title="bbox 285 1525 1762 1585; baseline 0.003 -17"><span class='ocrx_word' id='word_1_161' title='bbox 285 1529 401 1584; x_wconf 83' lang='grc' dir='ltr'><strong><em>πεζῇ,</em></strong></span> <span class='ocrx_word' id='word_1_162' title='bbox 428 1525 633 1582; x_wconf 77' lang='grc' dir='ltr'><strong><em>ἠσπάζετο</em></strong></span> <span class='ocrx_word' id='word_1_163' title='bbox 660 1527 729 1570; x_wconf 90' lang='grc' dir='ltr'><strong>τὸν</strong></span> <span class='ocrx_word' id='word_1_164' title='bbox 755 1532 964 1582; x_wconf 74' lang='grc' dir='ltr'><strong><em>βασιλέως,</em></strong></span> <span class='ocrx_word' id='word_1_165' title='bbox 985 1528 1106 1583; x_wconf 83' lang='grc' dir='ltr'><strong><em>πόδα,</em></strong></span> <span class='ocrx_word' id='word_1_166' title='bbox 1137 1526 1212 1571; x_wconf 83' lang='grc' dir='ltr'><strong><em>εἶτ’</em></strong></span> <span class='ocrx_word' id='word_1_167' title='bbox 1238 1531 1387 1585; x_wconf 75' lang='grc' dir='ltr'><strong><em>ἐφεξῆς</em></strong></span> <span class='ocrx_word' id='word_1_168' title='bbox 1413 1532 1486 1571; x_wconf 81' lang='grc' dir='ltr'><em>καί</em></span> <span class='ocrx_word' id='word_1_169' title='bbox 1510 1528 1547 1571; x_wconf 87' lang='grc' dir='ltr'><strong><em>οἱ</em></strong></span> <span class='ocrx_word' id='word_1_170' title='bbox 1575 1529 1762 1573; x_wconf 65' lang='grc' dir='ltr'><strong><em>λοιποίΖΩ</em></strong></span> 
     </span>
     <span class='ocr_line' id='line_1_22' title="bbox 287 1590 1710 1650; baseline 0.001 -17"><span class='ocrx_word' id='word_1_171' title='bbox 287 1594 513 1646; x_wconf 85' lang='grc' dir='ltr'><strong><em>προσίεσαν</em></strong></span> <span class='ocrx_word' id='word_1_172' title='bbox 554 1592 720 1644; x_wconf 80' lang='grc' dir='ltr'><strong><em>ὁμοίως.</em></strong></span> <span class='ocrx_word' id='word_1_173' title='bbox 792 1593 987 1646; x_wconf 81' lang='grc' dir='ltr'><strong><em>βασιλεύς</em></strong></span> <span class='ocrx_word' id='word_1_174' title='bbox 1028 1610 1072 1635; x_wconf 86' lang='grc' dir='ltr'><strong>τε</strong></span> <span class='ocrx_word' id='word_1_175' title='bbox 1108 1593 1181 1635; x_wconf 76' lang='grc' dir='ltr'><em>καί</em></span> <span class='ocrx_word' id='word_1_176' title='bbox 1209 1590 1337 1643; x_wconf 77' lang='grc' dir='ltr'><strong><em>αὖτός</em></strong></span> <span class='ocrx_word' id='word_1_177' title='bbox 1365 1593 1710 1650; x_wconf 80' lang='grc' dir='ltr'><strong><em>πρωτοστρὰτορα</em></strong></span> 
     </span>
    </p>

    <p class='ocr_par' dir='ltr' id='par_1_4' title="bbox 246 1653 1711 1843">
     <span class='ocr_line' id='line_1_23' title="bbox 246 1653 1711 1713; baseline 0.003 -15"><span class='ocrx_word' id='word_1_178' title='bbox 246 1657 364 1708; x_wconf 76' lang='grc' dir='ltr'><strong><em>Βμὲν</em></strong></span> <span class='ocrx_word' id='word_1_179' title='bbox 404 1656 485 1697; x_wconf 86' lang='grc' dir='ltr'><strong>α’πό</strong></span> <span class='ocrx_word' id='word_1_180' title='bbox 525 1658 600 1698; x_wconf 80' lang='grc' dir='ltr'><strong>τοῦ</strong></span> <span class='ocrx_word' id='word_1_181' title='bbox 636 1656 762 1698; x_wconf 77' lang='grc' dir='ltr'><strong><em>ἵππου</em></strong></span> <span class='ocrx_word' id='word_1_182' title='bbox 799 1655 938 1710; x_wconf 83' lang='grc' dir='ltr'><strong><em>κύψας</em></strong></span> <span class='ocrx_word' id='word_1_183' title='bbox 977 1655 1280 1713; x_wconf 78' lang='grc' dir='ltr'><strong><em>α’ντησποίζετο·</em></strong></span> <span class='ocrx_word' id='word_1_184' title='bbox 1351 1657 1450 1707; x_wconf 82' lang='grc' dir='ltr'><strong>τούς</strong></span> <span class='ocrx_word' id='word_1_185' title='bbox 1486 1659 1525 1699; x_wconf 82' lang='grc' dir='ltr'><strong><em>δ’</em></strong></span> <span class='ocrx_word' id='word_1_186' title='bbox 1564 1653 1711 1706; x_wconf 75' lang='grc' dir='ltr'><strong><em>ἄλλους</em></strong></span> 
     </span>
     <span class='ocr_line' id='line_1_24' title="bbox 284 1718 1710 1778; baseline 0.004 -17"><span class='ocrx_word' id='word_1_187' title='bbox 284 1721 561 1775; x_wconf 86' lang='grc' dir='ltr'><strong><em>προσηγόρευε</em></strong></span> <span class='ocrx_word' id='word_1_188' title='bbox 586 1738 750 1777; x_wconf 87' lang='grc' dir='ltr'><strong><em>παριων</em></strong></span> <span class='ocrx_word' id='word_1_189' title='bbox 769 1755 780 1772; x_wconf 93' lang='grc'><strong><em>,</em></strong></span> <span class='ocrx_word' id='word_1_190' title='bbox 810 1724 935 1765; x_wconf 81' lang='grc' dir='ltr'><strong><em>πᾶσιν</em></strong></span> <span class='ocrx_word' id='word_1_191' title='bbox 961 1718 1066 1777; x_wconf 70' lang='grc' dir='ltr'><strong><em>ἦθος</em></strong></span> <span class='ocrx_word' id='word_1_192' title='bbox 1092 1723 1272 1778; x_wconf 83' lang='grc' dir='ltr'><strong><em>χρηστὸν</em></strong></span> <span class='ocrx_word' id='word_1_193' title='bbox 1295 1725 1509 1778; x_wconf 80' lang='grc' dir='ltr'><strong><em>ἐμφαίνων</em></strong></span> <span class='ocrx_word' id='word_1_194' title='bbox 1528 1722 1600 1764; x_wconf 82' lang='grc' dir='ltr'><strong><em>καί</em></strong></span> <span class='ocrx_word' id='word_1_195' title='bbox 1615 1724 1710 1776; x_wconf 80' lang='grc' dir='ltr'><strong><em>βλέ-</em></strong></span> 
     </span>
     <span class='ocr_line' id='line_1_25' title="bbox 284 1782 1708 1843; baseline 0.002 -18"><span class='ocrx_word' id='word_1_196' title='bbox 284 1801 374 1827; x_wconf 87' lang='grc' dir='ltr'><strong><em>πων</em></strong></span> <span class='ocrx_word' id='word_1_197' title='bbox 411 1785 595 1838; x_wconf 75' lang='grc' dir='ltr'><strong><em>ειῖμενές.</em></strong></span> <span class='ocrx_word' id='word_1_198' title='bbox 669 1782 893 1841; x_wconf 82' lang='grc' dir='ltr'><strong><em>ηὖλίσαντό</em></strong></span> <span class='ocrx_word' id='word_1_199' title='bbox 935 1803 980 1829; x_wconf 83' lang='grc' dir='ltr'><strong>τε</strong></span> <span class='ocrx_word' id='word_1_200' title='bbox 1019 1786 1472 1843; x_wconf 77' lang='grc' dir='ltr'><strong><em>στρατοπεδευσάμενοι</em></strong></span> <span class='ocrx_word' id='word_1_201' title='bbox 1509 1788 1600 1829; x_wconf 74' lang='grc' dir='ltr'><strong><em>ἐκεῖ</em></strong></span> <span class='ocrx_word' id='word_1_202' title='bbox 1633 1785 1708 1842; x_wconf 70' lang='grc' dir='ltr'><strong>την</strong></span> 
     </span>
    </p>
   </div>
   <div class='ocr_carea' id='block_1_3' title="bbox 284 1939 1711 2811">
    <p class='ocr_par' dir='ltr' id='par_1_5' title="bbox 284 1939 1711 2811">
     <span class='ocr_line' id='line_1_26' title="bbox 286 1939 1707 1986; baseline 0.001 -13"><span class='ocrx_word' id='word_1_203' title='bbox 286 1939 409 1973; x_wconf 86' lang='lat' dir='ltr'><strong>salutis</strong></span> <span class='ocrx_word' id='word_1_204' title='bbox 434 1945 471 1973; x_wconf 85' lang='lat' dir='ltr'><strong>et</strong></span> <span class='ocrx_word' id='word_1_205' title='bbox 502 1940 671 1974; x_wconf 86' lang='lat' dir='ltr'><strong>victoriae</strong></span> <span class='ocrx_word' id='word_1_206' title='bbox 707 1951 769 1985; x_wconf 89' lang='lat' dir='ltr'><strong>spe</strong></span> <span class='ocrx_word' id='word_1_207' title='bbox 799 1941 935 1982; x_wconf 77' lang='lat' dir='ltr'><strong>defixa,</strong></span> <span class='ocrx_word' id='word_1_208' title='bbox 970 1952 1048 1975; x_wconf 87' lang='lat' dir='ltr'><strong>cum</strong></span> <span class='ocrx_word' id='word_1_209' title='bbox 1072 1940 1201 1976; x_wconf 89' lang='lat' dir='ltr'><strong>Chrele</strong></span> <span class='ocrx_word' id='word_1_210' title='bbox 1226 1951 1290 1986; x_wconf 87' lang='lat' dir='ltr'><strong>pro</strong></span> <span class='ocrx_word' id='word_1_211' title='bbox 1325 1946 1485 1984; x_wconf 88' lang='lat' dir='ltr'><strong>tempore</strong></span> <span class='ocrx_word' id='word_1_212' title='bbox 1510 1940 1707 1975; x_wconf 87' lang='lat' dir='ltr'><strong>collocutus</strong></span> 
     </span>
     <span class='ocr_line' id='line_1_27' title="bbox 286 1986 1708 2034; baseline 0.001 -15"><span class='ocrx_word' id='word_1_213' title='bbox 286 1991 324 2019; x_wconf 85' lang='lat' dir='ltr'><strong>et</strong></span> <span class='ocrx_word' id='word_1_214' title='bbox 346 1997 424 2019; x_wconf 90' lang='lat' dir='ltr'><strong>cum</strong></span> <span class='ocrx_word' id='word_1_215' title='bbox 449 1996 490 2018; x_wconf 90' lang='lat' dir='ltr'><strong>eo</strong></span> <span class='ocrx_word' id='word_1_216' title='bbox 516 1986 610 2019; x_wconf 87' lang='lat' dir='ltr'><strong>diem</strong></span> <span class='ocrx_word' id='word_1_217' title='bbox 634 1991 784 2030; x_wconf 85' lang='lat' dir='ltr'><strong>pactus,</strong></span> <span class='ocrx_word' id='word_1_218' title='bbox 822 2000 892 2034; x_wconf 88' lang='lat' dir='ltr'><strong>quo</strong></span> <span class='ocrx_word' id='word_1_219' title='bbox 916 1987 1022 2020; x_wconf 87' lang='lat' dir='ltr'><strong>rebus</strong></span> <span class='ocrx_word' id='word_1_220' title='bbox 1048 1987 1145 2021; x_wconf 88' lang='lat' dir='ltr'><strong>domi</strong></span> <span class='ocrx_word' id='word_1_221' title='bbox 1178 1987 1359 2033; x_wconf 81' lang='lat' dir='ltr'>dispositis</span> <span class='ocrx_word' id='word_1_222' title='bbox 1390 1991 1497 2032; x_wconf 90' lang='lat' dir='ltr'><strong>atque</strong></span> <span class='ocrx_word' id='word_1_223' title='bbox 1534 1986 1708 2021; x_wconf 85' lang='lat' dir='ltr'><strong>ordinatis</strong></span> 
     </span>
     <span class='ocr_line' id='line_1_28' title="bbox 286 2031 1711 2078; baseline 0.001 -14"><span class='ocrx_word' id='word_1_224' title='bbox 286 2033 332 2064; x_wconf 84' lang='lat' dir='ltr'><strong>ad</strong></span> <span class='ocrx_word' id='word_1_225' title='bbox 359 2043 396 2065; x_wconf 89' lang='lat' dir='ltr'><strong>se</strong></span> <span class='ocrx_word' id='word_1_226' title='bbox 422 2031 580 2074; x_wconf 78' lang='lat' dir='ltr'><strong>veniret3</strong></span> <span class='ocrx_word' id='word_1_227' title='bbox 607 2031 738 2065; x_wconf 87' lang='lat' dir='ltr'><strong>deinde</strong></span> <span class='ocrx_word' id='word_1_228' title='bbox 763 2044 805 2066; x_wconf 84' lang='lat' dir='ltr'><strong>ex</strong></span> <span class='ocrx_word' id='word_1_229' title='bbox 828 2034 1019 2077; x_wconf 85' lang='lat' dir='ltr'><strong>manipulis</strong></span> <span class='ocrx_word' id='word_1_230' title='bbox 1038 2034 1138 2066; x_wconf 88' lang='lat' dir='ltr'><strong>illius</strong></span> <span class='ocrx_word' id='word_1_231' title='bbox 1162 2043 1232 2066; x_wconf 87' lang='lat' dir='ltr'><strong>non</strong></span> <span class='ocrx_word' id='word_1_232' title='bbox 1257 2032 1378 2077; x_wconf 81' lang='lat' dir='ltr'>paucis</span> <span class='ocrx_word' id='word_1_233' title='bbox 1397 2032 1602 2076; x_wconf 72' lang='lat' dir='ltr'><strong>assumptis,</strong></span> <span class='ocrx_word' id='word_1_234' title='bbox 1627 2033 1711 2078; x_wconf 87' lang='lat' dir='ltr'><strong>qui-</strong></span> 
     </span>
     <span class='ocr_line' id='line_1_29' title="bbox 284 2078 1711 2124; baseline -0.001 -13"><span class='ocrx_word' id='word_1_235' title='bbox 284 2078 353 2111; x_wconf 87' lang='lat' dir='ltr'><strong>hus</strong></span> <span class='ocrx_word' id='word_1_236' title='bbox 377 2089 478 2110; x_wconf 88' lang='lat' dir='ltr'><strong>suum</strong></span> <span class='ocrx_word' id='word_1_237' title='bbox 506 2079 699 2112; x_wconf 82' lang='lat' dir='ltr'><strong>exercitum</strong></span> <span class='ocrx_word' id='word_1_238' title='bbox 724 2085 880 2122; x_wconf 74' lang='lat' dir='ltr'><strong>augeret,</strong></span> <span class='ocrx_word' id='word_1_239' title='bbox 909 2079 954 2112; x_wconf 84' lang='lat' dir='ltr'><strong>ad</strong></span> <span class='ocrx_word' id='word_1_240' title='bbox 976 2084 1265 2124; x_wconf 79' lang='lat' dir='ltr'><strong>protostrator-em</strong></span> <span class='ocrx_word' id='word_1_241' title='bbox 1291 2078 1484 2112; x_wconf 77' lang='lat' dir='ltr'>festinavit.</span> <span class='ocrx_word' id='word_1_242' title='bbox 1527 2078 1568 2111; x_wconf 89' lang='lat' dir='ltr'><strong>In</strong></span> <span class='ocrx_word' id='word_1_243' title='bbox 1592 2083 1711 2111; x_wconf 82' lang='lat' dir='ltr'><strong>trans-</strong></span> 
     </span>
     <span class='ocr_line' id='line_1_30' title="bbox 285 2123 1709 2169; baseline 0.001 -13"><span class='ocrx_word' id='word_1_244' title='bbox 285 2124 340 2156; x_wconf 87' lang='lat' dir='ltr'><strong>itu</strong></span> <span class='ocrx_word' id='word_1_245' title='bbox 372 2123 586 2167; x_wconf 85' lang='lat' dir='ltr'>oppidulum</span> <span class='ocrx_word' id='word_1_246' title='bbox 621 2124 798 2169; x_wconf 85' lang='lat' dir='ltr'><strong>quoddam</strong></span> <span class='ocrx_word' id='word_1_247' title='bbox 830 2125 1029 2166; x_wconf 83' lang='lat' dir='ltr'><strong>Rhentina,</strong></span> <span class='ocrx_word' id='word_1_248' title='bbox 1071 2123 1320 2158; x_wconf 80' lang='lat' dir='ltr'>Thessalonica</span> <span class='ocrx_word' id='word_1_249' title='bbox 1347 2125 1452 2156; x_wconf 90' lang='lat' dir='ltr'><strong>unius</strong></span> <span class='ocrx_word' id='word_1_250' title='bbox 1477 2123 1551 2156; x_wconf 86' lang='lat' dir='ltr'><strong>diei</strong></span> <span class='ocrx_word' id='word_1_251' title='bbox 1577 2125 1709 2158; x_wconf 80' lang='lat' dir='ltr'><strong>itinere</strong></span> 
     </span>
     <span class='ocr_line' id='line_1_31' title="bbox 287 2168 1708 2214; baseline 0.001 -13"><span class='ocrx_word' id='word_1_252' title='bbox 287 2169 443 2208; x_wconf 78' lang='lat' dir='ltr'><strong>distans,</strong></span> <span class='ocrx_word' id='word_1_253' title='bbox 472 2168 567 2202; x_wconf 88' lang='lat' dir='ltr'><strong>ultro</strong></span> <span class='ocrx_word' id='word_1_254' title='bbox 603 2170 640 2201; x_wconf 89' lang='lat' dir='ltr'><strong>iu</strong></span> <span class='ocrx_word' id='word_1_255' title='bbox 664 2171 740 2203; x_wconf 87' lang='lat' dir='ltr'><strong>eius</strong></span> <span class='ocrx_word' id='word_1_256' title='bbox 765 2171 940 2204; x_wconf 79' lang='lat' dir='ltr'><strong>ditionem</strong></span> <span class='ocrx_word' id='word_1_257' title='bbox 972 2172 1094 2213; x_wconf 86' lang='lat' dir='ltr'><strong>venit;</strong></span> <span class='ocrx_word' id='word_1_258' title='bbox 1128 2170 1191 2203; x_wconf 89' lang='lat' dir='ltr'><strong>ubi</strong></span> <span class='ocrx_word' id='word_1_259' title='bbox 1222 2170 1401 2214; x_wconf 82' lang='lat' dir='ltr'><strong>praefecto</strong></span> <span class='ocrx_word' id='word_1_260' title='bbox 1436 2180 1514 2201; x_wconf 89' lang='lat' dir='ltr'><strong>cum</strong></span> <span class='ocrx_word' id='word_1_261' title='bbox 1546 2169 1708 2203; x_wconf 72' lang='lat' dir='ltr'><strong>ducentis</strong></span> 
     </span>
     <span class='ocr_line' id='line_1_32' title="bbox 285 2215 1709 2261; baseline 0 -13"><span class='ocrx_word' id='word_1_262' title='bbox 285 2215 465 2248; x_wconf 82' lang='lat' dir='ltr'><strong>militibus</strong></span> <span class='ocrx_word' id='word_1_263' title='bbox 484 2215 655 2259; x_wconf 84' lang='lat' dir='ltr'><strong>praesidii</strong></span> <span class='ocrx_word' id='word_1_264' title='bbox 671 2228 773 2250; x_wconf 85' lang='lat' dir='ltr'><strong>causa</strong></span> <span class='ocrx_word' id='word_1_265' title='bbox 794 2218 948 2257; x_wconf 88' lang='lat' dir='ltr'><strong>relictis,</strong></span> <span class='ocrx_word' id='word_1_266' title='bbox 975 2226 1122 2261; x_wconf 84' lang='lat' dir='ltr'>pergens</span> <span class='ocrx_word' id='word_1_267' title='bbox 1137 2215 1320 2260; x_wconf 86' lang='lat' dir='ltr'><strong>Langadae</strong></span> <span class='ocrx_word' id='word_1_268' title='bbox 1344 2215 1439 2248; x_wconf 79' lang='lat' dir='ltr'><strong>haud</strong></span> <span class='ocrx_word' id='word_1_269' title='bbox 1456 2216 1580 2259; x_wconf 88' lang='lat' dir='ltr'><strong>procul</strong></span> <span class='ocrx_word' id='word_1_270' title='bbox 1594 2215 1709 2248; x_wconf 79' lang='lat' dir='ltr'><strong>&#39;rhes-</strong></span> 
     </span>
     <span class='ocr_line' id='line_1_33' title="bbox 287 2261 1709 2305; baseline 0.001 -12"><span class='ocrx_word' id='word_1_271' title='bbox 287 2261 443 2293; x_wconf 80' lang='lat' dir='ltr'><strong>salonica</strong></span> <span class='ocrx_word' id='word_1_272' title='bbox 480 2261 648 2298; x_wconf 78' lang='lat' dir='ltr'><strong>tetendit.</strong></span> <span class='ocrx_word' id='word_1_273' title='bbox 694 2262 821 2295; x_wconf 87' lang='lat' dir='ltr'><strong>Manus</strong></span> <span class='ocrx_word' id='word_1_274' title='bbox 865 2267 980 2295; x_wconf 88' lang='lat' dir='ltr'><strong>autem</strong></span> <span class='ocrx_word' id='word_1_275' title='bbox 1014 2261 1202 2305; x_wconf 83' lang='lat' dir='ltr'><strong>Byzantina</strong></span> <span class='ocrx_word' id='word_1_276' title='bbox 1217 2286 1226 2301; x_wconf 90' lang='lat'>,</span> <span class='ocrx_word' id='word_1_277' title='bbox 1266 2261 1468 2294; x_wconf 80' lang='lat' dir='ltr'><strong>Andronico</strong></span> <span class='ocrx_word' id='word_1_278' title='bbox 1506 2266 1542 2294; x_wconf 91' lang='lat' dir='ltr'><strong>et</strong></span> <span class='ocrx_word' id='word_1_279' title='bbox 1571 2261 1709 2295; x_wconf 84' lang='lat' dir='ltr'><strong>Thoma</strong></span> 
     </span>
     <span class='ocr_line' id='line_1_34' title="bbox 285 2306 1709 2352; baseline -0.001 -11"><span class='ocrx_word' id='word_1_280' title='bbox 285 2306 507 2350; x_wconf 83' lang='lat' dir='ltr'><strong>Palaeologis</strong></span> <span class='ocrx_word' id='word_1_281' title='bbox 532 2307 706 2348; x_wconf 88' lang='lat' dir='ltr'><strong>ducibus,</strong></span> <span class='ocrx_word' id='word_1_282' title='bbox 738 2319 817 2341; x_wconf 88' lang='lat' dir='ltr'><strong>cum</strong></span> <span class='ocrx_word' id='word_1_283' title='bbox 842 2309 969 2341; x_wconf 81' lang='lat' dir='ltr'><strong>Pheras</strong></span> <span class='ocrx_word' id='word_1_284' title='bbox 996 2308 1172 2346; x_wconf 82' lang='lat' dir='ltr'><strong>venisset,</strong></span> <span class='ocrx_word' id='word_1_285' title='bbox 1193 2307 1365 2340; x_wconf 84' lang='lat' dir='ltr'><strong>adiuncto</strong></span> <span class='ocrx_word' id='word_1_286' title='bbox 1390 2307 1518 2352; x_wconf 79' lang='lat' dir='ltr'><strong>Syrge,</strong></span> <span class='ocrx_word' id='word_1_287' title='bbox 1542 2307 1604 2351; x_wconf 91' lang='lat' dir='ltr'><strong>qui</strong></span> <span class='ocrx_word' id='word_1_288' title='bbox 1628 2307 1709 2339; x_wconf 73' lang='lat' dir='ltr'><strong>Ma·</strong></span> 
     </span>
     <span class='ocr_line' id='line_1_35' title="bbox 287 2352 1708 2398; baseline 0.001 -13"><span class='ocrx_word' id='word_1_289' title='bbox 287 2353 440 2385; x_wconf 77' lang='lat' dir='ltr'><strong>cedonas</strong></span> <span class='ocrx_word' id='word_1_290' title='bbox 466 2352 642 2392; x_wconf 85' lang='lat' dir='ltr'><strong>ducebat,</strong></span> <span class='ocrx_word' id='word_1_291' title='bbox 667 2359 703 2386; x_wconf 91' lang='lat' dir='ltr'><strong>et</strong></span> <span class='ocrx_word' id='word_1_292' title='bbox 725 2354 906 2398; x_wconf 82' lang='lat' dir='ltr'><strong>praefecto</strong></span> <span class='ocrx_word' id='word_1_293' title='bbox 926 2352 1160 2386; x_wconf 85' lang='lat' dir='ltr'><strong>Monomacho</strong></span> <span class='ocrx_word' id='word_1_294' title='bbox 1184 2364 1262 2385; x_wconf 90' lang='lat' dir='ltr'><strong>cum</strong></span> <span class='ocrx_word' id='word_1_295' title='bbox 1282 2352 1482 2391; x_wconf 83' lang='lat' dir='ltr'><strong>Thessalis,</strong></span> <span class='ocrx_word' id='word_1_296' title='bbox 1507 2353 1708 2396; x_wconf 79' lang='lat' dir='ltr'><strong>praeteritis</strong></span> 
     </span>
     <span class='ocr_line' id='line_1_36' title="bbox 287 2397 1709 2442; baseline 0.001 -12"><span class='ocrx_word' id='word_1_297' title='bbox 287 2398 526 2431; x_wconf 76' lang='lat' dir='ltr'><strong>Cantacuzeni</strong></span> <span class='ocrx_word' id='word_1_298' title='bbox 551 2398 706 2439; x_wconf 82' lang='lat' dir='ltr'><strong>stativis,</strong></span> <span class='ocrx_word' id='word_1_299' title='bbox 744 2398 1031 2433; x_wconf 85' lang='lat' dir='ltr'><strong>Thessalonicam</strong></span> <span class='ocrx_word' id='word_1_300' title='bbox 1057 2398 1173 2431; x_wconf 82' lang='lat' dir='ltr'><strong>inivit.</strong></span> <span class='ocrx_word' id='word_1_301' title='bbox 1220 2399 1415 2442; x_wconf 79' lang='lat' dir='ltr'><strong>Imperator</strong></span> <span class='ocrx_word' id='word_1_302' title='bbox 1440 2404 1544 2431; x_wconf 89' lang='lat' dir='ltr'><strong>nocte</strong></span> <span class='ocrx_word' id='word_1_303' title='bbox 1566 2397 1619 2430; x_wconf 86' lang='lat' dir='ltr'><strong>ibi</strong></span> <span class='ocrx_word' id='word_1_304' title='bbox 1643 2409 1709 2431; x_wconf 78' lang='lat' dir='ltr'><strong>ex-</strong></span> 
     </span>
     <span class='ocr_line' id='line_1_37' title="bbox 288 2444 1708 2489; baseline 0.001 -15"><span class='ocrx_word' id='word_1_305' title='bbox 288 2448 388 2483; x_wconf 83' lang='lat' dir='ltr'><strong>acta,</strong></span> <span class='ocrx_word' id='word_1_306' title='bbox 423 2454 469 2476; x_wconf 86' lang='lat' dir='ltr'><strong>ne</strong></span> <span class='ocrx_word' id='word_1_307' title='bbox 492 2444 636 2477; x_wconf 90' lang='lat' dir='ltr'><strong>illorum</strong></span> <span class='ocrx_word' id='word_1_308' title='bbox 663 2449 758 2477; x_wconf 90' lang='lat' dir='ltr'><strong>metu</strong></span> <span class='ocrx_word' id='word_1_309' title='bbox 786 2444 872 2478; x_wconf 89' lang='lat' dir='ltr'><strong>inde</strong></span> <span class='ocrx_word' id='word_1_310' title='bbox 907 2449 1091 2489; x_wconf 86' lang='lat' dir='ltr'><strong>putaretur</strong></span> <span class='ocrx_word' id='word_1_311' title='bbox 1123 2444 1327 2485; x_wconf 85' lang='lat' dir='ltr'><strong>discedere,</strong></span> <span class='ocrx_word' id='word_1_312' title='bbox 1362 2444 1535 2489; x_wconf 81' lang='lat' dir='ltr'><strong>postridie</strong></span> <span class='ocrx_word' id='word_1_313' title='bbox 1564 2454 1708 2478; x_wconf 85' lang='lat' dir='ltr'><strong>movens</strong></span> 
     </span>
     <span class='ocr_line' id='line_1_38' title="bbox 287 2487 1708 2535; baseline 0.001 -14"><span class='ocrx_word' id='word_1_314' title='bbox 287 2487 334 2521; x_wconf 82' lang='lat' dir='ltr'><strong>ad</strong></span> <span class='ocrx_word' id='word_1_315' title='bbox 358 2488 503 2522; x_wconf 79' lang='lat' dir='ltr'><strong>fluvium</strong></span> <span class='ocrx_word' id='word_1_316' title='bbox 522 2489 707 2535; x_wconf 86' lang='lat' dir='ltr'><strong>quemdam</strong></span> <span class='ocrx_word' id='word_1_317' title='bbox 727 2489 1001 2523; x_wconf 83' lang='lat' dir='ltr'><strong>Thessalonicae</strong></span> <span class='ocrx_word' id='word_1_318' title='bbox 1024 2489 1234 2530; x_wconf 86' lang='lat' dir='ltr'><strong>finitimum,</strong></span> <span class='ocrx_word' id='word_1_319' title='bbox 1254 2491 1398 2523; x_wconf 89' lang='lat' dir='ltr'><strong>nomine</strong></span> <span class='ocrx_word' id='word_1_320' title='bbox 1424 2490 1601 2531; x_wconf 86' lang='lat' dir='ltr'><strong>Galieum,</strong></span> <span class='ocrx_word' id='word_1_321' title='bbox 1627 2500 1708 2534; x_wconf 84' lang='lat' dir='ltr'><strong>per-</strong></span> 
     </span>
     <span class='ocr_line' id='line_1_39' title="bbox 289 2534 1707 2578; baseline 0.001 -10"><span class='ocrx_word' id='word_1_322' title='bbox 289 2534 408 2574; x_wconf 85' lang='lat' dir='ltr'><strong>venit,</strong></span> <span class='ocrx_word' id='word_1_323' title='bbox 438 2535 500 2567; x_wconf 88' lang='lat' dir='ltr'><strong>ubi</strong></span> <span class='ocrx_word' id='word_1_324' title='bbox 526 2540 759 2578; x_wconf 81' lang='lat' dir='ltr'><strong>protostrator</strong></span> <span class='ocrx_word' id='word_1_325' title='bbox 787 2540 824 2568; x_wconf 84' lang='lat' dir='ltr'><strong>et</strong></span> <span class='ocrx_word' id='word_1_326' title='bbox 850 2536 970 2571; x_wconf 69' lang='lat' dir='ltr'><strong>exules</strong></span> <span class='ocrx_word' id='word_1_327' title='bbox 1002 2535 1058 2568; x_wconf 90' lang='lat' dir='ltr'><strong>illi</strong></span> <span class='ocrx_word' id='word_1_328' title='bbox 1077 2535 1414 2569; x_wconf 83' lang='lat' dir='ltr'><strong>Thessalonicenses</strong></span> <span class='ocrx_word' id='word_1_329' title='bbox 1442 2536 1581 2568; x_wconf 82' lang='lat' dir='ltr'><strong>circiter</strong></span> <span class='ocrx_word' id='word_1_330' title='bbox 1606 2535 1707 2570; x_wconf 83' lang='lat' dir='ltr'><strong>mille</strong></span> 
     </span>
     <span class='ocr_line' id='line_1_40' title="bbox 289 2579 1707 2628; baseline 0.001 -16"><span class='ocrx_word' id='word_1_331' title='bbox 289 2579 335 2612; x_wconf 85' lang='lat' dir='ltr'><strong>ab</strong></span> <span class='ocrx_word' id='word_1_332' title='bbox 363 2580 464 2624; x_wconf 84' lang='lat' dir='ltr'><strong>equis</strong></span> <span class='ocrx_word' id='word_1_333' title='bbox 501 2580 754 2614; x_wconf 84' lang='lat' dir='ltr'><strong>descendentes</strong></span> <span class='ocrx_word' id='word_1_334' title='bbox 788 2582 866 2626; x_wconf 89' lang='lat' dir='ltr'><strong>(pro</strong></span> <span class='ocrx_word' id='word_1_335' title='bbox 900 2592 943 2614; x_wconf 93' lang='lat' dir='ltr'><strong>eo</strong></span> <span class='ocrx_word' id='word_1_336' title='bbox 968 2591 1009 2614; x_wconf 85' lang='lat' dir='ltr'><strong>ac</strong></span> <span class='ocrx_word' id='word_1_337' title='bbox 1034 2580 1138 2614; x_wconf 84' lang='lat' dir='ltr'><strong>decet</strong></span> <span class='ocrx_word' id='word_1_338' title='bbox 1160 2582 1261 2621; x_wconf 86' lang='lat' dir='ltr'><strong>illos,</strong></span> <span class='ocrx_word' id='word_1_339' title='bbox 1300 2583 1362 2628; x_wconf 89' lang='lat' dir='ltr'><strong>qui</strong></span> <span class='ocrx_word' id='word_1_340' title='bbox 1386 2581 1432 2614; x_wconf 87' lang='lat' dir='ltr'><strong>ad</strong></span> <span class='ocrx_word' id='word_1_341' title='bbox 1457 2582 1707 2625; x_wconf 81' lang='lat' dir='ltr'><strong>imperatorem</strong></span> 
     </span>
     <span class='ocr_line' id='line_1_41' title="bbox 288 2623 1706 2670; baseline 0.001 -14"><span class='ocrx_word' id='word_1_342' title='bbox 288 2623 475 2668; x_wconf 84' lang='lat' dir='ltr'><strong>accedunt)</strong></span> <span class='ocrx_word' id='word_1_343' title='bbox 501 2638 581 2659; x_wconf 84' lang='lat' dir='ltr'><strong>eum</strong></span> <span class='ocrx_word' id='word_1_344' title='bbox 605 2633 688 2660; x_wconf 88' lang='lat' dir='ltr'><strong>sunt</strong></span> <span class='ocrx_word' id='word_1_345' title='bbox 710 2627 866 2664; x_wconf 86' lang='lat' dir='ltr'><strong>allocuti.</strong></span> <span class='ocrx_word' id='word_1_346' title='bbox 903 2628 1036 2661; x_wconf 85' lang='lat' dir='ltr'><strong>Primus</strong></span> <span class='ocrx_word' id='word_1_347' title='bbox 1062 2633 1298 2670; x_wconf 83' lang='lat' dir='ltr'><strong>protostrator</strong></span> <span class='ocrx_word' id='word_1_348' title='bbox 1319 2627 1462 2668; x_wconf 85' lang='lat' dir='ltr'><strong>adiens,</strong></span> <span class='ocrx_word' id='word_1_349' title='bbox 1483 2627 1706 2670; x_wconf 87' lang='lat' dir='ltr'><strong>imperatoris</strong></span> 
     </span>
     <span class='ocr_line' id='line_1_42' title="bbox 288 2670 1707 2718; baseline 0.001 -16"><span class='ocrx_word' id='word_1_350' title='bbox 288 2670 417 2715; x_wconf 83' lang='lat' dir='ltr'><strong>pedem</strong></span> <span class='ocrx_word' id='word_1_351' title='bbox 453 2672 631 2705; x_wconf 78' lang='lat' dir='ltr'><strong>osculatus</strong></span> <span class='ocrx_word' id='word_1_352' title='bbox 667 2677 740 2706; x_wconf 81' lang='lat' dir='ltr'><strong>est:</strong></span> <span class='ocrx_word' id='word_1_353' title='bbox 778 2673 873 2706; x_wconf 84' lang='lat' dir='ltr'><strong>idem</strong></span> <span class='ocrx_word' id='word_1_354' title='bbox 905 2673 1013 2706; x_wconf 86' lang='lat' dir='ltr'><strong>ceteri</strong></span> <span class='ocrx_word' id='word_1_355' title='bbox 1047 2671 1172 2705; x_wconf 83' lang='lat' dir='ltr'><strong>ordine</strong></span> <span class='ocrx_word' id='word_1_356' title='bbox 1198 2675 1460 2718; x_wconf 84' lang='lat' dir='ltr'><strong>praestiterunt.</strong></span> <span class='ocrx_word' id='word_1_357' title='bbox 1510 2673 1707 2716; x_wconf 87' lang='lat' dir='ltr'><strong>Imperator</strong></span> 
     </span>
     <span class='ocr_line' id='line_1_43' title="bbox 290 2717 1707 2763; baseline 0.002 -15"><span class='ocrx_word' id='word_1_358' title='bbox 290 2720 327 2748; x_wconf 88' lang='lat' dir='ltr'><strong>et</strong></span> <span class='ocrx_word' id='word_1_359' title='bbox 350 2717 425 2760; x_wconf 88' lang='lat' dir='ltr'><strong>ipse</strong></span> <span class='ocrx_word' id='word_1_360' title='bbox 455 2727 567 2760; x_wconf 80' lang='lat' dir='ltr'><strong>prono</strong></span> <span class='ocrx_word' id='word_1_361' title='bbox 597 2718 714 2761; x_wconf 87' lang='lat' dir='ltr'><strong>capite</strong></span> <span class='ocrx_word' id='word_1_362' title='bbox 737 2723 1028 2762; x_wconf 84' lang='lat' dir='ltr'><strong>protostratorem</strong></span> <span class='ocrx_word' id='word_1_363' title='bbox 1050 2717 1095 2750; x_wconf 87' lang='lat' dir='ltr'><strong>ab</strong></span> <span class='ocrx_word' id='word_1_364' title='bbox 1110 2730 1211 2763; x_wconf 51' lang='lat' dir='ltr'><strong>¹equo</strong></span> <span class='ocrx_word' id='word_1_365' title='bbox 1232 2720 1455 2760; x_wconf 79' lang='lat' dir='ltr'><strong>resalutavit3</strong></span> <span class='ocrx_word' id='word_1_366' title='bbox 1481 2718 1569 2750; x_wconf 82' lang='lat' dir='ltr'><strong>alios</strong></span> <span class='ocrx_word' id='word_1_367' title='bbox 1588 2723 1707 2751; x_wconf 84' lang='lat' dir='ltr'><strong>autem</strong></span> 
     </span>
     <span class='ocr_line' id='line_1_44' title="bbox 291 2760 1707 2811; baseline 0.001 -14"><span class='ocrx_word' id='word_1_368' title='bbox 291 2760 374 2799; x_wconf 77' lang='lat' dir='ltr'><strong>dum</strong></span> <span class='ocrx_word' id='word_1_369' title='bbox 394 2761 661 2810; x_wconf 77' lang='lat' dir='ltr'><strong>proveheretur,</strong></span> <span class='ocrx_word' id='word_1_370' title='bbox 680 2764 795 2801; x_wconf 83' lang='lat' dir='ltr'><strong>salute</strong></span> <span class='ocrx_word' id='word_1_371' title='bbox 814 2764 989 2811; x_wconf 80' lang='lat' dir='ltr'><strong>impertiit</strong></span> <span class='ocrx_word' id='word_1_372' title='bbox 1004 2789 1014 2807; x_wconf 90' lang='lat'>‚</span> <span class='ocrx_word' id='word_1_373' title='bbox 1037 2763 1200 2802; x_wconf 77' lang='lat' dir='ltr'><strong>omuibus</strong></span> <span class='ocrx_word' id='word_1_374' title='bbox 1220 2765 1307 2800; x_wconf 82' lang='lat' dir='ltr'><strong>mite</strong></span> <span class='ocrx_word' id='word_1_375' title='bbox 1326 2765 1436 2803; x_wconf 79' lang='lat' dir='ltr'><strong>animi</strong></span> <span class='ocrx_word' id='word_1_376' title='bbox 1453 2763 1508 2801; x_wconf 81' lang='lat' dir='ltr'><strong>sui</strong></span> <span class='ocrx_word' id='word_1_377' title='bbox 1526 2763 1707 2811; x_wconf 80' lang='lat' dir='ltr'><strong>ingenium</strong></span> 
     </span>
    </p>
   </div>
  </div>
 </body>
</html>
