1806 3152
279 143 390 216 598
809 124 1179 207 CANTACUZENI

80 270 118 303 A.
137 260 431 316 ῦ.ι346μιάτην
471 261 543 303 τὸν
583 263 680 315 παρ’
696 262 853 302 ἐκείνου
891 263 1078 304 κίνδυνον
1127 262 1361 316 διαφυγεῖν.
1415 257 1637 316 διάῤῥοιαί
1668 275 1710 303 τε

275 326 355 382 γὰρ
389 329 549 378 κοιλίας
577 328 777 379 κατέσχον
812 331 1002 380 συνεχεῖς
1042 327 1112 368 καί
1149 327 1421 381 περιωδυνίαι
1447 328 1523 367 τοῦ
1550 322 1710 378 στομά-

273 407 380 446 χου,
418 391 490 433 καί
525 387 635 433 ἅπαν
671 389 718 433 τὸ
758 388 895 444 στόμα
937 393 1166 448 φλυκτίδας
1207 387 1258 446 ἧν
1285 388 1519 447 ἐξηνθηκός.
1575 392 1646 432 καί
1673 388 1711 432 οἱ

275 455 437 506 ὀδόντες
479 454 651 500 ἐδόκουν
687 460 986 509 καταπίπτειν,
1027 459 1109 499 τῶν
1136 455 1416 513 περιεχόντων
1455 457 1618 509 ὑμένων
1646 472 1712 497 νε-

277 525 535 577 κρωθέντων.
563 525 789 579 θηριακαῖς
817 525 863 573 δὲ
889 522 1154 578 χρησάμενος
1192 514 1262 565 καί
1297 520 1452 578 ἑτέροις
1481 516 1736 571 α’ντιδότοις5

277 587 397 641 μόλις
425 587 471 629 τὸ
504 585 732 629 ἀποθανεῖν
760 590 971 643 διέφυγεν.
1000 587 1169 643 ἐνόσησε
1198 590 1244 630 δὲ
1274 589 1348 629 οὐκ
1376 589 1512 642 ὀλίγον
1535 585 1710 643 χρόνον·

244 651 391 696 Βοῧτω
433 656 480 696 δὲ
518 653 746 709 νενάρκωτο
788 652 840 697 τὰ
869 656 968 710 περί
1006 652 1052 696 τὸ
1083 654 1215 707 στόμα
1243 653 1410 706 πάντα,
1446 653 1502 702 ὥς
1537 651 1710 703 έπιπολὺ

275 722 483 774 μηδεμιᾶς
511 719 792 762 αἰσθάνεσθαι
821 717 1045 774 ποιότητος.
1075 719 1122 761 τὸ
1151 721 1228 770 μὲν
1257 715 1330 761 οὖν
1358 717 1600 774 δηλητήριον
1626 733 1712 759 τοι-

278 785 410 840 αύτην
438 783 525 839 εἶχε
554 785 631 840 την
665 785 856 838 δύναμιν.
912 784 950 828 οἱ
979 785 1094 841 φίλοι
1123 786 1168 826 δὲ
1199 786 1244 826 ἐκ
1274 784 1513 836 Βυζαντίου
1549 787 1722 837 βασιλεῖ

277 850 335 904 μὴ
377 847 558 907 θαρῥεῖν
599 849 812 908 παρῄνουν
851 850 1126 909 Μονομάχῳ,
1168 850 1274 892 α’λλὰ
1319 851 1605 906 φυλάττεσθαι
1643 847 1767 896 τόνῑρ

280 911 413 972 ἄνδρα
433 934 442 943 ·
477 914 588 958 οὕτω
616 917 693 972 γὰρ
724 914 830 959 εἶναι
858 919 1241 970 συνεσκευασμένον
1269 915 1383 970 παρὰ
1415 904 1497 957 τῶν
1522 911 1716 969 πεμψάν-

278 998 387 1034 των,
419 979 515 1024 ὥστ’
536 980 664 1024 αὐτόν
692 985 769 1035 μὲν
803 983 1000 1039 πρότερον
1027 980 1169 1024 ἑκόντα
1200 987 1434 1037 παρασχεῖν
1467 980 1511 1022 τὸ
1543 980 1715 1037 φάρμα-

280 1063 384 1101 κον,
407 1048 463 1096 ὦς
507 1044 560 1090 ἂν
593 1050 798 1102 νομίζοιτο
839 1046 985 1098 εὔνους
1016 1047 1143 1102 εἶναι,
1199 1045 1370 1103 ὕστερον
1392 1048 1531 1101 μέντοι
1560 1045 1719 1101 προσοί-

280 1129 367 1167 γειν
388 1115 530 1168 ἕτερον
556 1116 712 1157 ἐκείνου
738 1115 1045 1171 χαλεπώτερον.
1088 1114 1134 1156 ὃν
1160 1115 1307 1157 αὐτίκα
1335 1112 1717 1167 μεταπεμψάμενος

281 1179 303 1220 ὃ
338 1179 556 1232 βασιλευς,
605 1182 645 1221 εἰ
670 1183 807 1236 ‹inq-91}
834 1181 885 1223 τὰ
918 1181 1014 1237 περὶ
1051 1181 1207 1222 ἐκείνου
1239 1182 1502 1236 γεγραμμένα
1531 1175 1769 1226 ἐπυνθά-Ι5

282 1261 374 1287 νετο
403 1245 517 1301 παρὰ
542 1249 626 1298 τῶν
657 1248 790 1302 φίλων
818 1246 894 1302 εἴη.
935 1246 955 1288 ὃ
987 1249 1026 1288 δ’
1042 1250 1203 1301 ἠρνεῖτο
1233 1247 1339 1300 μὲν,
1369 1243 1532 1298 σαθρᾶς
1563 1245 1610 1285 δὲ
1639 1260 1719 1284 πα-

245 1312 448 1367 (Ξρειχετο
491 1311 716 1365 ἀπολογίας
754 1312 827 1354 καί
853 1315 943 1362 οἵας
972 1312 1302 1354 ὑποπτεύεσθαι.
1341 1307 1538 1365 βασιλευς
1569 1309 1614 1351 δὲ
1645 1325 1719 1367 κα.-

284 1379 366 1425 κῶς
404 1380 481 1430 μὲν
526 1374 646 1420 οὐδὲν
687 1380 842 1431 ἐποίει,
885 1380 1118 1433 ἀναχωρεῖν
1147 1379 1192 1419 δὲ
1218 1376 1345 1429 μόνον
1373 1377 1534 1417 ἐκέλευε
1561 1372 1633 1415 καί
1658 1371 1718 1427 μὴ

285 1444 400 1500 αὐτῷ
430 1450 613 1484 συνεῖναι
689 1446 761 1485 καί
788 1441 934 1485 αὐτίκα
964 1442 1194 1498 α’νεχώρειμ
1212 1441 1407 1496 βασιλεὺς
1436 1442 1515 1494 μὲν
1543 1436 1619 1482 οὖν
1646 1438 1720 1481 τὸν

284 1510 412 1558 πλείω
437 1507 590 1562 χρόνον
620 1510 824 1564 διέτριβεν
853 1510 896 1550 ἐν
924 1511 1190 1566 Σηλυμβριζι,
1219 1509 1273 1550 ἵν’
1291 1509 1362 1564 ἐξῇ
1389 1512 1470 1557 τοῖς
1488 1507 1531 1548 ἐν
1549 1507 1774 1557 Βυζαν-Ἇς)

285 1576 360 1630 τίῳ
388 1576 527 1628 φίλοις
556 1575 838 1627 διαλέγεσθαι.
902 1574 1117 1629 Τζυράκης
1147 1575 1193 1614 δέ
1219 1590 1280 1622 τις
1309 1575 1390 1616 τῶν
1417 1573 1632 1625 βασιλίδος
1660 1573 1719 1613 οἷ·-

287 1641 436 1690 κεταῖν,
475 1640 799 1696 δυσανασχετῶν
837 1639 938 1693 πρὸς
965 1638 1014 1680 τὰ
1042 1638 1309 1693 πραττόμενα
1359 1639 1433 1679 καί
1467 1636 1540 1692 τὴν
1568 1633 1720 1690 roam&

286 1706 363 1759 την
379 1703 598 1756 Ῥωμαίων
619 1706 832 1761 οἰκτείρων
853 1708 1156 1759 κακοπραγίαν,
1187 1705 1376 1758 συνορῶν
1408 1719 1465 1756 τε,
1495 1701 1550 1751 ὥς
1580 1701 1617 1744 οἱ
1645 1703 1722 1754 μὲν

289 1772 332 1812 ἐν
372 1771 589 1830 Βυζαντίῳ
633 1766 832 1827 ἄρχοντες
898 1766 980 1812 οὔτ’
1011 1772 1199 1824 α’ντέχειν
1232 1768 1336 1827 πρὸς
1373 1772 1552 1824 βασιλέα
1590 1763 1720 1810 ,οἷοίτε

288 1894 550 1938 erumpebant,
590 1905 632 1929 ac
668 1894 805 1934 dentes,
824 1894 974 1939 gingivis
1015 1893 1299 1934 emarcentibus‚
1331 1891 1591 1939 propemodum
1622 1892 1719 1925 exci-

289 1940 436 1974 debant.
485 1941 684 1985 'l'heriacae
710 1947 828 1974 autem
867 1941 1094 1986 aliorumque
1135 1940 1380 1973 antidotorum
1409 1950 1475 1972 usu
1506 1939 1612 1972 vitam
1646 1947 1720 1972 ser-

287 1989 383 2020 vavit
423 1987 486 2020 ine
520 1989 688 2032 quidem,
727 1999 940 2034 quamquam
974 1989 1056 2028 vix,
1096 1987 1159 2020 sed
1190 1987 1230 2020 in
1261 1987 1387 2023 morbo
1413 1986 1611 2030 longinquo
1637 1984 1717 2017 fuit.

290 2034 349 2066 Sic
374 2039 492 2067 autem
516 2035 675 2078 palatum
702 2041 738 2068 et
761 2035 882 2079 lingua
908 2035 1188 2076 obstupuerant,
1217 2038 1256 2066 ut
1281 2033 1342 2066 diu
1381 2032 1520 2066 nulium
1550 2031 1623 2064 cibi
1656 2041 1720 2075 po-

289 2081 445 2124 tionisve
481 2091 643 2124 saporem
674 2083 914 2126 perciperent.
964 2081 1152 2114 Venenum
1187 2080 1322 2125 itaque·
1342 2079 1458 2112 istanc
1490 2078 1718 2112 efficientiam

265 2130 268 2132 ⁴
289 2126 431 2160 habuit.
479 2128 612 2161 Verum
637 2129 743 2161 amici
769 2129 1213 2172 Byzantiovimperatorem
1238 2124 1433 2159 monebant
1449 2151 1458 2167 ‚
1482 2119 1719 2158 Monomachd

290 2185 338 2207 ne
362 2174 508 2215 fideret,
538 2174 609 2209 ,sed
638 2175 820 2208 hominem
846 2174 1041 2208 devitaret:
1079 2174 1129 2207 sic
1153 2173 1248 2206 enim
1278 2171 1323 2204 ab
1351 2173 1408 2213 iis,
1434 2171 1496 2217 qui
1520 2172 1721 2210 misissent,

290 2231 356 2265 per
388 2222 592 2264 nequitiam
636 2227 671 2254 et
710 2221 833 2254 dolum
874 2221 1109 2260 instructum,
1147 2224 1186 2252 ut
1221 2219 1401 2263 principio
1440 2218 1585 2263 quidem
1625 2217 1720 2251 ultro¹

291 2277 469 2299 venenum
497 2270 659 2308 offerret,
687 2279 759 2314 quo
793 2267 887 2300 bene
917 2267 1010 2300 velle
1038 2270 1242 2311 putaretur,
1290 2272 1372 2309 post
1412 2264 1513 2298 aliud
1548 2265 1613 2297 illo
1639 2265 1722 2298 exi-

290 2314 415 2347 tiaiius
449 2314 662 2347 admoveret.
711 2315 910 2358 Imperator
944 2314 1064 2347 subito
1094 2312 1304 2345 accersitum
1329 2316 1593 2357 percunctatur,
1618 2318 1723 2344 vera'-

290 2370 337 2392 ne
364 2361 457 2402 sint,
483 2372 576 2406 quae
601 2361 645 2394 de
671 2361 734 2393 illo
761 2361 805 2393 ab
831 2361 955 2393 amicis
984 2359 1198 2396 scribantur,
1253 2358 1369 2402 Negat
1413 2364 1448 2392 et
1470 2358 1608 2397 frivoiis
1634 2357 1722 2402 qui·
1760 2395 1763 2398 ,

287 2405 437 2445 busdam
465 2409 712 2455 suspectisque
738 2406 950 2440 ratiunculis
988 2416 1026 2438 se
1062 2411 1194 2438 tuetur.
1242 2406 1453 2448 Imperator,
1480 2405 1580 2437 nulla
1599 2407 1722 2449 poena

284 2454 457 2498 imposita
474 2479 481 2493 ‚
507 2453 710 2497 eu1n⁴apud
739 2464 775 2485 se
800 2454 875 2497 pati
903 2453 1046 2492 noluit,
1089 2457 1198 2495 atque
1227 2456 1266 2483 ut
1294 2463 1331 2485 se
1357 2451 1567 2484 amoliretur
1591 2451 1722 2490 iussit,

286 2499 385 2541 quod
416 2502 588 2533 continuo
629 2500 723 2533 fecit.
771 2501 968 2544 Imperator
994 2500 1131 2544 itaque,
1156 2502 1196 2530 ut
1219 2509 1298 2530 cum
1323 2498 1446 2532 amicis
1475 2497 1635 2541 Byzantii
1658 2496 1724 2533 lit·-

288 2546 375 2579 teris
412 2552 448 2578 et
472 2548 707 2580 internuntiis
743 2545 964 2579 commodius
995 2550 1136 2590 ageret,
1182 2544 1318 2577 diutins
1356 2543 1544 2588 Selybriae
1573 2554 1610 2576 se
1636 2553 1722 2576 con-

291 2593 415 2626 tinuit.
484 2594 590 2626 Porro
627 2595 771 2637 Zyraces
801 2605 819 2627 e
856 2593 1036 2626 famulitio
1074 2592 1332 2636 imperatricis,
1376 2591 1433 2624 cui
1470 2590 1587 2623 dolori
1620 2592 1723 2624 erant

293 2649 386 2685 quae
420 2639 643 2682 agebantur,
681 2639 817 2685 quique
855 2640 1032 2672 Romanos
1069 2639 1112 2672 de
1138 2643 1235 2671 tanta
1263 2648 1433 2671 aerumna
1460 2638 1650 2675 miseram,
1687 2640 1724 2669 et

294 2685 512 2729 intelligens,
537 2686 725 2719 archontas
770 2697 837 2719 noc
877 2687 1043 2720 resistere
1079 2685 1288 2729 imperatori
1324 2695 1448 2728 posse,
1493 2694 1559 2717 nec
1600 2692 1722 2726 pacem

294 2730 362 2767 hili
389 2731 523 2774 facerc3
551 2732 613 2766 scd
641 2744 750 2767 unum
776 2733 843 2767 hoc
866 2737 1005 2767 tantum
1031 2733 1218 2773 statuisse,
1255 2733 1293 2765 in
1328 2731 1479 2776 imperio
1514 2727 1720 2769 dominari,¹
