1800 3146
285 175 400 242 45υ
813 187 1181 231 CANTACUZENI

90 293 513 345 Α.Ε.ι343λάττεσθαι.
574 292 667 334 δέον
709 292 850 343 μέντοι
889 292 995 346 μηδὲ
1030 289 1076 332 τὸ
1122 290 1278 330 ἐκείνου
1319 289 1429 331 πάνυ
1473 286 1716 340 θαυμαστὸν

282 359 491 414 ἡγεῖσθαι.
560 350 591 413 ᾧ
627 356 706 412 γὰρ
748 353 768 395 ὃ
808 358 897 408 βίος
937 352 1031 404 ὅλος
1069 356 1301 408 πανουργία
1331 354 1403 395 καί
1427 351 1614 408 ἐπιορκία
1646 352 1720 394 καὶ

285 423 434 478 ἀπάτη,
471 425 544 464 καί
576 420 676 479 ῥᾷον
703 418 754 462 ἂν
787 420 1056 463 ἀναπνεύσειε
1081 419 1213 474 χωρίς
1233 415 1369 474 ἀέρος,
1402 413 1430 472 ἢ
1448 419 1618 469 τούτων,
1645 417 1717 458 οὔ-

285 492 355 532 δὲν
374 486 645 540 θαυμαστὸν,
676 488 715 528 εἰ
733 486 831 528 θεὸν
858 487 1111 539 ψευδόμενος
1142 485 1347 539 διηνεκῶς,
1378 483 1506 524 εἵλετο
1526 482 1597 523 καί
1613 480 1717 536 πρὸς

284 552 533 609 ἀνθρώπους
559 554 614 609 τῷ
650 551 801 605 ψεύδει
825 554 1031 606 χρῆσθαι.
1086 551 1182 603 ἐμοὶ
1213 551 1250 590 δ’
1279 550 1454 604 ἑξαρχῆς
1482 563 1526 588 τε
1559 541 1770 603 ᾗρημέ-5·

285 635 341 676 νῳ
381 617 455 672 τὴν
494 614 696 671 ἀλήθειαν
753 616 823 658 καί
847 619 906 665 εἰς
934 614 1028 657 τόδε
1054 612 1205 669 χρόνου
1235 613 1331 669 περὶ
1355 615 1545 655 πλείστου
1574 627 1718 653 ποιου-

284 687 395 740 μένῳ
443 684 513 724 καί
553 682 687 736 πάσης
728 677 853 736 ἄλλης
894 682 1158 735 ἀνθρωπίνης
1202 678 1425 734 εὐημερίας
1470 678 1719 744 προτιμῶντι

283 750 463 802 τάληθὲς
502 749 732 802 εἰρήσεται,
763 746 1104 801 συμμαρτυρήσει
1134 747 1179 786 δὲ
1210 746 1282 786 καί
1308 741 1544 798 Συναδηνὸς
1575 745 1718 793 οὗτος,

286 812 332 863 ὃς
360 814 456 864 ἐμοί
487 811 583 861 τούς
621 810 768 866 λόγους
796 813 1013 862 σύνοιδεν,
1066 807 1293 864 ἀξιόρχεως
1337 803 1394 850 ῶν
1435 806 1535 863 πρὸς
1570 805 1719 848 πίστιν.

243 879 387 933 Βπαρ’
425 879 580 919 ἐκείνου
625 876 703 934 γάρ
747 878 919 934 ἀφῖκτο·
949 874 993 918 τὸ
1019 874 1099 931 γάρ
1126 876 1356 928 Ἐμπυθίου
1378 870 1579 929 φρούριον
1605 874 1771 911 πολι-ιο

287 945 419 998 ορκῶν
449 941 674 996 πρεσβείαν
705 959 750 984 τε
791 941 890 997 πρὸς
928 957 981 995 με
1016 939 1086 982 διὰ
1115 939 1264 983 τούτου
1290 940 1479 990 ἐποιεῖτο,
1516 935 1588 978 καὶ
1616 932 1718 989 βού-

286 1011 434 1050 λεσθαι
471 1006 582 1062 ἔλεγε
629 1013 846 1061 συντυχεῖν
888 1009 988 1062 περί
1023 1022 1148 1049 τινων
1193 1002 1500 1057 διαλεξόμενος,
1540 1000 1715 1054 κακούρ-

285 1090 367 1128 γως
411 1075 484 1114 καί
522 1073 655 1115 ταῦτα
691 1075 764 1114 καί
800 1073 924 1122 ἀξίως
963 1070 1114 1114 ἑαυτοῦ
1142 1066 1485 1125 ὑποκρινόμενος,
1524 1067 1579 1116 ῶς
1610 1066 1717 1107 ἐδεί-

156 1149 196 1183 V.
209 1149 408 1194 483κνυτο
447 1139 593 1193 σαφῶς
636 1136 717 1179 ἀπὸ
754 1140 837 1180 τῶν
878 1138 1181 1193 πραττομένων.
1234 1134 1489 1186 συνθεμένου
1518 1134 1581 1197 δὲ,
1598 1131 1716 1184 ἐμοῦ,

285 1201 446 1261 (ᾠήθην
478 1201 557 1258 γὰρ
589 1202 715 1244 αὐτὸν
741 1205 838 1258 περὶ
866 1202 1028 1258 εἰρήνης
1055 1204 1214 1244 ἐθέλειν
1249 1200 1535 1252 διαλέγεσθαι,
1558 1198 1607 1251 ἡς
1632 1193 1767 1249 ἐγαὶιό

281 1267 460 1321 μάλιστα
485 1269 698 1321 ἐπιθυμῶ,
729 1267 803 1309 καί
825 1270 906 1309 τῶν
927 1267 1024 1322 περὶ
1052 1268 1208 1321 ἐκείνης
1239 1266 1383 1320 λόγων,
1401 1260 1478 1306 κᾶν
1506 1258 1583 1305 ῶσι
1613 1259 1716 1316 πρὸς

285 1333 447 1385 ἀπάτην
471 1333 856 1383 συνεσκευασμένοι,
885 1330 1000 1384 ὀλίγα
1024 1332 1375 1387 πολυπραγμονῶν
1403 1330 1631 1384 ἐξέχομαι,)
1655 1325 1713 1381 μή

284 1395 495 1438 δύνασθαι
525 1394 651 1444 αὐτὸς
680 1394 791 1449 ἔλεγε
829 1398 1054 1448 βασιλικῶς
1083 1396 1368 1451 ἑσκευασμένῳ
1397 1390 1713 1447 συντυγχάνειν·

285 1458 601 1514 ἀδυνατώτερον
620 1463 665 1503 δὲ
684 1457 789 1502 εἶναι
805 1459 941 1511 πάλιν,
952 1457 1026 1514 τὴν
1044 1457 1263 1512 βασιλικὴν
1279 1458 1429 1511 σκευὴν
1443 1459 1718 1500 ἀποτίθεσθαι

154 1531 188 1565 P.
203 1533 272 1567 603
283 1528 372 1580 ἐμέ.
399 1522 504 1578 πρὸς
522 1524 548 1565 ἃ
563 1525 744 1566 ἐπίνοιάν
765 1541 859 1566 τινα
878 1526 1007 1566 ἐδεῖτο
1020 1525 1283 1578 ἐξευρίσκειν.
1313 1520 1391 1576 ἐγώ
1409 1523 1459 1574 δ’,
1480 1517 1576 1576 ὅπερ
1596 1520 1767 1577 ἔφην,2ο

284 1594 359 1646 τῆς
387 1592 550 1647 εἰρήνης
575 1593 649 1644 τῆς
676 1592 904 1643 ἐπιθυμίας
931 1591 1073 1643 ἕνεκα,
1106 1586 1212 1630 ἀλλὰ
1241 1585 1316 1642 τήν
1343 1587 1543 1641 ἀπορίαν,
1573 1585 1713 1638 εἶπον,

287 1657 421 1713 ῥᾷστα
448 1658 649 1712 ἰασαίμην
677 1651 729 1698 ἂν
757 1654 860 1709 ἐγώ·
918 1655 1169 1708 ὡπλισμένοι
1196 1651 1276 1709 γὰρ
1306 1654 1565 1706 συμμίξομεν
1592 1650 1717 1708 ἀλλή-

285 1788 568 1823 mendaciorum
600 1788 762 1822 convinci
786 1787 919 1832 possit,
952 1791 1073 1821 tamen
1102 1797 1148 1820 ne
1173 1786 1304 1821 frustra
1328 1800 1369 1824 ac
1393 1791 1471 1824 sine
1499 1800 1601 1823 causa
1635 1789 1717 1823 bel-

284 1837 361 1869 lum
387 1836 643 1875 commovisse,
667 1846 786 1880 neque
811 1834 968 1868 inaniter
990 1834 1154 1867 laborare
1181 1834 1366 1876 videatur,
1398 1837 1529 1869 fluxam
1566 1837 1714 1881 gloriam

286 1882 463 1916 dedecore
501 1882 539 1914 in
579 1891 719 1914 omnem
744 1881 852 1914 vitam
880 1880 1051 1914 duraturo
1070 1880 1246 1914 redimere
1271 1882 1392 1916 voluit.
1442 1883 1573 1917 Verum
1596 1893 1715 1928 neque

285 1929 357 1962 hoc
396 1927 494 1959 illius
533 1926 668 1960 facinus
703 1933 776 1960 tam
808 1926 913 1960 valde
949 1926 1150 1960 mirandum
1184 1938 1323 1965 censeo.
1380 1929 1493 1963 Cuius
1521 1929 1614 1961 enim
1639 1929 1715 1962 vita

286 1974 403 2008 omnis
437 1974 531 2007 nihil
564 1979 637 2014 est,
673 1974 744 2006 nisi
769 1972 949 2013 vafrities,
974 1973 1191 2018 periurium,
1216 1973 1436 2018 impostura,
1462 1975 1600 2020 quique
1626 1974 1715 2008 faci-

285 2021 358 2054 lius
385 2020 463 2052 sine
498 2021 717 2064 aspiratione
759 2020 875 2060 aeris,
941 2030 1019 2052 uam
1050 2021 1127 2053 sine
1151 2018 1207 2052 his
1233 2021 1399 2064 spiritum
1426 2021 1584 2061 duxerit,
1615 2020 1715 2054 haud

286 2067 419 2100 mirum
452 2066 494 2107 si,
519 2067 596 2100 Deo
632 2066 811 2099 mentiens
840 2032 996 2106 assidue,
1026 2066 1122 2111 apud
1149 2065 1312 2100 homines
1339 2077 1483 2113 quoque
1519 2067 1714 2101 vanitatem

282 2122 458 2156 usurpare
482 2113 659 2146 statuerit.
708 2112 779 2155 Ego
805 2121 887 2145 vero
914 2122 933 2143 a
959 2123 1070 2156 puero
1101 2112 1260 2145 veritatis
1284 2124 1403 2147 amans
1427 2119 1466 2147 et
1499 2124 1613 2159 usque
1645 2113 1712 2149 ho-

285 2160 346 2193 die
370 2160 464 2192 tanti
490 2170 566 2192 eam
590 2159 748 2198 faciens,
785 2163 826 2190 ut
861 2158 997 2192 nullam
1034 2158 1068 2192 ei
1091 2157 1279 2191 humanam
1311 2161 1585 2204 prosperitatem
1611 2164 1715 2194 aute-

284 2214 438 2250 ponam,
472 2204 570 2250 quod
601 2215 723 2239 verum
754 2209 820 2245 est,
853 2204 1015 2250 eloquar.
1061 2204 1323 2238 Testimonium
1354 2206 1445 2239 mihi
1485 2206 1582 2240 dicet
1605 2208 1714 2240 etiam

286 2251 496 2294 Synadenus
531 2251 613 2291 hic,
649 2259 813 2283 meorum
847 2251 1036 2285 verborum
1077 2252 1238 2284 conscius
1271 2257 1309 2285 et
1332 2252 1433 2285 testis
1463 2252 1534 2288 fide
1572 2251 1712 2297 dignus,

288 2297 353 2342 qui
378 2295 424 2327 ab
453 2297 518 2329 illo
545 2296 590 2329 ad
613 2306 669 2328 me
694 2297 803 2328 venit.
853 2297 943 2329 Nam
971 2296 1055 2330 dum
1089 2297 1275 2331 castellum
1303 2298 1536 2343 Empythium
1563 2298 1712 2332 obside—

286 2347 364 2383 ret,
387 2343 543 2387 legatum
568 2342 664 2375 hunc
687 2342 736 2376 ad*
757 2353 813 2375 me
837 2343 936 2376 misit
970 2348 1007 2376 et
1044 2341 1249 2383 affirmavit,
1276 2354 1313 2377 se
1339 2344 1571 2390 colloquendi
1599 2345 1711 2390 gratia

286 2400 345 2422 me
383 2395 598 2423 conventum
632 2398 783 2433 cupere:
816 2390 985 2434 nequiter
1019 2393 1055 2420 et
1085 2389 1178 2421 istuc
1220 2395 1328 2434 atque
1373 2396 1414 2424 ut
1445 2392 1517 2425 suis
1550 2391 1710 2425 moribus

288 2434 435 2480 dignum
463 2440 540 2468 erat
576 2435 767 2474 simulans,
803 2435 902 2479 quod
931 2434 1025 2467 facto
1058 2435 1151 2468 clare
1185 2437 1313 2479 patuit.
1370 2437 1560 2471 Annuente
1591 2442 1712 2471 autem

291 2491 362 2520 me,
391 2481 608 2526 (cogitabam
637 2483 732 2514 enim
758 2480 802 2513 de
826 2491 910 2525 pace
935 2490 1071 2513 mecum
1097 2486 1280 2523 acturum,
1311 2483 1411 2516 cuius
1434 2494 1491 2517 me
1521 2483 1711 2528 cupidissi-

289 2536 387 2558 mum
433 2532 469 2560 et
503 2538 704 2560 sermonum
740 2526 784 2560 de
831 2538 872 2560 ea
902 2527 989 2560 licet
1020 2525 1066 2558 ad
1090 2527 1252 2562 fraudem
1283 2531 1557 2575 compositorum
1584 2540 1709 2573 parum

290 2573 471 2605 curiosum
508 2579 740 2607 scrutatorem
776 2573 886 2607 fuisse
921 2573 1124 2617 confiteor,)
1163 2579 1272 2619 atque
1306 2576 1346 2609 in
1376 2576 1549 2609 laetitiam
1583 2577 1710 2616 effuso,

289 2617 368 2662 ipse
405 2629 460 2651 me
494 2620 632 2665 alloqui
657 2620 695 2652 in
731 2623 827 2651 veste
854 2619 1033 2664 imperiali
1061 2631 1165 2664 posse
1189 2622 1353 2666 negavit:
1378 2622 1464 2655 mihi
1488 2626 1605 2654 autem
1631 2622 1707 2654 fore

288 2662 405 2695 multo
432 2663 611 2698 difficilius
636 2670 799 2698 ornatum
828 2665 923 2699 hunc
947 2665 1148 2710 deponere:
1178 2667 1333 2713 ideoque
1360 2671 1533 2702 rationem
1548 2667 1706 2711 aliquam

288 2718 418 2741 novam
442 2711 597 2743 inveniri
624 2710 876 2753 desiderabat,
903 2719 975 2756 qua·
997 2713 1300 2757 congrederemur.
1349 2715 1439 2747 Tum
1469 2723 1533 2757 ego
1565 2713 1709 2757 cupidi-

288 2758 364 2789 tate
395 2756 492 2801 pacis
525 2757 780 2798 inflammatus,
814 2761 861 2792 ut¹
889 2758 1072 2800 dicebam,
1101 2761 1213 2806 Atqui
1241 2760 1330 2794 hanc
1354 2758 1623 2802 difficultatem,
1648 2760 1708 2795 in-
