<?xml version="1.0" encoding="UTF-8"?>
<!DOCTYPE html PUBLIC "-//W3C//DTD XHTML 1.0 Transitional//EN"
    "http://www.w3.org/TR/xhtml1/DTD/xhtml1-transitional.dtd">
<html xmlns="http://www.w3.org/1999/xhtml" xml:lang="en" lang="en">
 <head>
  <title>
</title>
<meta http-equiv="Content-Type" content="text/html;charset=utf-8" />
  <meta name='ocr-system' content='tesseract 3.04.00' />
  <meta name='ocr-capabilities' content='ocr_page ocr_carea ocr_par ocr_line ocrx_word'/>
</head>
<body>
  <div class='ocr_page' id='page_1' title='image "./corpusscriptorum24niebuoft_0312.png"; bbox 0 0 1800 3132; ppageno 0'>
   <div class='ocr_carea' id='block_1_1' title="bbox 287 161 1190 224">
    <p class='ocr_par' dir='ltr' id='par_1_1' title="bbox 287 161 1190 224">
     <span class='ocr_line' id='line_1_1' title="bbox 287 161 1190 224; baseline 0.007 -6"><span class='ocrx_word' id='word_1_1' title='bbox 287 161 399 218; x_wconf 87' lang='lat'><strong>300</strong></span> <span class='ocrx_word' id='word_1_2' title='bbox 816 179 1190 224; x_wconf 75' lang='lat' dir='ltr'>CANTACUZENJ</span> 
     </span>
    </p>
   </div>
   <div class='ocr_carea' id='block_1_2' title="bbox 88 275 1776 1913">
    <p class='ocr_par' dir='ltr' id='par_1_2' title="bbox 88 275 1726 467">
     <span class='ocr_line' id='line_1_2' title="bbox 88 275 1726 337; baseline 0.006 -22"><span class='ocrx_word' id='word_1_3' title='bbox 88 279 169 319; x_wconf 56' lang='grc' dir='ltr'><strong>ΑΒ.</strong></span> <span class='ocrx_word' id='word_1_4' title='bbox 187 280 271 326; x_wconf 65' lang='lat'><strong>1342</strong></span> <span class='ocrx_word' id='word_1_5' title='bbox 283 277 387 334; x_wconf 86' lang='grc' dir='ltr'><em>πρὸς</em></span> <span class='ocrx_word' id='word_1_6' title='bbox 414 275 512 326; x_wconf 84' lang='grc' dir='ltr'><em>τούς</em></span> <span class='ocrx_word' id='word_1_7' title='bbox 539 276 765 332; x_wconf 80' lang='grc' dir='ltr'><em>δεσμώτας,</em></span> <span class='ocrx_word' id='word_1_8' title='bbox 797 280 902 332; x_wconf 76' lang='grc' dir='ltr'><em>μετὰ</em></span> <span class='ocrx_word' id='word_1_9' title='bbox 933 283 1015 323; x_wconf 78' lang='grc' dir='ltr'><strong>τῶν</strong></span> <span class='ocrx_word' id='word_1_10' title='bbox 1045 281 1406 337; x_wconf 77' lang='grc' dir='ltr'><strong><em>πλημμελημάτων</em></strong></span> <span class='ocrx_word' id='word_1_11' title='bbox 1431 280 1508 336; x_wconf 82' lang='grc' dir='ltr'><em>τὴν</em></span> <span class='ocrx_word' id='word_1_12' title='bbox 1531 281 1726 336; x_wconf 70' lang='grc' dir='ltr'><em>ἐξομολό-</em></span> 
     </span>
     <span class='ocr_line' id='line_1_3' title="bbox 280 339 1726 403; baseline 0.003 -18"><span class='ocrx_word' id='word_1_13' title='bbox 280 359 400 398; x_wconf 88' lang='grc' dir='ltr'><em>γησιν</em></span> <span class='ocrx_word' id='word_1_14' title='bbox 427 339 570 398; x_wconf 77' lang='grc' dir='ltr'><em>ἥρω’τα</em></span> <span class='ocrx_word' id='word_1_15' title='bbox 599 345 771 386; x_wconf 78' lang='grc' dir='ltr'><em>ἕκαστον</em></span> <span class='ocrx_word' id='word_1_16' title='bbox 798 346 883 403; x_wconf 73' lang='grc' dir='ltr'><em>ἰδία</em></span> <span class='ocrx_word' id='word_1_17' title='bbox 912 349 983 389; x_wconf 86' lang='grc' dir='ltr'>καί</span> <span class='ocrx_word' id='word_1_18' title='bbox 1009 347 1105 402; x_wconf 70' lang='grc' dir='ltr'><em>περὶ</em></span> <span class='ocrx_word' id='word_1_19' title='bbox 1131 349 1477 402; x_wconf 78' lang='grc' dir='ltr'><em>Καντακουζηνοῦ</em></span> <span class='ocrx_word' id='word_1_20' title='bbox 1502 349 1578 388; x_wconf 80' lang='grc' dir='ltr'><strong>τοῦ</strong></span> <span class='ocrx_word' id='word_1_21' title='bbox 1604 350 1726 401; x_wconf 81' lang='grc' dir='ltr'><em>βασι-</em></span> 
     </span>
     <span class='ocr_line' id='line_1_4' title="bbox 280 407 1723 467; baseline 0.003 -17"><span class='ocrx_word' id='word_1_22' title='bbox 280 408 383 457; x_wconf 88' lang='grc' dir='ltr'><em>λέως</em></span> <span class='ocrx_word' id='word_1_23' title='bbox 427 407 505 462; x_wconf 82' lang='grc' dir='ltr'><em>ὅ,τι</em></span> <span class='ocrx_word' id='word_1_24' title='bbox 551 410 809 452; x_wconf 79' lang='grc' dir='ltr'><em>διανοοῦνται</em></span> <span class='ocrx_word' id='word_1_25' title='bbox 846 409 1049 466; x_wconf 83' lang='grc' dir='ltr'><em>πράττειν.</em></span> <span class='ocrx_word' id='word_1_26' title='bbox 1107 414 1255 454; x_wconf 80' lang='grc' dir='ltr'><em>ἐκεῖνοι</em></span> <span class='ocrx_word' id='word_1_27' title='bbox 1290 414 1336 454; x_wconf 82' lang='grc' dir='ltr'><em>δὲ</em></span> <span class='ocrx_word' id='word_1_28' title='bbox 1365 412 1723 467; x_wconf 77' lang='grc' dir='ltr'><em>ὑποπτεύσαντες,</em></span> 
     </span>
    </p>

    <p class='ocr_par' dir='ltr' id='par_1_3' title="bbox 137 469 1776 1913">
     <span class='ocr_line' id='line_1_5' title="bbox 237 469 1724 534; baseline 0.003 -20"><span class='ocrx_word' id='word_1_29' title='bbox 237 474 361 528; x_wconf 83' lang='grc' dir='ltr'><strong>Βοῦχ</strong></span> <span class='ocrx_word' id='word_1_30' title='bbox 390 470 487 530; x_wconf 79' lang='grc' dir='ltr'><em>ὅπερ</em></span> <span class='ocrx_word' id='word_1_31' title='bbox 518 469 581 529; x_wconf 73' lang='grc' dir='ltr'><em>ἦν,</em></span> <span class='ocrx_word' id='word_1_32' title='bbox 609 472 715 516; x_wconf 76' lang='grc' dir='ltr'><em>α’λλοὶ</em></span> <span class='ocrx_word' id='word_1_33' title='bbox 743 476 1018 529; x_wconf 84' lang='grc' dir='ltr'><em>πνευματικὸν</em></span> <span class='ocrx_word' id='word_1_34' title='bbox 1045 479 1122 530; x_wconf 81' lang='grc' dir='ltr'><em>μὲν</em></span> <span class='ocrx_word' id='word_1_35' title='bbox 1153 473 1260 519; x_wconf 80' lang='grc' dir='ltr'><em>εἶναι</em></span> <span class='ocrx_word' id='word_1_36' title='bbox 1288 479 1457 533; x_wconf 75' lang='grc' dir='ltr'><em>α’ληθῶς</em></span> <span class='ocrx_word' id='word_1_37' title='bbox 1472 511 1484 531; x_wconf 95' lang='grc'><em>,</em></span> <span class='ocrx_word' id='word_1_38' title='bbox 1521 480 1579 534; x_wconf 73' lang='grc' dir='ltr'><strong>τῷ</strong></span> <span class='ocrx_word' id='word_1_39' title='bbox 1605 479 1724 533; x_wconf 78' lang='grc' dir='ltr'><em>μέρει</em></span> 
     </span>
     <span class='ocr_line' id='line_1_6' title="bbox 281 539 1752 598; baseline 0.004 -19"><span class='ocrx_word' id='word_1_40' title='bbox 281 540 328 580; x_wconf 80' lang='grc' dir='ltr'><em>δὲ</em></span> <span class='ocrx_word' id='word_1_41' title='bbox 357 542 582 594; x_wconf 78' lang='grc' dir='ltr'><em>προσέχειν</em></span> <span class='ocrx_word' id='word_1_42' title='bbox 611 542 686 594; x_wconf 85' lang='grc' dir='ltr'><strong>τῆς</strong></span> <span class='ocrx_word' id='word_1_43' title='bbox 715 542 813 596; x_wconf 74' lang='grc' dir='ltr'><em>περὶ</em></span> <span class='ocrx_word' id='word_1_44' title='bbox 837 542 1100 598; x_wconf 79' lang='grc' dir='ltr'><em>πατριάρχην</em></span> <span class='ocrx_word' id='word_1_45' title='bbox 1126 541 1199 584; x_wconf 82' lang='grc' dir='ltr'>καί</span> <span class='ocrx_word' id='word_1_46' title='bbox 1218 540 1478 585; x_wconf 80' lang='grc' dir='ltr'><em>Ἀπόκαυκον</em></span> <span class='ocrx_word' id='word_1_47' title='bbox 1504 541 1577 585; x_wconf 84' lang='grc' dir='ltr'><strong>τὸν</strong></span> <span class='ocrx_word' id='word_1_48' title='bbox 1595 539 1752 597; x_wconf 82' lang='grc' dir='ltr'><em>μέγαν5</em></span> 
     </span>
     <span class='ocr_line' id='line_1_7' title="bbox 281 606 1724 662; baseline 0.003 -17"><span class='ocrx_word' id='word_1_49' title='bbox 281 606 412 646; x_wconf 79' lang='grc' dir='ltr'><em>δοῦκα</em></span> <span class='ocrx_word' id='word_1_50' title='bbox 456 607 663 661; x_wconf 79' lang='grc' dir='ltr'><strong><em>φατρίας,</em></strong></span> <span class='ocrx_word' id='word_1_51' title='bbox 705 608 910 656; x_wconf 88' lang='grc' dir='ltr'><em>δείσαντες</em></span> <span class='ocrx_word' id='word_1_52' title='bbox 949 608 1182 662; x_wconf 69' lang='grc' dir='ltr'><em>ἀπέσχοντο</em></span> <span class='ocrx_word' id='word_1_53' title='bbox 1217 608 1451 650; x_wconf 85' lang='grc' dir='ltr'><em>παντάπασι</em></span> <span class='ocrx_word' id='word_1_54' title='bbox 1476 609 1549 650; x_wconf 84' lang='grc' dir='ltr'><strong>τοῦ</strong></span> <span class='ocrx_word' id='word_1_55' title='bbox 1577 606 1649 649; x_wconf 73' lang='grc' dir='ltr'><strong>καὶ</strong></span> <span class='ocrx_word' id='word_1_56' title='bbox 1672 609 1724 650; x_wconf 84' lang='grc' dir='ltr'><strong>τοὶ</strong></span> 
     </span>
     <span class='ocr_line' id='line_1_8' title="bbox 278 669 1728 728; baseline 0.003 -18"><span class='ocrx_word' id='word_1_57' title='bbox 278 673 656 725; x_wconf 76' lang='grc' dir='ltr'><em>πεπλημμελημένοι</em></span> <span class='ocrx_word' id='word_1_58' title='bbox 683 672 1029 728; x_wconf 78' lang='grc' dir='ltr'><em>ἐξομολογεῖσθαι.</em></span> <span class='ocrx_word' id='word_1_59' title='bbox 1085 672 1108 714; x_wconf 79' lang='grc' dir='ltr'><em>ὅ</em></span> <span class='ocrx_word' id='word_1_60' title='bbox 1138 673 1363 728; x_wconf 67' lang='grc' dir='ltr'><em>ε’μπαίκτης</em></span> <span class='ocrx_word' id='word_1_61' title='bbox 1395 674 1441 714; x_wconf 84' lang='grc' dir='ltr'><em>δὲ</em></span> <span class='ocrx_word' id='word_1_62' title='bbox 1467 673 1617 722; x_wconf 73' lang='grc' dir='ltr'><em>ἐκεῖνος</em></span> <span class='ocrx_word' id='word_1_63' title='bbox 1635 669 1728 714; x_wconf 74' lang='grc' dir='ltr'><em>ἐπεὶ</em></span> 
     </span>
     <span class='ocr_line' id='line_1_9' title="bbox 276 731 1725 793; baseline 0.001 -17"><span class='ocrx_word' id='word_1_64' title='bbox 276 736 408 790; x_wconf 79' lang='grc' dir='ltr'><em>μηδὲν</em></span> <span class='ocrx_word' id='word_1_65' title='bbox 436 731 632 777; x_wconf 79' lang='grc' dir='ltr'><em>α’πώνατο</em></span> <span class='ocrx_word' id='word_1_66' title='bbox 661 738 734 792; x_wconf 76' lang='grc' dir='ltr'><strong>τῆς</strong></span> <span class='ocrx_word' id='word_1_67' title='bbox 758 741 983 793; x_wconf 89' lang='grc' dir='ltr'><em>πονηρίας,</em></span> <span class='ocrx_word' id='word_1_68' title='bbox 1012 739 1170 780; x_wconf 79' lang='grc' dir='ltr'><em>ἐκεῖθεν</em></span> <span class='ocrx_word' id='word_1_69' title='bbox 1200 736 1400 790; x_wconf 75' lang='grc' dir='ltr'><em>ἐξελθών,</em></span> <span class='ocrx_word' id='word_1_70' title='bbox 1450 734 1478 779; x_wconf 78' lang='grc' dir='ltr'>ἅ</span> <span class='ocrx_word' id='word_1_71' title='bbox 1515 754 1561 779; x_wconf 85' lang='grc' dir='ltr'><strong>τε</strong></span> <span class='ocrx_word' id='word_1_72' title='bbox 1588 739 1725 786; x_wconf 76' lang='grc' dir='ltr'><em>κακῶς</em></span> 
     </span>
     <span class='ocr_line' id='line_1_10' title="bbox 137 798 1721 859; baseline 0.002 -18"><span class='ocrx_word' id='word_1_73' title='bbox 137 800 258 846; x_wconf 71' lang='lat' dir='ltr'><strong>V·4¹4</strong></span> <span class='ocrx_word' id='word_1_74' title='bbox 280 799 399 842; x_wconf 79' lang='grc' dir='ltr'><em>ἐνέδυ</em></span> <span class='ocrx_word' id='word_1_75' title='bbox 440 798 677 844; x_wconf 75' lang='grc' dir='ltr'><em>ἀπεδύσατο</em></span> <span class='ocrx_word' id='word_1_76' title='bbox 709 804 936 856; x_wconf 83' lang='grc' dir='ltr'><em>ἐνδύματα,</em></span> <span class='ocrx_word' id='word_1_77' title='bbox 965 803 1037 845; x_wconf 80' lang='grc' dir='ltr'><em>καί</em></span> <span class='ocrx_word' id='word_1_78' title='bbox 1063 802 1269 859; x_wconf 74' lang='grc' dir='ltr'><em>κοσμικὴν</em></span> <span class='ocrx_word' id='word_1_79' title='bbox 1299 802 1410 858; x_wconf 80' lang='grc' dir='ltr'><em>ἔχων</em></span> <span class='ocrx_word' id='word_1_80' title='bbox 1438 805 1624 858; x_wconf 73' lang='grc' dir='ltr'><em>ἐσθῆτα,</em></span> <span class='ocrx_word' id='word_1_81' title='bbox 1669 804 1721 856; x_wconf 78' lang='grc' dir='ltr'><strong>τὰ</strong></span> 
     </span>
     <span class='ocr_line' id='line_1_11' title="bbox 275 863 1776 925; baseline 0.002 -18"><span class='ocrx_word' id='word_1_82' title='bbox 275 863 439 921; x_wconf 73' lang='grc' dir='ltr'><em>συνήθη</em></span> <span class='ocrx_word' id='word_1_83' title='bbox 479 864 604 908; x_wconf 82' lang='grc' dir='ltr'><em>πάλιν</em></span> <span class='ocrx_word' id='word_1_84' title='bbox 641 868 802 925; x_wconf 80' lang='grc' dir='ltr'><em>περιῄει</em></span> <span class='ocrx_word' id='word_1_85' title='bbox 843 870 966 923; x_wconf 75' lang='grc' dir='ltr'><em>δρῶν.</em></span> <span class='ocrx_word' id='word_1_86' title='bbox 1023 867 1068 910; x_wconf 86' lang='grc' dir='ltr'>τὸ</span> <span class='ocrx_word' id='word_1_87' title='bbox 1103 871 1243 923; x_wconf 78' lang='grc' dir='ltr'><em>δρᾶμα</em></span> <span class='ocrx_word' id='word_1_88' title='bbox 1274 870 1320 910; x_wconf 85' lang='grc' dir='ltr'><em>δὲ</em></span> <span class='ocrx_word' id='word_1_89' title='bbox 1349 869 1468 910; x_wconf 83' lang='grc' dir='ltr'><em>τοῦτο</em></span> <span class='ocrx_word' id='word_1_90' title='bbox 1495 868 1588 910; x_wconf 83' lang='grc' dir='ltr'><em>λίαν</em></span> <span class='ocrx_word' id='word_1_91' title='bbox 1616 867 1776 910; x_wconf 75' lang='grc' dir='ltr'><em>πάν-10</em></span> 
     </span>
     <span class='ocr_line' id='line_1_12' title="bbox 273 927 1722 987; baseline 0.003 -17"><span class='ocrx_word' id='word_1_92' title='bbox 273 947 351 979; x_wconf 87' lang='grc' dir='ltr'><strong>τας</strong></span> <span class='ocrx_word' id='word_1_93' title='bbox 393 927 619 986; x_wconf 75' lang='grc' dir='ltr'><em>ἐξεφόβησε</em></span> <span class='ocrx_word' id='word_1_94' title='bbox 667 935 739 974; x_wconf 84' lang='grc' dir='ltr'><em>καί</em></span> <span class='ocrx_word' id='word_1_95' title='bbox 775 936 903 975; x_wconf 79' lang='grc' dir='ltr'><em>πᾶσιν</em></span> <span class='ocrx_word' id='word_1_96' title='bbox 931 932 1094 976; x_wconf 80' lang='grc' dir='ltr'><em>ἔπεισεν</em></span> <span class='ocrx_word' id='word_1_97' title='bbox 1123 934 1276 987; x_wconf 82' lang='grc' dir='ltr'><em>ὁμοίως</em></span> <span class='ocrx_word' id='word_1_98' title='bbox 1305 934 1504 979; x_wconf 75' lang='grc' dir='ltr'><em>άπιστεῖν.</em></span> <span class='ocrx_word' id='word_1_99' title='bbox 1560 932 1722 975; x_wconf 82' lang='grc' dir='ltr'><em>τούτων</em></span> 
     </span>
     <span class='ocr_line' id='line_1_13' title="bbox 276 996 1722 1057; baseline 0.001 -20"><span class='ocrx_word' id='word_1_100' title='bbox 276 997 322 1038; x_wconf 80' lang='grc' dir='ltr'><em>δὲ</em></span> <span class='ocrx_word' id='word_1_101' title='bbox 350 996 375 1051; x_wconf 85' lang='grc' dir='ltr'><em>ἦ</em></span> <span class='ocrx_word' id='word_1_102' title='bbox 404 999 569 1050; x_wconf 78' lang='grc' dir='ltr'><em>βασιλίς</em></span> <span class='ocrx_word' id='word_1_103' title='bbox 597 997 720 1040; x_wconf 65' lang='grc' dir='ltr'><em>οὐδὲν</em></span> <span class='ocrx_word' id='word_1_104' title='bbox 746 1005 829 1048; x_wconf 80' lang='grc' dir='ltr'><em>τοῖς</em></span> <span class='ocrx_word' id='word_1_105' title='bbox 857 999 1084 1053; x_wconf 85' lang='grc' dir='ltr'><em>πράττουσι</em></span> <span class='ocrx_word' id='word_1_106' title='bbox 1113 998 1300 1057; x_wconf 83' lang='grc' dir='ltr'><em>συνῄδει,</em></span> <span class='ocrx_word' id='word_1_107' title='bbox 1327 998 1433 1040; x_wconf 79' lang='grc' dir='ltr'><em>α’λλά</em></span> <span class='ocrx_word' id='word_1_108' title='bbox 1462 997 1596 1041; x_wconf 88' lang='grc' dir='ltr'><em>πάντα</em></span> <span class='ocrx_word' id='word_1_109' title='bbox 1625 1000 1722 1056; x_wconf 77' lang='grc' dir='ltr'><em>διῳ-</em></span> 
     </span>
     <span class='ocr_line' id='line_1_14' title="bbox 274 1062 1722 1119; baseline 0.001 -17"><span class='ocrx_word' id='word_1_110' title='bbox 274 1068 381 1104; x_wconf 80' lang='grc' dir='ltr'><em>κεῖτο</em></span> <span class='ocrx_word' id='word_1_111' title='bbox 408 1062 591 1115; x_wconf 85' lang='grc' dir='ltr'><em>μάλιστα</em></span> <span class='ocrx_word' id='word_1_112' title='bbox 617 1065 695 1115; x_wconf 83' lang='grc' dir='ltr'><em>μὲν</em></span> <span class='ocrx_word' id='word_1_113' title='bbox 718 1063 980 1114; x_wconf 77' lang='grc' dir='ltr'><em>Ἀποκαύκου</em></span> <span class='ocrx_word' id='word_1_114' title='bbox 1012 1067 1088 1107; x_wconf 80' lang='grc' dir='ltr'><strong>τοῦ</strong></span> <span class='ocrx_word' id='word_1_115' title='bbox 1116 1063 1297 1119; x_wconf 75' lang='grc' dir='ltr'><em>μεγάλου</em></span> <span class='ocrx_word' id='word_1_116' title='bbox 1325 1062 1607 1112; x_wconf 81' lang='grc' dir='ltr'><em>ἐπιτάττοντος</em></span> <span class='ocrx_word' id='word_1_117' title='bbox 1623 1065 1722 1105; x_wconf 89' lang='grc' dir='ltr'><em>δου-</em></span> 
     </span>
     <span class='ocr_line' id='line_1_15' title="bbox 149 1125 1719 1185; baseline 0.003 -19"><span class='ocrx_word' id='word_1_118' title='bbox 149 1126 371 1177; x_wconf 80' lang='grc' dir='ltr'><em>Ρ.5ι5κὸς,</em></span> <span class='ocrx_word' id='word_1_119' title='bbox 401 1129 490 1180; x_wconf 77' lang='grc' dir='ltr'><em>μετ’</em></span> <span class='ocrx_word' id='word_1_120' title='bbox 516 1130 672 1171; x_wconf 77' lang='grc' dir='ltr'><em>ἐκεῖνον</em></span> <span class='ocrx_word' id='word_1_121' title='bbox 701 1131 746 1172; x_wconf 79' lang='grc' dir='ltr'><em>δὲ</em></span> <span class='ocrx_word' id='word_1_122' title='bbox 772 1129 844 1171; x_wconf 80' lang='grc' dir='ltr'><em>καί</em></span> <span class='ocrx_word' id='word_1_123' title='bbox 869 1132 952 1171; x_wconf 76' lang='grc' dir='ltr'><strong>τῶν</strong></span> <span class='ocrx_word' id='word_1_124' title='bbox 979 1125 1114 1171; x_wconf 72' lang='grc' dir='ltr'><em>ἄλλων</em></span> <span class='ocrx_word' id='word_1_125' title='bbox 1141 1132 1224 1171; x_wconf 77' lang='grc' dir='ltr'><strong>τῶν</strong></span> <span class='ocrx_word' id='word_1_126' title='bbox 1252 1130 1514 1182; x_wconf 78' lang='grc' dir='ltr'><em>συνωμοτῶν.</em></span> <span class='ocrx_word' id='word_1_127' title='bbox 1568 1145 1719 1185; x_wconf 84' lang='grc' dir='ltr'><em>πατρι-</em></span> 
     </span>
     <span class='ocr_line' id='line_1_16' title="bbox 271 1189 1772 1250; baseline 0.001 -15"><span class='ocrx_word' id='word_1_128' title='bbox 271 1193 407 1249; x_wconf 82' lang='grc' dir='ltr'><em>α’ρχης</em></span> <span class='ocrx_word' id='word_1_129' title='bbox 432 1195 478 1236; x_wconf 79' lang='grc' dir='ltr'><em>δὲ</em></span> <span class='ocrx_word' id='word_1_130' title='bbox 505 1198 592 1235; x_wconf 86' lang='grc' dir='ltr'><em>κατ’</em></span> <span class='ocrx_word' id='word_1_131' title='bbox 619 1196 778 1250; x_wconf 80' lang='grc' dir='ltr'><em>ἐκείνην</em></span> <span class='ocrx_word' id='word_1_132' title='bbox 803 1194 879 1250; x_wconf 75' lang='grc' dir='ltr'><strong>τὴν</strong></span> <span class='ocrx_word' id='word_1_133' title='bbox 904 1195 1095 1250; x_wconf 82' lang='grc' dir='ltr'><em>περίοδον</em></span> <span class='ocrx_word' id='word_1_134' title='bbox 1125 1197 1209 1236; x_wconf 74' lang='grc' dir='ltr'><strong>τῶν</strong></span> <span class='ocrx_word' id='word_1_135' title='bbox 1237 1198 1456 1250; x_wconf 73' lang='grc' dir='ltr'><em>νηστειῶν,</em></span> <span class='ocrx_word' id='word_1_136' title='bbox 1490 1196 1563 1249; x_wconf 80' lang='grc' dir='ltr'><strong>τῆς</strong></span> <span class='ocrx_word' id='word_1_137' title='bbox 1588 1189 1772 1250; x_wconf 74' lang='grc' dir='ltr'><em>μεγά-Ι5</em></span> 
     </span>
     <span class='ocr_line' id='line_1_17' title="bbox 239 1256 1720 1317; baseline 0.002 -19"><span class='ocrx_word' id='word_1_138' title='bbox 239 1276 241 1278; x_wconf 51' lang='grc'><strong>“</strong></span> <span class='ocrx_word' id='word_1_139' title='bbox 269 1262 343 1312; x_wconf 87' lang='grc' dir='ltr'><strong>λης</strong></span> <span class='ocrx_word' id='word_1_140' title='bbox 356 1258 619 1312; x_wconf 70' lang='grc' dir='ltr'><em>ἐνεστηκυίας</em></span> <span class='ocrx_word' id='word_1_141' title='bbox 633 1264 908 1316; x_wconf 80' lang='grc' dir='ltr'><em>παρασκευῆς,</em></span> <span class='ocrx_word' id='word_1_142' title='bbox 935 1256 1054 1317; x_wconf 76' lang='grc' dir='ltr'><strong>ὲνῇὄ</strong></span> <span class='ocrx_word' id='word_1_143' title='bbox 1073 1261 1172 1313; x_wconf 80' lang='grc' dir='ltr'><em>ἐμὸς</em></span> <span class='ocrx_word' id='word_1_144' title='bbox 1194 1258 1376 1315; x_wconf 84' lang='grc' dir='ltr'><em>Χριστὸς</em></span> <span class='ocrx_word' id='word_1_145' title='bbox 1399 1258 1478 1302; x_wconf 82' lang='grc' dir='ltr'><strong>ὖπό</strong></span> <span class='ocrx_word' id='word_1_146' title='bbox 1507 1259 1720 1301; x_wconf 84' lang='grc' dir='ltr'><em>Ἰουδαίων</em></span> 
     </span>
     <span class='ocr_line' id='line_1_18' title="bbox 268 1323 1720 1382; baseline 0 -16"><span class='ocrx_word' id='word_1_147' title='bbox 268 1323 630 1377; x_wconf 81' lang='grc' dir='ltr'><em>συνελαμβάνετο,</em></span> <span class='ocrx_word' id='word_1_148' title='bbox 675 1325 798 1374; x_wconf 78' lang='grc' dir='ltr'><em>αὐτὸς</em></span> <span class='ocrx_word' id='word_1_149' title='bbox 833 1325 1011 1375; x_wconf 82' lang='grc' dir='ltr'><em>πολλοὺς</em></span> <span class='ocrx_word' id='word_1_150' title='bbox 1049 1324 1148 1374; x_wconf 77' lang='grc' dir='ltr'><em>τούς</em></span> <span class='ocrx_word' id='word_1_151' title='bbox 1182 1327 1237 1382; x_wconf 75' lang='grc' dir='ltr'><strong>τῷ</strong></span> <span class='ocrx_word' id='word_1_152' title='bbox 1275 1326 1353 1382; x_wconf 75' lang='grc' dir='ltr'><strong>νεῷ</strong></span> <span class='ocrx_word' id='word_1_153' title='bbox 1392 1327 1463 1379; x_wconf 78' lang='grc' dir='ltr'><strong>τῆς</strong></span> <span class='ocrx_word' id='word_1_154' title='bbox 1497 1327 1575 1366; x_wconf 83' lang='grc' dir='ltr'><strong>τοῦ</strong></span> <span class='ocrx_word' id='word_1_155' title='bbox 1613 1325 1720 1366; x_wconf 71' lang='grc' dir='ltr'><em>θεοῦ</em></span> 
     </span>
     <span class='ocr_line' id='line_1_19' title="bbox 269 1386 1717 1447; baseline 0 -17"><span class='ocrx_word' id='word_1_156' title='bbox 269 1388 429 1443; x_wconf 69' lang='grc' dir='ltr'><em>Σοφίας</em></span> <span class='ocrx_word' id='word_1_157' title='bbox 461 1387 530 1429; x_wconf 75' lang='grc' dir='ltr'><strong>διὰ</strong></span> <span class='ocrx_word' id='word_1_158' title='bbox 558 1387 633 1444; x_wconf 70' lang='grc' dir='ltr'><strong>την</strong></span> <span class='ocrx_word' id='word_1_159' title='bbox 661 1386 840 1432; x_wconf 79' lang='grc' dir='ltr'><em>ἆσυλίαν</em></span> <span class='ocrx_word' id='word_1_160' title='bbox 865 1388 1234 1447; x_wconf 85' lang='grc' dir='ltr'><em>προσπεφευγότας</em></span> <span class='ocrx_word' id='word_1_161' title='bbox 1253 1389 1493 1444; x_wconf 86' lang='grc' dir='ltr'><em>παρεδίδου,</em></span> <span class='ocrx_word' id='word_1_162' title='bbox 1525 1388 1599 1430; x_wconf 81' lang='grc' dir='ltr'>καί</span> <span class='ocrx_word' id='word_1_163' title='bbox 1615 1393 1717 1431; x_wconf 83' lang='grc' dir='ltr'><em>συλ-</em></span> 
     </span>
     <span class='ocr_line' id='line_1_20' title="bbox 265 1449 1716 1511; baseline 0.001 -16"><span class='ocrx_word' id='word_1_164' title='bbox 265 1455 493 1509; x_wconf 79' lang='grc' dir='ltr'><em>ληφθέντες</em></span> <span class='ocrx_word' id='word_1_165' title='bbox 520 1449 661 1509; x_wconf 66' lang='grc' dir='ltr'><em>ἤγοντο</em></span> <span class='ocrx_word' id='word_1_166' title='bbox 687 1457 747 1504; x_wconf 80' lang='grc' dir='ltr'><strong>εἷς</strong></span> <span class='ocrx_word' id='word_1_167' title='bbox 775 1457 1037 1511; x_wconf 70' lang='grc' dir='ltr'><em>δεσμωτήρια</em></span> <span class='ocrx_word' id='word_1_168' title='bbox 1064 1458 1137 1497; x_wconf 80' lang='grc' dir='ltr'>καί</span> <span class='ocrx_word' id='word_1_169' title='bbox 1162 1455 1292 1497; x_wconf 76' lang='grc' dir='ltr'><em>πολλοὶ</em></span> <span class='ocrx_word' id='word_1_170' title='bbox 1321 1456 1394 1496; x_wconf 77' lang='grc' dir='ltr'>καί</span> <span class='ocrx_word' id='word_1_171' title='bbox 1411 1456 1597 1509; x_wconf 78' lang='grc' dir='ltr'><em>δυσχερῆ</em></span> <span class='ocrx_word' id='word_1_172' title='bbox 1613 1455 1716 1496; x_wconf 79' lang='grc' dir='ltr'><em>ὖπέ·</em></span> 
     </span>
     <span class='ocr_line' id='line_1_21' title="bbox 266 1518 1768 1576; baseline 0.002 -17"><span class='ocrx_word' id='word_1_173' title='bbox 266 1534 402 1572; x_wconf 86' lang='grc' dir='ltr'><em>μενον.</em></span> <span class='ocrx_word' id='word_1_174' title='bbox 465 1521 522 1561; x_wconf 87' lang='grc' dir='ltr'><strong>δι’</strong></span> <span class='ocrx_word' id='word_1_175' title='bbox 548 1518 578 1561; x_wconf 74' lang='grc' dir='ltr'>ιῖ</span> <span class='ocrx_word' id='word_1_176' title='bbox 607 1519 658 1574; x_wconf 83' lang='grc' dir='ltr'><em>δη</em></span> <span class='ocrx_word' id='word_1_177' title='bbox 688 1519 844 1575; x_wconf 87' lang='grc' dir='ltr'><em>πάντα,</em></span> <span class='ocrx_word' id='word_1_178' title='bbox 888 1521 981 1571; x_wconf 70' lang='grc' dir='ltr'><em>ἐπεὶ</em></span> <span class='ocrx_word' id='word_1_179' title='bbox 1006 1519 1220 1576; x_wconf 72' lang='grc' dir='ltr'><em>ἠγγέλλετο</em></span> <span class='ocrx_word' id='word_1_180' title='bbox 1253 1519 1327 1562; x_wconf 80' lang='grc' dir='ltr'><em>καί</em></span> <span class='ocrx_word' id='word_1_181' title='bbox 1350 1519 1440 1562; x_wconf 86' lang='grc' dir='ltr'><em>τότε</em></span> <span class='ocrx_word' id='word_1_182' title='bbox 1470 1523 1768 1563; x_wconf 73' lang='grc' dir='ltr'><em>Καντακου-20</em></span> 
     </span>
     <span class='ocr_line' id='line_1_22' title="bbox 267 1582 1714 1642; baseline 0.003 -18"><span class='ocrx_word' id='word_1_183' title='bbox 267 1582 388 1638; x_wconf 87' lang='grc' dir='ltr'><em>ζηνόν</em></span> <span class='ocrx_word' id='word_1_184' title='bbox 416 1582 488 1626; x_wconf 84' lang='grc' dir='ltr'><strong>τὸν</strong></span> <span class='ocrx_word' id='word_1_185' title='bbox 514 1587 689 1638; x_wconf 86' lang='grc' dir='ltr'><em>βασιλέα</em></span> <span class='ocrx_word' id='word_1_186' title='bbox 718 1588 1052 1642; x_wconf 71' lang='grc' dir='ltr'><em>καταλειφθέντα</em></span> <span class='ocrx_word' id='word_1_187' title='bbox 1073 1583 1201 1639; x_wconf 84' lang='grc' dir='ltr'><em>μόνον</em></span> <span class='ocrx_word' id='word_1_188' title='bbox 1227 1584 1308 1627; x_wconf 75' lang='grc' dir='ltr'><strong>ὑπὸ</strong></span> <span class='ocrx_word' id='word_1_189' title='bbox 1337 1588 1419 1627; x_wconf 81' lang='grc' dir='ltr'><strong>τῶν</strong></span> <span class='ocrx_word' id='word_1_190' title='bbox 1450 1584 1626 1636; x_wconf 84' lang='grc' dir='ltr'><em>οἰκείων,</em></span> <span class='ocrx_word' id='word_1_191' title='bbox 1655 1587 1714 1636; x_wconf 84' lang='grc' dir='ltr'><strong>εἰς</strong></span> 
     </span>
     <span class='ocr_line' id='line_1_23' title="bbox 268 1642 1708 1710; baseline 0.002 -21"><span class='ocrx_word' id='word_1_192' title='bbox 268 1642 365 1703; x_wconf 68' lang='grc' dir='ltr'><em>ὅρος</em></span> <span class='ocrx_word' id='word_1_193' title='bbox 401 1647 603 1704; x_wconf 79' lang='grc' dir='ltr'><em>ἔρχεσθαι</em></span> <span class='ocrx_word' id='word_1_194' title='bbox 637 1651 709 1692; x_wconf 52' lang='lat' dir='ltr'><strong>zo*</strong></span> <span class='ocrx_word' id='word_1_195' title='bbox 728 1650 840 1707; x_wconf 83' lang='grc' dir='ltr'><em>ἱερὸν</em></span> <span class='ocrx_word' id='word_1_196' title='bbox 881 1651 954 1694; x_wconf 78' lang='grc' dir='ltr'><strong>ἐπὶ</strong></span> <span class='ocrx_word' id='word_1_197' title='bbox 979 1655 1047 1710; x_wconf 72' lang='grc' dir='ltr'><em>’τῷ</em></span> <span class='ocrx_word' id='word_1_198' title='bbox 1079 1653 1277 1705; x_wconf 75' lang='grc' dir='ltr'><em>μοναχῶν</em></span> <span class='ocrx_word' id='word_1_199' title='bbox 1305 1652 1509 1693; x_wconf 76' lang='grc' dir='ltr'><em>ὑποδῦναι</em></span> <span class='ocrx_word' id='word_1_200' title='bbox 1538 1653 1708 1706; x_wconf 80' lang='grc' dir='ltr'><em>σχῆμα,</em></span> 
     </span>
     <span class='ocr_line' id='line_1_24' title="bbox 236 1713 1712 1773; baseline 0.001 -15"><span class='ocrx_word' id='word_1_201' title='bbox 236 1714 426 1763; x_wconf 86' lang='grc' dir='ltr'><em>Βπάντες</em></span> <span class='ocrx_word' id='word_1_202' title='bbox 453 1713 571 1757; x_wconf 78' lang='grc' dir='ltr'><em>ἔθεον</em></span> <span class='ocrx_word' id='word_1_203' title='bbox 598 1719 716 1768; x_wconf 75' lang='grc' dir='ltr'><em>πεζοί</em></span> <span class='ocrx_word' id='word_1_204' title='bbox 739 1716 855 1773; x_wconf 77' lang='grc' dir='ltr'><em>παρὰ</em></span> <span class='ocrx_word' id='word_1_205' title='bbox 882 1716 927 1760; x_wconf 86' lang='grc' dir='ltr'><strong>τὸ</strong></span> <span class='ocrx_word' id='word_1_206' title='bbox 957 1720 1030 1773; x_wconf 84' lang='grc' dir='ltr'><strong>τῆς</strong></span> <span class='ocrx_word' id='word_1_207' title='bbox 1052 1717 1321 1773; x_wconf 82' lang='grc' dir='ltr'><em>Ὁδηγητρίας</em></span> <span class='ocrx_word' id='word_1_208' title='bbox 1348 1717 1542 1770; x_wconf 85' lang='grc' dir='ltr'><em>τέμενος,</em></span> <span class='ocrx_word' id='word_1_209' title='bbox 1579 1713 1712 1772; x_wconf 76' lang='grc' dir='ltr'><em>εὔχα-</em></span> 
     </span>
     <span class='ocr_line' id='line_1_25' title="bbox 268 1781 1337 1839; baseline 0.001 -16"><span class='ocrx_word' id='word_1_210' title='bbox 268 1781 430 1837; x_wconf 87' lang='grc' dir='ltr'><em>ριστίας</em></span> <span class='ocrx_word' id='word_1_211' title='bbox 459 1782 747 1832; x_wconf 70' lang='grc' dir='ltr'><em>ἀποδώσοντες</em></span> <span class='ocrx_word' id='word_1_212' title='bbox 772 1785 848 1839; x_wconf 83' lang='grc' dir='ltr'><strong>τῆς</strong></span> <span class='ocrx_word' id='word_1_213' title='bbox 877 1782 1035 1826; x_wconf 79' lang='grc' dir='ltr'><em>ἐκείνου</em></span> <span class='ocrx_word' id='word_1_214' title='bbox 1062 1783 1337 1832; x_wconf 77' lang='grc' dir='ltr'><em>καταλύσεως.</em></span> 
     </span>
     <span class='ocr_line' id='line_1_26' title="bbox 383 1865 792 1913; baseline 0.002 -13"><span class='ocrx_word' id='word_1_215' title='bbox 383 1878 438 1900; x_wconf 82' lang='lat'><strong>22.</strong></span> <span class='ocrx_word' id='word_1_216' title='bbox 464 1865 622 1902; x_wconf 75' lang='grc' dir='ltr'><em>ἐνδῦναι</em></span> <span class='ocrx_word' id='word_1_217' title='bbox 644 1867 693 1901; x_wconf 93' lang='grc' dir='ltr'><strong>Μ.</strong></span> <span class='ocrx_word' id='word_1_218' title='bbox 722 1878 792 1913; x_wconf 85' lang='lat' dir='ltr'><strong>mg.</strong></span> 
     </span>
    </p>
   </div>
   <div class='ocr_carea' id='block_1_3' title="bbox 260 1937 1705 2824">
    <p class='ocr_par' dir='ltr' id='par_1_4' title="bbox 260 1937 1705 2824">
     <span class='ocr_line' id='line_1_27' title="bbox 267 1937 1705 1985; baseline 0.002 -14"><span class='ocrx_word' id='word_1_219' title='bbox 267 1937 360 1972; x_wconf 87' lang='lat' dir='ltr'><strong>hauc</strong></span> <span class='ocrx_word' id='word_1_220' title='bbox 384 1945 531 1985; x_wconf 85' lang='lat' dir='ltr'><strong>questus</strong></span> <span class='ocrx_word' id='word_1_221' title='bbox 561 1941 673 1984; x_wconf 83' lang='lat' dir='ltr'><strong>gratia</strong></span> <span class='ocrx_word' id='word_1_222' title='bbox 708 1941 866 1975; x_wconf 74' lang='lat' dir='ltr'><strong>libenter</strong></span> <span class='ocrx_word' id='word_1_223' title='bbox 893 1939 1016 1974; x_wconf 87' lang='lat' dir='ltr'><strong>induit</strong></span> <span class='ocrx_word' id='word_1_224' title='bbox 1052 1945 1089 1975; x_wconf 92' lang='lat' dir='ltr'><strong>et</strong></span> <span class='ocrx_word' id='word_1_225' title='bbox 1112 1940 1159 1975; x_wconf 85' lang='lat' dir='ltr'><strong>ad</strong></span> <span class='ocrx_word' id='word_1_226' title='bbox 1181 1941 1320 1975; x_wconf 81' lang='lat' dir='ltr'><strong>vinctos</strong></span> <span class='ocrx_word' id='word_1_227' title='bbox 1346 1941 1493 1981; x_wconf 86' lang='lat' dir='ltr'><strong>adiens,</strong></span> <span class='ocrx_word' id='word_1_228' title='bbox 1528 1943 1610 1984; x_wconf 85' lang='lat' dir='ltr'><strong>post</strong></span> <span class='ocrx_word' id='word_1_229' title='bbox 1636 1940 1705 1974; x_wconf 83' lang='lat' dir='ltr'><strong>ad-</strong></span> 
     </span>
     <span class='ocr_line' id='line_1_28' title="bbox 266 1986 1705 2034; baseline 0.001 -17"><span class='ocrx_word' id='word_1_230' title='bbox 266 1986 457 2019; x_wconf 86' lang='lat' dir='ltr'><strong>missorum</strong></span> <span class='ocrx_word' id='word_1_231' title='bbox 497 1988 759 2022; x_wconf 87' lang='lat' dir='ltr'><strong>confessionem</strong></span> <span class='ocrx_word' id='word_1_232' title='bbox 792 1998 972 2034; x_wconf 85' lang='lat' dir='ltr'>quemque</span> <span class='ocrx_word' id='word_1_233' title='bbox 1003 1987 1196 2021; x_wconf 87' lang='lat' dir='ltr'><strong>seiunctim</strong></span> <span class='ocrx_word' id='word_1_234' title='bbox 1230 1988 1336 2020; x_wconf 88' lang='lat' dir='ltr'><strong>etiam</strong></span> <span class='ocrx_word' id='word_1_235' title='bbox 1361 1987 1406 2021; x_wconf 85' lang='lat' dir='ltr'><strong>de</strong></span> <span class='ocrx_word' id='word_1_236' title='bbox 1431 1987 1705 2027; x_wconf 85' lang='lat' dir='ltr'><strong>Cantacuzeno,</strong></span> 
     </span>
     <span class='ocr_line' id='line_1_29' title="bbox 268 2032 1705 2080; baseline 0.001 -16"><span class='ocrx_word' id='word_1_237' title='bbox 268 2032 359 2078; x_wconf 90' lang='lat' dir='ltr'><strong>quid</strong></span> <span class='ocrx_word' id='word_1_238' title='bbox 392 2033 652 2075; x_wconf 73' lang='lat' dir='ltr'><strong>meditaretur,</strong></span> <span class='ocrx_word' id='word_1_239' title='bbox 693 2035 900 2080; x_wconf 86' lang='lat' dir='ltr'><strong>interrogat.</strong></span> <span class='ocrx_word' id='word_1_240' title='bbox 949 2035 995 2068; x_wconf 75' lang='lat' dir='ltr'><strong>At</strong></span> <span class='ocrx_word' id='word_1_241' title='bbox 1027 2035 1083 2068; x_wconf 83' lang='lat' dir='ltr'><strong>ini</strong></span> <span class='ocrx_word' id='word_1_242' title='bbox 1116 2045 1188 2067; x_wconf 91' lang='lat' dir='ltr'><strong>non</strong></span> <span class='ocrx_word' id='word_1_243' title='bbox 1214 2033 1312 2078; x_wconf 88' lang='lat' dir='ltr'><strong>quod</strong></span> <span class='ocrx_word' id='word_1_244' title='bbox 1344 2038 1442 2074; x_wconf 85' lang='lat' dir='ltr'><strong>erat,</strong></span> <span class='ocrx_word' id='word_1_245' title='bbox 1483 2033 1546 2066; x_wconf 88' lang='lat' dir='ltr'><strong>sed</strong></span> <span class='ocrx_word' id='word_1_246' title='bbox 1581 2044 1705 2068; x_wconf 83' lang='lat' dir='ltr'><strong>revera</strong></span> 
     </span>
     <span class='ocr_line' id='line_1_30' title="bbox 265 2079 1703 2125; baseline 0 -13"><span class='ocrx_word' id='word_1_247' title='bbox 265 2085 407 2124; x_wconf 86' lang='lat' dir='ltr'><strong>patrem</strong></span> <span class='ocrx_word' id='word_1_248' title='bbox 435 2081 684 2124; x_wconf 87' lang='lat' dir='ltr'><strong>spiritualem,</strong></span> <span class='ocrx_word' id='word_1_249' title='bbox 726 2082 876 2115; x_wconf 85' lang='lat' dir='ltr'><strong>factioni</strong></span> <span class='ocrx_word' id='word_1_250' title='bbox 906 2085 1026 2114; x_wconf 86' lang='lat' dir='ltr'><strong>autem</strong></span> <span class='ocrx_word' id='word_1_251' title='bbox 1057 2079 1280 2125; x_wconf 79' lang='lat' dir='ltr'>patriarchae</span> <span class='ocrx_word' id='word_1_252' title='bbox 1306 2085 1341 2114; x_wconf 88' lang='lat' dir='ltr'><strong>et</strong></span> <span class='ocrx_word' id='word_1_253' title='bbox 1365 2079 1570 2124; x_wconf 84' lang='lat' dir='ltr'><strong>Apocauchi</strong></span> <span class='ocrx_word' id='word_1_254' title='bbox 1597 2080 1703 2113; x_wconf 88' lang='lat' dir='ltr'><strong>dedi-</strong></span> 
     </span>
     <span class='ocr_line' id='line_1_31' title="bbox 266 2126 1704 2173; baseline 0 -14"><span class='ocrx_word' id='word_1_255' title='bbox 266 2130 342 2159; x_wconf 86' lang='lat' dir='ltr'><strong>tum</strong></span> <span class='ocrx_word' id='word_1_256' title='bbox 376 2128 570 2170; x_wconf 88' lang='lat' dir='ltr'><strong>suspicati,</strong></span> <span class='ocrx_word' id='word_1_257' title='bbox 605 2140 625 2161; x_wconf 88' lang='lat' dir='ltr'><strong>a</strong></span> <span class='ocrx_word' id='word_1_258' title='bbox 657 2129 814 2172; x_wconf 87' lang='lat' dir='ltr'><strong>peccatis</strong></span> <span class='ocrx_word' id='word_1_259' title='bbox 847 2127 1058 2173; x_wconf 82' lang='lat' dir='ltr'><strong>detegendis</strong></span> <span class='ocrx_word' id='word_1_260' title='bbox 1097 2128 1241 2161; x_wconf 88' lang='lat' dir='ltr'><strong>omnino</strong></span> <span class='ocrx_word' id='word_1_261' title='bbox 1283 2137 1326 2159; x_wconf 73' lang='lat' dir='ltr'><strong>ex</strong></span> <span class='ocrx_word' id='word_1_262' title='bbox 1362 2127 1488 2160; x_wconf 86' lang='lat' dir='ltr'><strong>timore</strong></span> <span class='ocrx_word' id='word_1_263' title='bbox 1518 2126 1704 2159; x_wconf 83' lang='lat' dir='ltr'><strong>abstinue-</strong></span> 
     </span>
     <span class='ocr_line' id='line_1_32' title="bbox 266 2172 1702 2219; baseline 0.001 -14"><span class='ocrx_word' id='word_1_264' title='bbox 266 2178 363 2206; x_wconf 87' lang='lat' dir='ltr'><strong>runt.</strong></span> <span class='ocrx_word' id='word_1_265' title='bbox 410 2173 540 2207; x_wconf 84' lang='lat' dir='ltr'><strong>lliusor</strong></span> <span class='ocrx_word' id='word_1_266' title='bbox 564 2185 646 2208; x_wconf 88' lang='lat' dir='ltr'><strong>vero</strong></span> <span class='ocrx_word' id='word_1_267' title='bbox 672 2175 757 2211; x_wconf 81' lang='lat' dir='ltr'><strong>ille,</strong></span> <span class='ocrx_word' id='word_1_268' title='bbox 798 2186 878 2207; x_wconf 92' lang='lat' dir='ltr'><strong>cum</strong></span> <span class='ocrx_word' id='word_1_269' title='bbox 903 2174 1069 2219; x_wconf 81' lang='lat' dir='ltr'><strong>nequitia</strong></span> <span class='ocrx_word' id='word_1_270' title='bbox 1094 2184 1157 2206; x_wconf 83' lang='lat' dir='ltr'><strong>sua</strong></span> <span class='ocrx_word' id='word_1_271' title='bbox 1190 2173 1286 2206; x_wconf 79' lang='lat' dir='ltr'><strong>nihil</strong></span> <span class='ocrx_word' id='word_1_272' title='bbox 1317 2174 1582 2217; x_wconf 83' lang='lat' dir='ltr'><strong>promovisset,</strong></span> <span class='ocrx_word' id='word_1_273' title='bbox 1615 2172 1702 2206; x_wconf 82' lang='lat' dir='ltr'><strong>inde</strong></span> 
     </span>
     <span class='ocr_line' id='line_1_33' title="bbox 267 2219 1702 2265; baseline 0.001 -14"><span class='ocrx_word' id='word_1_274' title='bbox 267 2220 365 2259; x_wconf 79' lang='lat' dir='ltr'><strong>exit,</strong></span> <span class='ocrx_word' id='word_1_275' title='bbox 402 2224 439 2252; x_wconf 85' lang='lat' dir='ltr'><strong>et</strong></span> <span class='ocrx_word' id='word_1_276' title='bbox 473 2231 566 2265; x_wconf 86' lang='lat' dir='ltr'><strong>quae</strong></span> <span class='ocrx_word' id='word_1_277' title='bbox 608 2221 702 2255; x_wconf 86' lang='lat' dir='ltr'><strong>male</strong></span> <span class='ocrx_word' id='word_1_278' title='bbox 746 2221 917 2254; x_wconf 85' lang='lat' dir='ltr'><strong>induerat</strong></span> <span class='ocrx_word' id='word_1_279' title='bbox 949 2221 1164 2254; x_wconf 84' lang='lat' dir='ltr'><strong>vestimenta</strong></span> <span class='ocrx_word' id='word_1_280' title='bbox 1207 2229 1362 2260; x_wconf 83' lang='lat' dir='ltr'><strong>exuens,</strong></span> <span class='ocrx_word' id='word_1_281' title='bbox 1401 2231 1480 2252; x_wconf 89' lang='lat' dir='ltr'><strong>curn</strong></span> <span class='ocrx_word' id='word_1_282' title='bbox 1525 2219 1702 2253; x_wconf 83' lang='lat' dir='ltr'><strong>saeculari</strong></span> 
     </span>
     <span class='ocr_line' id='line_1_34' title="bbox 265 2265 1701 2304; baseline 0.001 -7"><span class='ocrx_word' id='word_1_283' title='bbox 265 2266 365 2298; x_wconf 83' lang='lat' dir='ltr'><strong>cultu</strong></span> <span class='ocrx_word' id='word_1_284' title='bbox 390 2266 521 2299; x_wconf 89' lang='lat' dir='ltr'><strong>iterum</strong></span> <span class='ocrx_word' id='word_1_285' title='bbox 546 2272 658 2300; x_wconf 81' lang='lat' dir='ltr'><strong>artem</strong></span> <span class='ocrx_word' id='word_1_286' title='bbox 686 2272 894 2304; x_wconf 87' lang='lat' dir='ltr'><strong>consuetam</strong></span> <span class='ocrx_word' id='word_1_287' title='bbox 919 2268 1088 2301; x_wconf 79' lang='lat' dir='ltr'><strong>factitans</strong></span> <span class='ocrx_word' id='word_1_288' title='bbox 1111 2265 1332 2299; x_wconf 85' lang='lat' dir='ltr'><strong>circumibat.</strong></span> <span class='ocrx_word' id='word_1_289' title='bbox 1380 2265 1457 2298; x_wconf 90' lang='lat' dir='ltr'><strong>Hoc</strong></span> <span class='ocrx_word' id='word_1_290' title='bbox 1485 2265 1605 2298; x_wconf 84' lang='lat' dir='ltr'><strong>drama</strong></span> <span class='ocrx_word' id='word_1_291' title='bbox 1625 2265 1701 2298; x_wconf 84' lang='lat' dir='ltr'><strong>val·</strong></span> 
     </span>
     <span class='ocr_line' id='line_1_35' title="bbox 267 2310 1700 2359; baseline 0.001 -15"><span class='ocrx_word' id='word_1_292' title='bbox 267 2310 311 2345; x_wconf 86' lang='lat' dir='ltr'><strong>de</strong></span> <span class='ocrx_word' id='word_1_293' title='bbox 352 2324 476 2346; x_wconf 88' lang='lat' dir='ltr'><strong>omnes</strong></span> <span class='ocrx_word' id='word_1_294' title='bbox 512 2316 705 2359; x_wconf 79' lang='lat' dir='ltr'><strong>perterruit</strong></span> <span class='ocrx_word' id='word_1_295' title='bbox 742 2320 778 2348; x_wconf 91' lang='lat' dir='ltr'><strong>et</strong></span> <span class='ocrx_word' id='word_1_296' title='bbox 809 2315 856 2348; x_wconf 90' lang='lat' dir='ltr'><strong>ad</strong></span> <span class='ocrx_word' id='word_1_297' title='bbox 896 2313 1063 2348; x_wconf 85' lang='lat' dir='ltr'><strong>omnibus</strong></span> <span class='ocrx_word' id='word_1_298' title='bbox 1102 2323 1215 2358; x_wconf 85' lang='lat' dir='ltr'><strong>aeque</strong></span> <span class='ocrx_word' id='word_1_299' title='bbox 1253 2311 1485 2345; x_wconf 85' lang='lat' dir='ltr'><strong>diffidendum</strong></span> <span class='ocrx_word' id='word_1_300' title='bbox 1524 2311 1700 2346; x_wconf 83' lang='lat' dir='ltr'><strong>incitavit.</strong></span> 
     </span>
     <span class='ocr_line' id='line_1_36' title="bbox 264 2357 1698 2406; baseline -0.001 -15"><span class='ocrx_word' id='word_1_301' title='bbox 264 2357 384 2404; x_wconf 87' lang='lat' dir='ltr'><strong>Atque</strong></span> <span class='ocrx_word' id='word_1_302' title='bbox 415 2359 544 2393; x_wconf 87' lang='lat' dir='ltr'><strong>horum</strong></span> <span class='ocrx_word' id='word_1_303' title='bbox 573 2360 667 2394; x_wconf 89' lang='lat' dir='ltr'><strong>nihil</strong></span> <span class='ocrx_word' id='word_1_304' title='bbox 702 2362 930 2406; x_wconf 86' lang='lat' dir='ltr'><strong>imperatrice</strong></span> <span class='ocrx_word' id='word_1_305' title='bbox 964 2359 1122 2398; x_wconf 83' lang='lat' dir='ltr'><strong>conscia,</strong></span> <span class='ocrx_word' id='word_1_306' title='bbox 1150 2358 1213 2391; x_wconf 88' lang='lat' dir='ltr'><strong>sed</strong></span> <span class='ocrx_word' id='word_1_307' title='bbox 1238 2359 1358 2391; x_wconf 87' lang='lat' dir='ltr'><strong>omnia</strong></span> <span class='ocrx_word' id='word_1_308' title='bbox 1390 2358 1566 2402; x_wconf 81' lang='lat' dir='ltr'><strong>imprimis</strong></span> <span class='ocrx_word' id='word_1_309' title='bbox 1603 2357 1698 2401; x_wconf 81' lang='lat' dir='ltr'><strong>Apo·</strong></span> 
     </span>
     <span class='ocr_line' id='line_1_37' title="bbox 266 2402 1699 2452; baseline 0 -15"><span class='ocrx_word' id='word_1_310' title='bbox 266 2405 399 2439; x_wconf 88' lang='lat' dir='ltr'><strong>caucho</strong></span> <span class='ocrx_word' id='word_1_311' title='bbox 429 2417 556 2451; x_wconf 84' lang='lat' dir='ltr'><strong>magno</strong></span> <span class='ocrx_word' id='word_1_312' title='bbox 586 2407 690 2448; x_wconf 86' lang='lat' dir='ltr'><strong>duce,</strong></span> <span class='ocrx_word' id='word_1_313' title='bbox 718 2407 850 2442; x_wconf 87' lang='lat' dir='ltr'><strong>deinde</strong></span> <span class='ocrx_word' id='word_1_314' title='bbox 877 2407 1025 2452; x_wconf 82' lang='lat' dir='ltr'><strong>reliquis</strong></span> <span class='ocrx_word' id='word_1_315' title='bbox 1048 2406 1244 2438; x_wconf 87' lang='lat' dir='ltr'><strong>coniuratis</strong></span> <span class='ocrx_word' id='word_1_316' title='bbox 1269 2406 1488 2444; x_wconf 86' lang='lat' dir='ltr'><strong>auctoribus,</strong></span> <span class='ocrx_word' id='word_1_317' title='bbox 1512 2402 1699 2448; x_wconf 78' lang='lat' dir='ltr'><strong>agitaban-</strong></span> 
     </span>
     <span class='ocr_line' id='line_1_38' title="bbox 264 2451 1698 2496; baseline 0.001 -13"><span class='ocrx_word' id='word_1_318' title='bbox 264 2455 333 2484; x_wconf 87' lang='lat' dir='ltr'><strong>tur.</strong></span> <span class='ocrx_word' id='word_1_319' title='bbox 390 2453 591 2487; x_wconf 80' lang='lat' dir='ltr'><strong>patriarcha</strong></span> <span class='ocrx_word' id='word_1_320' title='bbox 628 2460 748 2487; x_wconf 86' lang='lat' dir='ltr'><strong>autem</strong></span> <span class='ocrx_word' id='word_1_321' title='bbox 784 2455 849 2488; x_wconf 85' lang='lat' dir='ltr'><strong>illa</strong></span> <span class='ocrx_word' id='word_1_322' title='bbox 885 2453 1103 2487; x_wconf 86' lang='lat' dir='ltr'><strong>ieiuniorum</strong></span> <span class='ocrx_word' id='word_1_323' title='bbox 1137 2451 1313 2495; x_wconf 87' lang='lat' dir='ltr'><strong>periodo,</strong></span> <span class='ocrx_word' id='word_1_324' title='bbox 1351 2462 1475 2496; x_wconf 83' lang='lat' dir='ltr'><strong>magna</strong></span> <span class='ocrx_word' id='word_1_325' title='bbox 1508 2459 1698 2494; x_wconf 84' lang='lat' dir='ltr'><strong>parasceue</strong></span> 
     </span>
     <span class='ocr_line' id='line_1_39' title="bbox 264 2496 1696 2545; baseline 0 -16"><span class='ocrx_word' id='word_1_326' title='bbox 264 2496 436 2539; x_wconf 84' lang='lat' dir='ltr'><strong>instante,</strong></span> <span class='ocrx_word' id='word_1_327' title='bbox 462 2501 500 2532; x_wconf 86' lang='lat' dir='ltr'><strong>in</strong></span> <span class='ocrx_word' id='word_1_328' title='bbox 518 2511 588 2545; x_wconf 81' lang='lat' dir='ltr'><strong>qua</strong></span> <span class='ocrx_word' id='word_1_329' title='bbox 609 2500 771 2534; x_wconf 87' lang='lat' dir='ltr'><strong>Christus</strong></span> <span class='ocrx_word' id='word_1_330' title='bbox 793 2512 893 2534; x_wconf 87' lang='lat' dir='ltr'><strong>meus</strong></span> <span class='ocrx_word' id='word_1_331' title='bbox 914 2511 932 2532; x_wconf 86' lang='lat' dir='ltr'><strong>a</strong></span> <span class='ocrx_word' id='word_1_332' title='bbox 949 2497 1092 2532; x_wconf 81' lang='lat' dir='ltr'><strong>Iudaeis</strong></span> <span class='ocrx_word' id='word_1_333' title='bbox 1114 2498 1388 2541; x_wconf 85' lang='lat' dir='ltr'><strong>comprehensus</strong></span> <span class='ocrx_word' id='word_1_334' title='bbox 1414 2503 1480 2538; x_wconf 89' lang='lat' dir='ltr'><strong>est,</strong></span> <span class='ocrx_word' id='word_1_335' title='bbox 1505 2497 1582 2542; x_wconf 82' lang='lat' dir='ltr'><strong>ipse</strong></span> <span class='ocrx_word' id='word_1_336' title='bbox 1601 2497 1696 2529; x_wconf 78' lang='lat' dir='ltr'><strong>mul-</strong></span> 
     </span>
     <span class='ocr_line' id='line_1_40' title="bbox 263 2543 1697 2591; baseline -0.001 -14"><span class='ocrx_word' id='word_1_337' title='bbox 263 2547 333 2582; x_wconf 86' lang='lat' dir='ltr'><strong>tos,</strong></span> <span class='ocrx_word' id='word_1_338' title='bbox 351 2547 412 2588; x_wconf 85' lang='lat' dir='ltr'><strong>qui</strong></span> <span class='ocrx_word' id='word_1_339' title='bbox 436 2546 481 2578; x_wconf 89' lang='lat' dir='ltr'><strong>ad</strong></span> <span class='ocrx_word' id='word_1_340' title='bbox 503 2547 563 2580; x_wconf 89' lang='lat' dir='ltr'><strong>dei</strong></span> <span class='ocrx_word' id='word_1_341' title='bbox 588 2547 797 2591; x_wconf 84' lang='lat' dir='ltr'><strong>Sapientiae</strong></span> <span class='ocrx_word' id='word_1_342' title='bbox 819 2546 991 2590; x_wconf 88' lang='lat' dir='ltr'><strong>templum</strong></span> <span class='ocrx_word' id='word_1_343' title='bbox 1020 2555 1083 2577; x_wconf 86' lang='lat' dir='ltr'><strong>seu</strong></span> <span class='ocrx_word' id='word_1_344' title='bbox 1105 2543 1150 2576; x_wconf 90' lang='lat' dir='ltr'><strong>ad</strong></span> <span class='ocrx_word' id='word_1_345' title='bbox 1167 2545 1300 2586; x_wconf 85' lang='lat' dir='ltr'><strong>asylum</strong></span> <span class='ocrx_word' id='word_1_346' title='bbox 1323 2544 1570 2588; x_wconf 82' lang='lat' dir='ltr'><strong>confugerant,</strong></span> <span class='ocrx_word' id='word_1_347' title='bbox 1596 2553 1697 2575; x_wconf 89' lang='lat' dir='ltr'><strong>com-</strong></span> 
     </span>
     <span class='ocr_line' id='line_1_41' title="bbox 263 2589 1696 2638; baseline 0.001 -17"><span class='ocrx_word' id='word_1_348' title='bbox 263 2589 539 2633; x_wconf 69' lang='lat' dir='ltr'><strong>preheudmdos</strong></span> <span class='ocrx_word' id='word_1_349' title='bbox 559 2593 721 2627; x_wconf 88' lang='lat' dir='ltr'><strong>tradidit:</strong></span> <span class='ocrx_word' id='word_1_350' title='bbox 746 2592 1064 2638; x_wconf 87' lang='lat' dir='ltr'><strong>comprehensique</strong></span> <span class='ocrx_word' id='word_1_351' title='bbox 1079 2595 1188 2634; x_wconf 86' lang='lat' dir='ltr'><strong>atque</strong></span> <span class='ocrx_word' id='word_1_352' title='bbox 1206 2591 1243 2622; x_wconf 90' lang='lat' dir='ltr'><strong>in</strong></span> <span class='ocrx_word' id='word_1_353' title='bbox 1264 2592 1407 2624; x_wconf 87' lang='lat' dir='ltr'><strong>vincula</strong></span> <span class='ocrx_word' id='word_1_354' title='bbox 1424 2589 1586 2635; x_wconf 88' lang='lat' dir='ltr'><strong>perducti</strong></span> <span class='ocrx_word' id='word_1_355' title='bbox 1601 2589 1696 2622; x_wconf 91' lang='lat' dir='ltr'><strong>mul-</strong></span> 
     </span>
     <span class='ocr_line' id='line_1_42' title="bbox 261 2636 1694 2676; baseline -0.001 -8"><span class='ocrx_word' id='word_1_356' title='bbox 261 2640 317 2668; x_wconf 86' lang='lat' dir='ltr'><strong>tos</strong></span> <span class='ocrx_word' id='word_1_357' title='bbox 335 2642 371 2670; x_wconf 87' lang='lat' dir='ltr'><strong>et</strong></span> <span class='ocrx_word' id='word_1_358' title='bbox 395 2637 490 2670; x_wconf 89' lang='lat' dir='ltr'><strong>diros</strong></span> <span class='ocrx_word' id='word_1_359' title='bbox 517 2641 694 2673; x_wconf 83' lang='lat' dir='ltr'><strong>cruciatus</strong></span> <span class='ocrx_word' id='word_1_360' title='bbox 715 2639 950 2673; x_wconf 86' lang='lat' dir='ltr'><strong>sustinebant.</strong></span> <span class='ocrx_word' id='word_1_361' title='bbox 980 2637 1036 2670; x_wconf 89' lang='lat' dir='ltr'><strong>Ob</strong></span> <span class='ocrx_word' id='word_1_362' title='bbox 1056 2636 1145 2669; x_wconf 85' lang='lat' dir='ltr'><strong>haec</strong></span> <span class='ocrx_word' id='word_1_363' title='bbox 1166 2639 1295 2676; x_wconf 86' lang='lat' dir='ltr'><strong>omnia,</strong></span> <span class='ocrx_word' id='word_1_364' title='bbox 1319 2648 1398 2669; x_wconf 90' lang='lat' dir='ltr'><strong>cum</strong></span> <span class='ocrx_word' id='word_1_365' title='bbox 1415 2642 1452 2669; x_wconf 87' lang='lat' dir='ltr'><strong>et</strong></span> <span class='ocrx_word' id='word_1_366' title='bbox 1462 2642 1549 2670; x_wconf 85' lang='lat' dir='ltr'><strong>tunc</strong></span> <span class='ocrx_word' id='word_1_367' title='bbox 1568 2636 1694 2668; x_wconf 87' lang='lat' dir='ltr'><strong>nunti-</strong></span> 
     </span>
     <span class='ocr_line' id='line_1_43' title="bbox 261 2683 1694 2722; baseline 0 -8"><span class='ocrx_word' id='word_1_368' title='bbox 261 2687 394 2722; x_wconf 84' lang='lat' dir='ltr'><strong>aretur,</strong></span> <span class='ocrx_word' id='word_1_369' title='bbox 419 2684 706 2719; x_wconf 86' lang='lat' dir='ltr'><strong>Cantacuzenum</strong></span> <span class='ocrx_word' id='word_1_370' title='bbox 730 2687 844 2719; x_wconf 90' lang='lat' dir='ltr'><strong>solum</strong></span> <span class='ocrx_word' id='word_1_371' title='bbox 867 2696 886 2717; x_wconf 82' lang='lat' dir='ltr'><strong>a</strong></span> <span class='ocrx_word' id='word_1_372' title='bbox 904 2683 1108 2718; x_wconf 88' lang='lat' dir='ltr'><strong>domesticis</strong></span> <span class='ocrx_word' id='word_1_373' title='bbox 1129 2684 1202 2716; x_wconf 79' lang='lat' dir='ltr'><strong>suis</strong></span> <span class='ocrx_word' id='word_1_374' title='bbox 1230 2683 1452 2722; x_wconf 83' lang='lat' dir='ltr'><strong>derelictum,</strong></span> <span class='ocrx_word' id='word_1_375' title='bbox 1487 2683 1525 2715; x_wconf 92' lang='lat' dir='ltr'><strong>in</strong></span> <span class='ocrx_word' id='word_1_376' title='bbox 1557 2692 1694 2714; x_wconf 80' lang='lat' dir='ltr'><strong>sacrum</strong></span> 
     </span>
     <span class='ocr_line' id='line_1_44' title="bbox 260 2726 1693 2775; baseline -0.002 -14"><span class='ocrx_word' id='word_1_377' title='bbox 260 2733 418 2762; x_wconf 88' lang='lat' dir='ltr'><strong>montem</strong></span> <span class='ocrx_word' id='word_1_378' title='bbox 432 2730 477 2762; x_wconf 84' lang='lat' dir='ltr'><strong>ad</strong></span> <span class='ocrx_word' id='word_1_379' title='bbox 488 2732 651 2765; x_wconf 87' lang='lat' dir='ltr'><strong>monachi</strong></span> <span class='ocrx_word' id='word_1_380' title='bbox 665 2732 830 2765; x_wconf 86' lang='lat' dir='ltr'><strong>habitum</strong></span> <span class='ocrx_word' id='word_1_381' title='bbox 845 2730 1099 2775; x_wconf 81' lang='lat' dir='ltr'><strong>capessendum</strong></span> <span class='ocrx_word' id='word_1_382' title='bbox 1114 2730 1328 2770; x_wconf 90' lang='lat' dir='ltr'><strong>discessisse,</strong></span> <span class='ocrx_word' id='word_1_383' title='bbox 1344 2740 1466 2763; x_wconf 83' lang='lat' dir='ltr'><strong>omnes</strong></span> <span class='ocrx_word' id='word_1_384' title='bbox 1482 2727 1633 2772; x_wconf 83' lang='lat' dir='ltr'><strong>pedibus</strong></span> <span class='ocrx_word' id='word_1_385' title='bbox 1647 2726 1693 2759; x_wconf 88' lang='lat' dir='ltr'><strong>ad</strong></span> 
     </span>
     <span class='ocr_line' id='line_1_45' title="bbox 260 2774 1691 2824; baseline -0.002 -15"><span class='ocrx_word' id='word_1_386' title='bbox 260 2776 434 2822; x_wconf 84' lang='lat' dir='ltr'><strong>templum</strong></span> <span class='ocrx_word' id='word_1_387' title='bbox 452 2776 690 2821; x_wconf 83' lang='lat' dir='ltr'><strong>Hodcgetriae</strong></span> <span class='ocrx_word' id='word_1_388' title='bbox 711 2780 839 2824; x_wconf 83' lang='lat' dir='ltr'><strong>gratias</strong></span> <span class='ocrx_word' id='word_1_389' title='bbox 865 2778 909 2813; x_wconf 86' lang='lat' dir='ltr'><strong>de</strong></span> <span class='ocrx_word' id='word_1_390' title='bbox 927 2778 991 2812; x_wconf 83' lang='lat' dir='ltr'><strong>illo</strong></span> <span class='ocrx_word' id='word_1_391' title='bbox 1007 2778 1100 2812; x_wconf 87' lang='lat' dir='ltr'><strong>victo</strong></span> <span class='ocrx_word' id='word_1_392' title='bbox 1123 2782 1160 2811; x_wconf 86' lang='lat' dir='ltr'><strong>et</strong></span> <span class='ocrx_word' id='word_1_393' title='bbox 1175 2787 1296 2811; x_wconf 84' lang='lat' dir='ltr'><strong>everso</strong></span> <span class='ocrx_word' id='word_1_394' title='bbox 1321 2777 1436 2811; x_wconf 84' lang='lat' dir='ltr'><strong>acturi</strong></span> <span class='ocrx_word' id='word_1_395' title='bbox 1447 2774 1691 2810; x_wconf 84' lang='lat' dir='ltr'><strong>convolarunt.</strong></span> 
     </span>
    </p>
   </div>
  </div>
 </body>
</html>
