1812 3132
270 150 374 205 106
794 167 1165 211 CANTACUZENI

62 272 143 306 ΑΕ.
163 273 244 318 ι34ι
263 268 378 324 παρὰ
407 269 487 310 σοῦ’
513 269 783 324 γεγενημένας
810 269 914 326 πρὸς
944 274 1100 313 ἐκεῖνον
1129 265 1334 325 ἀμοιβάς,
1363 271 1437 314 καὶ
1451 271 1523 328 τὴν
1542 275 1698 315 ἐκείνου

255 337 355 389 περὶ
378 332 422 375 τό
454 331 699 389 συγγνώμην
726 337 810 384 τοῖς
837 337 896 385 εἰς
916 335 1043 377 αὐτὸν
1078 335 1371 391 ἁμαρτάνουσι
1399 340 1596 393 παρέχειν
1627 355 1699 394 φι-

256 401 465 452 λοτιμίαν,
497 401 571 440 οὐκ
605 401 824 453 α’ναγκαῖον
866 403 969 454 νῦν,
1019 401 1097 442 σοῦ
1145 403 1344 456 προτέρου
1372 407 1698 459 μαρτυροῦντος.

212 461 387 519 Βὸρκων
416 466 462 506 δὲ
492 467 545 505 ου’
571 465 696 519 χρεία
724 468 824 519 νῦν,
855 467 947 507 ἀλλ’
977 465 1112 521 ἔργων
1143 469 1302 518 μᾶλλον
1329 466 1429 516 τούς
1455 466 1604 523 ὅρκους
1628 473 1701 524 βε-

254 527 500 583 βαιούντων.
574 527 622 571 οὗ
660 529 742 585 γοὶρ
782 537 867 580 τοῖς
905 530 1043 586 λόγοις
1085 532 1110 587 ἦ
1152 534 1308 585 πίστις,
1356 539 1443 582 τοῖς
1481 532 1615 589 ἔργοις
1653 534 1727 576 δὲ5

253 597 410 648 μᾶλλον
449 597 737 642 ἐπακολουθεῖ.
813 595 880 637 διὸ
919 599 991 638 καί
1028 599 1075 639 σὲ
1107 599 1315 652 προσῆκον
1365 596 1508 653 ἔργοις
1547 600 1704 641 ἐπιδεί-

253 664 438 702 κνυσθαι
470 658 543 716 την
573 656 739 704 εὔνοιαν
765 660 841 717 την
869 660 974 717 πρὸς
1007 663 1160 703 ἐκεῖνον
1179 694 1191 714 ‚
1231 665 1304 704 καί
1342 662 1401 717 μη
1438 664 1577 718 λόγοις
1611 666 1703 705 ἐπι-

259 723 552 779 δεικνύμενον,
582 732 669 775 τοῖς
705 725 841 782 ἔργοις
868 726 1094 782 ὖοτερεῖν.”
1164 725 1187 768 ὁ
1230 729 1276 768 δὲ
1306 728 1356 768 οὗ
1392 727 1528 782 λόγοις
1553 729 1703 782 μόνον,

257 787 365 831 ἄλλα
413 792 487 832 καί
519 789 653 847 ἔργοις
697 790 1047 846 ἐπαγγειλάμενος
1085 790 1158 846 την
1197 790 1301 847 πρὸς
1339 795 1494 836 ἐκεῖνον
1535 790 1702 836 εὔνοιαν

253 854 438 911 ποιήσειν
464 859 564 898 πᾶσι
591 856 794 912 φανερὰν,
826 859 984 915 ἐκεῖθεν
1012 855 1194 907 ἐξελθών
1217 852 1313 912 ἧκεν
1345 859 1402 907 ὥς
1422 858 1756 915 πατριάρχην.ῐ·ο

127 935 160 967 Ρ,
179 935 244 980 402
371 919 431 972 ιζ’.
490 920 851 977 Προσαγορεύσας
891 938 933 963 τε
965 920 1095 964 aih-dv
1135 923 1208 963 καί
1250 925 1353 978 περί
1382 941 1508 966 τινων
1551 921 1704 980 ἑτέρων

253 989 597 1041 προδιαλεχθείς,
627 986 769 1029 ἔπειτα
797 986 897 1042 „viv
927 989 1005 1040 μὲν
1024 989 1083 1036 εἰς
1102 988 1176 1040 ἐμὲ
1196 990 1269 1030 τοῦ
1297 988 1479 1042 μεγάλου
1511 989 1702 1043 δομεστί-

215 1055 347 1093 Βκου”
387 1052 568 1108 ἔφασκεν
597 1054 848 1106 ,,ευ“με’νειαν
876 1054 951 1094 καί
977 1052 1103 1102 αὐτὸς
1131 1051 1182 1095 ἄν
1206 1055 1380 1109 εἰδείης,
1425 1050 1590 1097 ἄνωθεν
1617 1060 1707 1104 τοῖς·

252 1117 472 1172 πράγμασι
500 1119 893 1174 παρηκολουθηκώς.
950 1118 1073 1176 ὀλίγῳ
1121 1120 1166 1161 δὲ
1198 1119 1400 1174 πρότερον
1428 1122 1472 1169 ἐξ
1501 1121 1702 1174 ἀβουλίας

253 1182 366 1240 aurai
384 1183 742 1240 προσκεκρουκώς7
779 1184 920 1237 ὀλίγου
953 1185 1103 1238 ἐδέησα
1129 1186 1426 1241 διαφθαρῆναι
1444 1219 1456 1238 ,
1487 1187 1526 1227 εἰ
1548 1184 1607 1240 μή
1643 1185 1756 1230 σύι5

253 1248 418 1304 δεηθεὶς
429 1283 440 1301 ,
473 1250 525 1290 ου’
549 1248 674 1301 μόνον
703 1248 872 1297 ἔπεισας
902 1245 1079 1305 ἀφεῖναί
1098 1266 1170 1302 μοι
1198 1249 1275 1305 την
1305 1249 1459 1305 ὀργήν,
1490 1251 1597 1292 ἄλλα
1628 1252 1703 1293 καὶ

251 1313 465 1372 πρόφασιν
493 1313 685 1366 εὐδοξίας
711 1313 787 1370 την
816 1316 891 1356 τοῦ
917 1313 1023 1356 κατὰ
1058 1317 1239 1371 Περσῶν
1267 1315 1416 1357 στόλου
1457 1323 1698 1372 παρασχεῖν

254 1381 405 1437 ἀρχήν.
461 1376 563 1422 ὅθεν
596 1381 646 1420 οὔ
677 1382 844 1435 σῶστρα
873 1379 1022 1434 μόνον,
1065 1379 1172 1422 ἄλλα
1201 1380 1275 1422 καί
1300 1383 1370 1436 τῆς
1396 1384 1515 1436 τιμῆς
1542 1381 1698 1432 πολλὰς

254 1448 438 1503 ὀφείλειν
466 1445 543 1495 τὰς
579 1446 851 1501 εὕχαριστιάς
902 1441 1010 1487 εἶναι
1050 1447 1210 1495 δίκαιος
1249 1446 1433 1501 ὁμολογῶ
1475 1446 1548 1488 καί
1584 1446 1697 1503 πάσῃ

253 1514 417 1569 σπουδῇ
445 1511 518 1553 καὶ
542 1511 839 1569 προθυμίατά
868 1511 938 1552 σοί
966 1514 1260 1554 λυσιτελοῦντα
1305 1512 1378 1554 καί
1418 1511 1754 1566 βουλεύεσθμηο

254 1579 327 1619 καί
353 1578 565 1632 πράττειν,
604 1575 661 1625 ὥς
696 1577 778 1618 τῶν
819 1578 959 1618 αΰτῶν
995 1580 1067 1618 καί
1094 1575 1168 1631 τήν
1195 1575 1354 1632 βλάβην
1381 1578 1454 1619 καὶ
1480 1577 1556 1633 τὴν
1583 1579 1700 1634 ω’φέ-

255 1647 369 1685 λειαν
400 1639 549 1695 ὁμοίαν
579 1640 679 1695 ἐμοί
699 1658 744 1684 τε
773 1644 846 1684 καί
872 1641 942 1684 σοὶ
966 1641 1175 1685 οἰσόντων.
1231 1644 1271 1684 εἰ
1295 1644 1434 1685 τοίνυν
1464 1645 1510 1685 ἐκ
1537 1645 1702 1686 πολλῶν

350 1750 382 1783 8.
409 1748 482 1783 τῶν
506 1747 627 1795 ἔργων
640 1748 674 1782 Ρ.

257 1846 313 1878 illi
345 1844 494 1889 gratiam
519 1843 706 1884 retuleris,
735 1847 774 1876 et
797 1842 897 1876 illius
926 1844 966 1876 in
993 1854 1030 1876 se
1057 1843 1332 1888 deliquentibus
1368 1844 1582 1889 ignoscendi
1617 1850 1698 1879 stu-

258 1891 376 1924 dium:
413 1891 521 1931 haec,
556 1890 727 1936 inquam,
763 1900 984 1929 memorare,
1025 1901 1104 1922 cum
1138 1900 1179 1923 ea
1203 1886 1244 1923 tu
1269 1896 1376 1925 antea
1399 1892 1568 1928 testeris,
1601 1891 1698 1925 nihil

258 1939 409 1981 attinet;
435 1939 638 1970 iuramenta
663 1941 783 1969 autem
811 1947 907 1969 nunc
932 1934 1077 1981 quidem
1102 1936 1202 1968 nulla
1226 1938 1469 1981 postulantur,
1495 1937 1559 1970 sed
1585 1938 1696 1979 facta,

257 1984 390 2030 quibus
417 1984 629 2017 iuramentis
654 1982 743 2015 fides
767 1982 999 2022 concilietur,
1025 1993 1118 2027 quae
1143 1993 1217 2015 non
1241 1983 1372 2024 verba,
1407 1984 1471 2018 sed
1494 1994 1602 2031 opera
1630 1995 1696 2028 po-

256 2034 331 2065 tius
365 2031 540 2076 sequitur.
600 2029 723 2074 Quare
760 2034 796 2062 et
826 2034 885 2067 te,
919 2039 1027 2073 quam
1063 2029 1119 2061 illi
1149 2028 1294 2072 cupias,
1320 2031 1425 2064 rebus
1450 2030 1696 2065 demonstrare

257 2083 541 2111 consentaneum
577 2081 651 2117 est3
685 2086 760 2109 non
793 2078 913 2107 autem
950 2086 1029 2107 eum
1066 2074 1105 2107 id
1139 2074 1249 2108 verbo
1289 2076 1475 2118 docueris,
1506 2088 1544 2111 re
1578 2078 1696 2110 defici.

255 2126 350 2158 Tum
387 2123 474 2163 ille,
515 2133 590 2155 non
631 2121 750 2155 verbis
786 2121 991 2160 dumtaxat,
1024 2120 1088 2154 sed
1120 2132 1230 2166 opere
1255 2133 1400 2171 quoque
1426 2125 1589 2161 suamlin
1612 2134 1696 2157 eum

254 2170 550 2204 benevolentiam
581 2168 699 2215 palam
736 2167 904 2202 omnibus
930 2168 1108 2200 facturum
1131 2168 1335 2214 pollicitus,
1373 2171 1460 2204 inde
1496 2169 1696 2204 abscedens

257 2217 302 2251 ad
325 2216 568 2262 patriarcham
593 2216 706 2252 venit.

354 2275 406 2308 ¹7·
450 2264 502 2297 Eo
537 2262 710 2302 salutato,
741 2261 814 2293 alia
849 2260 1027 2306 quaedam
1065 2260 1270 2304 praefatus,
1305 2264 1426 2308 Magni
1451 2262 1598 2307 quidem
1625 2262 1694 2295 do-

258 2310 399 2344 mestici
424 2309 641 2344 benevolum
662 2309 701 2340 in
725 2318 782 2340 me
807 2308 987 2348 animum,
1012 2309 1153 2353 inquit,
1181 2313 1220 2340 tu
1245 2320 1390 2355 quoque
1414 2310 1511 2343 haud
1539 2309 1694 2352 ignoras,

258 2358 380 2390 omnia
402 2368 423 2390 a
444 2355 624 2402 principio
657 2354 965 2388 animadversione
993 2355 1045 2386 sic
1077 2359 1256 2387 assecutus
1273 2379 1282 2394 ‚
1316 2362 1357 2390 ut
1380 2356 1474 2389 nihil
1498 2361 1534 2388 te
1567 2355 1692 2400 fugiat.

257 2404 442 2448 Pronuper
467 2409 588 2437 autem
620 2412 700 2434 cum
727 2411 792 2446 per
816 2400 1034 2434 dementiam
1062 2399 1167 2433 illum
1192 2401 1443 2442 offendissem,
1478 2413 1602 2446 parum
1625 2401 1695 2433 ab·

258 2449 315 2482 fui
339 2450 383 2483 ab
409 2451 524 2484 exitio
542 2476 552 2492 ,
586 2449 658 2482 nisi
682 2453 722 2480 tu
746 2446 881 2481 orando
909 2458 982 2479 non
1008 2447 1125 2479 solum
1150 2447 1195 2479 ad
1218 2449 1308 2480 iram
1333 2448 1606 2493 deponendam,
1630 2447 1696 2481 sed

258 2497 368 2529 etiam
394 2497 438 2530 ad
461 2496 723 2541 praefecturam
749 2494 870 2527 classis
896 2499 1019 2526 contra
1044 2493 1184 2533 Persas,
1209 2496 1395 2528 materiam
1422 2495 1577 2540 gloriae,
1603 2493 1695 2527 mihi

258 2543 552 2577 committendam
578 2541 795 2583 inflexisse33
831 2540 926 2573 unde
955 2551 1027 2573 nou
1055 2540 1161 2572 modo
1188 2547 1229 2574 ut
1253 2547 1480 2575 conservatus
1504 2551 1693 2575 conserva-

257 2591 332 2623 tori
357 2600 421 2622 suo
447 2591 645 2633 praemium
661 2613 671 2628 ,
711 2587 775 2620 sed
799 2592 835 2619 et
858 2598 922 2631 pro
950 2586 1086 2619 honore
1111 2586 1180 2619 isto
1206 2589 1396 2632 gratiarum
1422 2589 1580 2621 actiones
1615 2587 1697 2621 iure

257 2647 315 2669 me
353 2636 505 2676 debere,
545 2638 717 2680 omnique
751 2634 927 2666 industria
962 2638 999 2665 et.
1024 2633 1240 2674 alacritate,
1280 2646 1370 2679 quae
1401 2641 1464 2668 tua
1503 2633 1693 2674 intersint,

259 2683 415 2725 cogitare
442 2688 480 2715 et
506 2693 608 2727 agere
641 2685 806 2725 oportere
831 2680 1011 2712 confiteor.
1061 2679 1214 2722 Quando
1250 2682 1397 2726 quidem
1422 2680 1547 2713 eadem
1579 2681 1692 2720 mihi,

260 2739 353 2774 quae
378 2727 448 2762 tibi
473 2733 511 2761 et
535 2728 792 2762 detrimentosa
818 2731 854 2759 et
874 2726 980 2758 utilia
1003 2730 1098 2759 sunt.
1146 2724 1391 2770 Quamobrem
1411 2738 1491 2759 cum
1515 2736 1579 2769 ego
1607 2738 1696 2771 prae

259 2776 383 2810 multis
407 2786 562 2809 amorem
596 2776 853 2819 caritatemque
873 2773 1052 2823 ‘sinceram
1076 2782 1118 2804 ac
1148 2774 1297 2808 minime
1328 2773 1588 2809 fucatamntibi
1625 2773 1695 2808 de-
