1800 3132
262 150 373 223 390
797 164 1167 208 CANTACUZENJ

67 270 349 325 A.C.134318·”
390 261 498 307 οὕτω
528 263 631 319 πρὸς
660 263 758 313 τούς
787 265 832 306 ἐν
857 266 964 306 τέλει
1003 265 1085 306 τῶν
1129 265 1312 317 Περσῶν
1346 259 1508 317 Ἀμοὺρ
1564 264 1704 304 διαλε-

134 346 171 378 v.
187 346 253 390 455
267 331 402 386 χθείς,
431 330 592 379 πάντας
619 333 696 382 μὲν
726 329 888 372 ἔπεισεν
915 330 971 379 ὦς
997 328 1136 371 δίκαιά
1165 344 1207 370 τε
1231 327 1339 380 ὁμοῦ
1355 328 1429 369 καί
1445 330 1707 370 λυσιτελοῦν-

260 415 312 439 τα
349 395 645 448 συμβουλεύει.
713 397 867 437 εἴλοντο
910 397 956 437 δὲ
985 392 1175 449 ἑξήκοντα
1212 392 1340 446 μόνον
1367 391 1576 449 ναύαρχοι
1604 409 1706 448 συγ-

261 459 514 504 κινδυνεύειν
541 460 644 514 μετὰ
672 463 754 503 τῶν
782 463 1081 516 πληρωμάτων.
1137 460 1175 503 οἱ
1206 461 1252 500 δὲ
1281 454 1394 500 ἄλλοι
1424 459 1706 514 ἰσχυρίζοντο,

262 527 318 576 ὦς
359 526 481 584 ὀλίγῳ
520 524 694 581 ’ὕστερον
736 528 890 583 οὕρίων
924 527 1120 580 τυχόντες
1156 528 1238 567 τῶν
1269 520 1434 577 ἀνέμων
1462 522 1731 567 ἐλεύσονταιὸ

262 594 322 641 εἷς
366 594 440 646 τὴν
478 593 752 634 ΖΡΙακεὸονίαν
792 587 918 642 αὖθις
957 594 1012 648 τῷ
1041 589 1232 647 σατράπη
1262 591 1543 643 συνεσόμενοι.
1597 606 1707 632 ουτω

261 661 340 712 μὲν
381 674 457 699 ουν
486 660 675 699 ἐδέδοκτο
703 660 834 715 κοινῇ,
866 674 935 699 και
967 658 1012 699 ἐκ
1041 659 1115 711 τῆς
1145 658 1330 710 Εὖβοίας
1358 672 1417 705 εις
1443 655 1519 711 τὴν
1547 656 1709 711 Λοκριί·

266 725 338 771 ὸος
366 722 573 776 παράλιον
602 721 815 775 ἐλθόντες,
866 722 905 764 οἱ
934 718 1054 764 α’λλοι
1080 723 1157 774 μὲν
1184 721 1437 777 ἦσύχαζον’
1416 738 1461 764 εν
1488 726 1580 772 ταῖς
1607 737 1708 763 ναυ-

266 787 349 840 σίν,
376 788 539 842 Ἀμούρ
573 789 620 829 δὲ
646 787 719 829 καί
745 787 782 829 οἱ
811 785 1004 842 ἑξήκοντα
1033 786 1266 840 ναύαρχοι,
1302 786 1375 836 οὓς
1406 785 1493 828 ἔδει
1521 785 1626 842 πρὸς
1657 783 1705 827 τὸ

230 854 462 908 Βτόλμημα
502 855 780 908 συναίρεσθαι
817 855 988 910 ἐκείνῳ,
1038 849 1334 901 ἀνελκύσαντες
1375 850 1449 902 τὰς
1491 854 1595 901 ναῦς
1634 852 1762 898 uallo

268 915 377 960 ὅπλα
417 932 460 960 τε
489 914 765 971 ἀναλαβόντες
791 919 864 959 καί
891 912 1049 972 ἄλευρα
1077 915 1372 973 ἐπιφερόμενοι
1388 951 1400 970 ,
1449 913 1512 967 οἷς
1541 915 1711 969 ἔμελλον

267 981 636 1039 ὃιατραφήσεσθαι
675 984 775 1039 πρὸς
800 982 874 1038 τὴν
902 982 1026 1035 ὁδὸν,
1083 985 1156 1024 καί
1180 981 1336 1039 Ἀμούρ
1368 982 1493 1031 αὐτὸς
1521 987 1608 1031 τοῖς
1636 976 1712 1024 ἅλ-

267 1053 355 1097 λοις
384 1047 537 1100 ὁμοίως
565 1066 706 1102 πασιν,
736 1052 962 1126 ηὐλίσαντο
992 1044 1123 1090 αύτοῦ
1149 1048 1225 1125 την
1252 1046 1382 1089 νύκτα
1410 1045 1525 1101 παρὰ
1551 1045 1622 1090 τὸν
1645 1047 1713 1089 αι’-

265 1112 439 1167 γιαλὸν,
496 1114 554 1163 ὥς
596 1112 686 1167 ἅμα
726 1116 780 1171 ἕω
820 1113 897 1164 τὰς
926 1117 1029 1163 ναῦς
1057 1114 1371 1170 ἐμπρήσαντες,
1416 1114 1489 1167 τῆς
1517 1115 1577 1161 εις
1603 1109 1714 1169 13⁵¹&-

271 1179 393 1235 ῥοιαν
422 1178 604 1233 ε’χωνται
645 1182 866 1236 φερούσης.
935 1182 1010 1235 τῆς
1049 1178 1190 1228 νυκτὸς
1225 1180 1271 1220 δὲ
1299 1180 1456 1234 ἐκείνης
1486 1181 1566 1221 τῶν
1595 1181 1767 1225 §vav-15

265 1262 365 1302 τ-ιων
391 1245 641 1298 πνευμάτων
670 1247 978 1298 παυσαμένων,
990 1244 1148 1299 ουρίων
1177 1246 1224 1286 δὲ
1250 1242 1610 1297 ἐπιπνευσάντων,
1637 1242 1714 1293 τοὶς

266 1306 595 1362 ἇνειλκυσμένας
625 1309 952 1359 καθελκύσαντες
981 1312 1054 1351 καί
1081 1308 1170 1362 ἅμα
1199 1306 1354 1359 πάσαις
1378 1307 1554 1364 ἄραντες
1575 1308 1706 1361 ἱστία,

265 1376 327 1423 εἰς
353 1374 429 1430 τὴν
456 1375 683 1431 ὑστεραίαν
715 1379 948 1430 προσέσχον
980 1377 1031 1415 ου’
1059 1374 1224 1429 μακρὰν
1250 1377 1554 1430 Θεσσαλονίκης
1581 1377 1625 1418 ἐν
1649 1379 1715 1418 λι-

271 1442 366 1492 μένι
394 1442 467 1482 τοῦ
498 1442 662 1483 Κλωπᾶ
692 1443 1090 1497 προσαγορευομένῳ
1107 1474 1119 1493 ,
1148 1442 1269 1481 τοῦτο
1307 1443 1385 1493 μὲν
1431 1438 1608 1493 οἰόμενοι
1645 1442 1719 1483 καί

231 1507 406 1559 ομέγαν
444 1507 575 1547 ὃοῦκα
619 1507 665 1548 ἐν
697 1507 977 1562 Θεσσαλονίκῃ
1015 1501 1121 1546 εἶναι
1162 1507 1235 1547 καί
1256 1502 1500 1558 βουλόμενοι
1531 1507 1570 1548 εἰ
1594 1505 1772 1559 τύχοιαο

272 1570 377 1626 πρὸς
407 1574 561 1612 ἐκεῖνον
589 1578 836 1625 ναυμαχεῖν,
865 1573 988 1614 τοῦτο
1018 1573 1056 1612 δ”
1082 1568 1145 1613 ὅτι
1173 1570 1247 1612 καί
1280 1571 1304 1625 ἦ
1335 1572 1560 1626 ἀντιπέραν
1579 1568 1716 1627 παροί-

271 1640 360 1685 λιος
396 1639 469 1690 τῆς
508 1636 712 1685 Βοτιαίας
754 1637 948 1688 ἀλιζιιενος
983 1635 1033 1678 τά
1073 1635 1204 1678 πολλά
1233 1637 1323 1678 ἐστι
1350 1638 1424 1678 καί
1448 1638 1643 1679 τοσοῦτον
1672 1638 1718 1678 ἒν

273 1701 415 1756 ’ταύτῷ
446 1700 594 1743 στόλον
625 1703 910 1755 ὑποδέχεσθαι
937 1701 995 1756 μη
1031 1702 1253 1756 δυναμένη.

225 1779 257 1812 1)
384 1765 459 1817 ξδ’.
529 1766 584 1808 Τὸ
619 1769 698 1820 μὲν
737 1764 812 1808 οὖν
839 1765 1057 1823 Περσικὸν
1087 1764 1264 1819 αὐτίκα,
1294 1765 1386 1808 ἐπεὶ
1410 1766 1616 1808 ἐπύθοντο
1642 1765 1716 1808 τὸν

273 1922 367 1961 rius,
394 1921 501 1954 fidem
540 1921 627 1954 fecit
663 1932 700 1953 se
727 1932 880 1966 aequum
911 1925 948 1954 et
975 1922 1067 1954 utile
1092 1921 1293 1958 consulere.
1339 1921 1386 1953 At
1411 1922 1506 1953 enim
1532 1931 1605 1953 non
1629 1920 1713 1965 plus

274 1968 460 2011 sexaginta
499 1968 669 2001 navarchi
704 1977 783 2000 cum
812 1967 1003 2002 classiariis
1035 1967 1231 2011 remigibus
1258 1967 1313 1999 illi
1339 1978 1376 2000 se
1403 1967 1577 2000 associare
1603 1967 1715 2000 insti-

273 2018 447 2047 tuerunt:
491 2015 625 2059 reliqui
659 2013 761 2048 brevi
794 2016 912 2058 spatio
952 2015 1017 2047 ubi
1052 2019 1201 2047 ventum
1232 2013 1431 2058 propitium
1460 2018 1582 2046 essent
1605 2015 1716 2054 nacti,

273 2061 314 2093 in
345 2060 596 2094 Macedoniam
632 2071 774 2093 cursum
813 2061 1011 2094 directuros
1037 2070 1250 2105 rursumque
1276 2070 1355 2092 cum
1383 2070 1425 2092 eo
1452 2060 1592 2092 futuros
1619 2070 1717 2093 asse-

273 2112 458 2143 verarunt.
507 2107 700 2152 Postquam
725 2109 818 2140 inter
843 2107 925 2140 illos
950 2106 1188 2140 communiter
1212 2106 1263 2138 ita
1290 2105 1471 2146 convenit,
1501 2117 1545 2139 ex
1569 2105 1716 2139 Euboea

275 2153 322 2185 ad
362 2153 522 2186 Locridis
556 2155 680 2186 littora
715 2153 855 2194 delati,
888 2153 952 2185 alii
989 2154 1028 2186 in
1051 2151 1204 2187 navibus
1228 2157 1523 2196 permanserunt:
1547 2152 1716 2185 Amurius

275 2206 396 2233 autem
426 2205 463 2232 et
488 2201 670 2243 sexaginta
695 2199 890 2239 navarchi,
920 2211 1009 2245 quos
1034 2200 1127 2233 tanti
1152 2198 1324 2232 facinoris
1349 2204 1531 2232 consortes
1557 2198 1612 2231 illi
1638 2208 1716 2232 esse

276 2245 490 2289 open-‚tebat
529 2246 716 2279 subductis
755 2246 907 2289 navigiis
938 2251 975 2280 et
996 2246 1102 2279 armis
1125 2244 1340 2288 assumptis,
1378 2248 1653 2290 commeatuque
1677 2245 1717 2278 in

274 2293 369 2324 viam
406 2292 647 2335 deprompto,
679 2292 779 2324 iuxta
816 2293 919 2325 littus
959 2295 1234 2337 pernoctarunt,
1271 2295 1310 2322 ut
1341 2302 1444 2324 mane
1481 2291 1615 2324 exustis
1639 2291 1715 2324 illis

276 2338 494 2371 Berrhoeam
529 2339 597 2371 iter
628 2345 865 2383 capesserent.
915 2341 1028 2372 Nocte
1053 2349 1158 2381 porro
1184 2337 1272 2374 illa,
1298 2349 1374 2370 cum
1403 2338 1500 2370 venti
1538 2338 1716 2371 luctantes

276 2385 485 2428 posuissent
511 2390 548 2417 et
575 2384 725 2417 secundi
750 2385 948 2427 spirarent,
977 2384 1141 2417 deductis
1168 2383 1313 2424 denuo,
1345 2395 1435 2429 quas
1459 2383 1716 2423 subduxerant,

278 2431 430 2463 navibus
468 2438 505 2464 ct
534 2431 687 2463 sublatis
725 2430 841 2471 volis,
882 2441 1005 2463 omncs
1040 2430 1148 2462 simul
1173 2429 1232 2463 die
1257 2431 1423 2475 sequenti
1464 2435 1605 2474 portum
1641 2440 1716 2462 non

279 2477 407 2519 procul
438 2477 698 2510 Thessalonica
732 2477 882 2520 Clopnm
920 2476 1167 2521 appellatum,
1205 2482 1424 2515 tenuerunt,
1462 2477 1590 2521 partim
1618 2475 1717 2521 quod

280 2532 447 2565 magnum
484 2523 609 2556 ducem
648 2521 925 2556 'lhessalonicac
960 2522 1088 2567 degere
1120 2522 1381 2556 arbitrarentur
1407 2523 1614 2566 vellentque
1636 2533 1717 2554 cum

283 2579 348 2606 eo,
380 2569 408 2600 si
444 2575 616 2613 possent,
642 2570 768 2602 navale
800 2569 972 2612 praelium
995 2570 1321 2612 miscere‚pa1tim
1351 2569 1447 2614 quod
1478 2569 1628 2602 adversa
1654 2577 1716 2600 ora

278 2614 447 2646 Botiaeae
482 2618 702 2659 importuosa
740 2621 832 2649 essct
865 2621 1072 2660 tantamque
1106 2615 1250 2648 classem
1285 2615 1410 2649 eodem
1443 2615 1522 2648 loco
1546 2614 1717 2660 nequiret

279 2659 450 2703 recipcre.

372 2705 429 2749 64,
478 2707 622 2747 Persae,
655 2708 762 2740 simul
798 2713 837 2742 ut
867 2719 1034 2753 magnum
1071 2707 1196 2741 ducem
1231 2709 1440 2750 Byzantium
1475 2706 1552 2740 vela
1585 2705 1714 2738 secisse

281 2750 495 2795 audieruut,
529 2752 886 2788 Thessalonicensem
922 2765 1044 2801 agrum
1070 2755 1276 2793 universum
1299 2754 1541 2796 incursantes,
1570 2761 1714 2797 magnas
