<?xml version="1.0" encoding="UTF-8"?>
<!DOCTYPE html PUBLIC "-//W3C//DTD XHTML 1.0 Transitional//EN"
    "http://www.w3.org/TR/xhtml1/DTD/xhtml1-transitional.dtd">
<html xmlns="http://www.w3.org/1999/xhtml" xml:lang="en" lang="en">
 <head>
  <title>
</title>
<meta http-equiv="Content-Type" content="text/html;charset=utf-8" />
  <meta name='ocr-system' content='tesseract 3.04.00' />
  <meta name='ocr-capabilities' content='ocr_page ocr_carea ocr_par ocr_line ocrx_word'/>
</head>
<body>
  <div class='ocr_page' id='page_1' title='image "./corpusscriptorum24niebuoft_0410.png"; bbox 0 0 1820 3138; ppageno 0'>
   <div class='ocr_carea' id='block_1_1' title="bbox 286 157 1186 231">
    <p class='ocr_par' dir='ltr' id='par_1_1' title="bbox 286 157 1186 231">
     <span class='ocr_line' id='line_1_1' title="bbox 286 157 1186 231; baseline 0.009 -18"><span class='ocrx_word' id='word_1_1' title='bbox 286 157 397 231; x_wconf 83' lang='lat'><strong><em>398</em></strong></span> <span class='ocrx_word' id='word_1_2' title='bbox 814 177 1186 221; x_wconf 72' lang='lat' dir='ltr'><strong>CANTAcUzEm</strong></span> 
     </span>
    </p>
   </div>
   <div class='ocr_carea' id='block_1_2' title="bbox 85 279 1772 1844">
    <p class='ocr_par' dir='ltr' id='par_1_2' title="bbox 85 279 1747 795">
     <span class='ocr_line' id='line_1_2' title="bbox 85 279 1718 337; baseline 0 -15"><span class='ocrx_word' id='word_1_3' title='bbox 85 289 335 336; x_wconf 65' lang='lat' dir='ltr'><strong><em>A.C.1343y‹5›</em></strong></span> <span class='ocrx_word' id='word_1_4' title='bbox 365 279 411 320; x_wconf 78' lang='grc' dir='ltr'><strong><em>ἐκ</em></strong></span> <span class='ocrx_word' id='word_1_5' title='bbox 450 281 611 321; x_wconf 78' lang='grc' dir='ltr'><em>πολλῶν</em></span> <span class='ocrx_word' id='word_1_6' title='bbox 643 280 768 332; x_wconf 74' lang='grc' dir='ltr'><strong><em>ἐτῶν,</em></strong></span> <span class='ocrx_word' id='word_1_7' title='bbox 815 280 889 322; x_wconf 78' lang='grc' dir='ltr'><strong><em>καί</em></strong></span> <span class='ocrx_word' id='word_1_8' title='bbox 925 280 994 323; x_wconf 80' lang='grc' dir='ltr'><strong><em>διὰ</em></strong></span> <span class='ocrx_word' id='word_1_9' title='bbox 1039 280 1114 335; x_wconf 77' lang='grc' dir='ltr'><strong><em>τὴν</em></strong></span> <span class='ocrx_word' id='word_1_10' title='bbox 1153 281 1284 322; x_wconf 71' lang='grc' dir='ltr'><strong><em>αὐτοῦ</em></strong></span> <span class='ocrx_word' id='word_1_11' title='bbox 1312 281 1458 337; x_wconf 98' lang='grc' dir='ltr'><strong><em>φιλίαν</em></strong></span> <span class='ocrx_word' id='word_1_12' title='bbox 1484 282 1654 333; x_wconf 82' lang='grc' dir='ltr'><strong><em>βασιλεῖ</em></strong></span> <span class='ocrx_word' id='word_1_13' title='bbox 1671 292 1718 322; x_wconf 76' lang='grc' dir='ltr'><strong><em>τε</em></strong></span> 
     </span>
     <span class='ocr_line' id='line_1_3' title="bbox 281 343 1720 403; baseline 0 -17"><span class='ocrx_word' id='word_1_14' title='bbox 281 348 340 400; x_wconf 74' lang='grc' dir='ltr'><strong><em>τῷ</em></strong></span> <span class='ocrx_word' id='word_1_15' title='bbox 366 344 616 403; x_wconf 74' lang='grc' dir='ltr'><em>Ἀνδρονίκῳ</em></span> <span class='ocrx_word' id='word_1_16' title='bbox 646 345 697 386; x_wconf 76' lang='grc' dir='ltr'><strong><em>οὕ</em></strong></span> <span class='ocrx_word' id='word_1_17' title='bbox 738 343 867 398; x_wconf 84' lang='grc' dir='ltr'><strong><em>μόνον</em></strong></span> <span class='ocrx_word' id='word_1_18' title='bbox 895 349 954 395; x_wconf 87' lang='grc' dir='ltr'><strong><em>εἰς</em></strong></span> <span class='ocrx_word' id='word_1_19' title='bbox 971 347 1045 389; x_wconf 84' lang='grc' dir='ltr'><strong><em>τὸν</em></strong></span> <span class='ocrx_word' id='word_1_20' title='bbox 1062 345 1164 388; x_wconf 81' lang='grc' dir='ltr'><strong><em>κατὰ</em></strong></span> <span class='ocrx_word' id='word_1_21' title='bbox 1190 347 1386 396; x_wconf 82' lang='grc' dir='ltr'><strong><em>Φωκαίας</em></strong></span> <span class='ocrx_word' id='word_1_22' title='bbox 1412 344 1592 398; x_wconf 84' lang='grc' dir='ltr'><strong><em>πόλεμον</em></strong></span> <span class='ocrx_word' id='word_1_23' title='bbox 1611 361 1720 397; x_wconf 90' lang='grc' dir='ltr'><strong><em>συμ-</em></strong></span> 
     </span>
     <span class='ocr_line' id='line_1_4' title="bbox 279 407 1723 468; baseline 0.001 -18"><span class='ocrx_word' id='word_1_24' title='bbox 279 427 338 463; x_wconf 89' lang='grc' dir='ltr'><strong><em>μα</em></strong></span> <span class='ocrx_word' id='word_1_25' title='bbox 341 409 442 464; x_wconf 84' lang='grc' dir='ltr'><strong><em>χίαν</em></strong></span> <span class='ocrx_word' id='word_1_26' title='bbox 469 413 790 466; x_wconf 75' lang='grc' dir='ltr'><strong><em>παρεσχῆσθαι,</em></strong></span> <span class='ocrx_word' id='word_1_27' title='bbox 816 407 1023 461; x_wconf 72' lang='grc' dir='ltr'><strong><em>ἀλλὰκαὶ</em></strong></span> <span class='ocrx_word' id='word_1_28' title='bbox 1049 410 1228 468; x_wconf 65' lang='grc' dir='ltr'><strong><em>ὕστερον</em></strong></span> <span class='ocrx_word' id='word_1_29' title='bbox 1256 411 1327 453; x_wconf 81' lang='grc' dir='ltr'><strong><em>έπί</em></strong></span> <span class='ocrx_word' id='word_1_30' title='bbox 1347 408 1590 465; x_wconf 81' lang='grc' dir='ltr'><strong><em>Ἀλβανούς.</em></strong></span> <span class='ocrx_word' id='word_1_31' title='bbox 1648 411 1723 452; x_wconf 74' lang='grc' dir='ltr'><strong><em>καὶ</em></strong></span> 
     </span>
     <span class='ocr_line' id='line_1_5' title="bbox 280 474 1720 533; baseline -0.001 -15"><span class='ocrx_word' id='word_1_32' title='bbox 280 478 325 527; x_wconf 78' lang='grc' dir='ltr'><strong><em>ἐξ</em></strong></span> <span class='ocrx_word' id='word_1_33' title='bbox 353 477 521 518; x_wconf 79' lang='grc' dir='ltr'><strong><em>ἐκείνων</em></strong></span> <span class='ocrx_word' id='word_1_34' title='bbox 550 479 633 518; x_wconf 73' lang='grc' dir='ltr'><strong><em>τῶν</em></strong></span> <span class='ocrx_word' id='word_1_35' title='bbox 659 474 826 532; x_wconf 82' lang='grc' dir='ltr'><em>χρόνων</em></span> <span class='ocrx_word' id='word_1_36' title='bbox 853 479 912 528; x_wconf 82' lang='grc' dir='ltr'><strong><em>εἰς</em></strong></span> <span class='ocrx_word' id='word_1_37' title='bbox 937 478 1011 533; x_wconf 81' lang='grc' dir='ltr'><strong><em>τὴν</em></strong></span> <span class='ocrx_word' id='word_1_38' title='bbox 1039 476 1255 530; x_wconf 86' lang='grc' dir='ltr'><strong><em>Ῥωμαίων</em></strong></span> <span class='ocrx_word' id='word_1_39' title='bbox 1285 479 1480 519; x_wconf 78' lang='grc' dir='ltr'><strong><em>ου’ὃέποτε</em></strong></span> <span class='ocrx_word' id='word_1_40' title='bbox 1517 478 1720 531; x_wconf 77' lang='grc' dir='ltr'><strong><em>ἐμβεβλη-</em></strong></span> 
     </span>
     <span class='ocr_line' id='line_1_6' title="bbox 279 537 1747 598; baseline -0.002 -15"><span class='ocrx_word' id='word_1_41' title='bbox 279 544 407 594; x_wconf 80' lang='grc' dir='ltr'><strong><em>κέναι,</em></strong></span> <span class='ocrx_word' id='word_1_42' title='bbox 431 539 667 595; x_wconf 83' lang='grc' dir='ltr'><strong><em>Ῥωμαίους</em></strong></span> <span class='ocrx_word' id='word_1_43' title='bbox 694 541 854 592; x_wconf 79' lang='grc' dir='ltr'><strong><em>πάντας</em></strong></span> <span class='ocrx_word' id='word_1_44' title='bbox 873 542 1100 598; x_wconf 81' lang='grc' dir='ltr'><strong><em>ἡγούμενος</em></strong></span> <span class='ocrx_word' id='word_1_45' title='bbox 1123 541 1202 584; x_wconf 76' lang='grc' dir='ltr'><strong><em>ὑπὸ</em></strong></span> <span class='ocrx_word' id='word_1_46' title='bbox 1223 540 1573 596; x_wconf 81' lang='grc' dir='ltr'><strong><em>Καντακουζηνὸν</em></strong></span> <span class='ocrx_word' id='word_1_47' title='bbox 1590 537 1747 583; x_wconf 79' lang='grc' dir='ltr'><strong><em>τελεῖν5</em></strong></span> 
     </span>
     <span class='ocr_line' id='line_1_7' title="bbox 278 606 1720 664; baseline -0.001 -15"><span class='ocrx_word' id='word_1_48' title='bbox 278 606 351 649; x_wconf 84' lang='grc' dir='ltr'><strong><em>τὸν</em></strong></span> <span class='ocrx_word' id='word_1_49' title='bbox 378 609 583 661; x_wconf 83' lang='grc' dir='ltr'><strong><em>βασιλέα,</em></strong></span> <span class='ocrx_word' id='word_1_50' title='bbox 612 608 685 649; x_wconf 82' lang='grc' dir='ltr'>καί</span> <span class='ocrx_word' id='word_1_51' title='bbox 719 606 779 650; x_wconf 81' lang='grc' dir='ltr'><strong><em>ἔτι</em></strong></span> <span class='ocrx_word' id='word_1_52' title='bbox 805 607 878 664; x_wconf 71' lang='grc' dir='ltr'><strong><em>τὴν</em></strong></span> <span class='ocrx_word' id='word_1_53' title='bbox 905 609 1076 650; x_wconf 79' lang='grc' dir='ltr'><strong><em>ἰδιώτου</em></strong></span> <span class='ocrx_word' id='word_1_54' title='bbox 1105 610 1234 663; x_wconf 75' lang='grc' dir='ltr'><strong><em>τύχην</em></strong></span> <span class='ocrx_word' id='word_1_55' title='bbox 1261 609 1494 663; x_wconf 77' lang='grc' dir='ltr'><strong><em>στέργοντα.</em></strong></span> <span class='ocrx_word' id='word_1_56' title='bbox 1554 607 1647 648; x_wconf 73' lang='grc' dir='ltr'><strong><em>νυνὶ</em></strong></span> <span class='ocrx_word' id='word_1_57' title='bbox 1671 606 1720 648; x_wconf 75' lang='grc' dir='ltr'><strong><em>δὲ</em></strong></span> 
     </span>
     <span class='ocr_line' id='line_1_8' title="bbox 281 669 1720 728; baseline 0 -16"><span class='ocrx_word' id='word_1_58' title='bbox 281 673 417 714; x_wconf 83' lang='grc' dir='ltr'><strong><em>ου’κέτι</em></strong></span> <span class='ocrx_word' id='word_1_59' title='bbox 449 674 571 728; x_wconf 90' lang='grc' dir='ltr'><strong><em>φίλος</em></strong></span> <span class='ocrx_word' id='word_1_60' title='bbox 598 669 705 715; x_wconf 83' lang='grc' dir='ltr'><strong><em>εἶναι</em></strong></span> <span class='ocrx_word' id='word_1_61' title='bbox 731 676 958 727; x_wconf 86' lang='grc' dir='ltr'><strong><em>βασιλέως,</em></strong></span> <span class='ocrx_word' id='word_1_62' title='bbox 999 671 1104 716; x_wconf 75' lang='grc' dir='ltr'><strong><em>ἀλλὰ</em></strong></span> <span class='ocrx_word' id='word_1_63' title='bbox 1135 675 1309 726; x_wconf 76' lang='grc' dir='ltr'><strong><em>δοῦλος,</em></strong></span> <span class='ocrx_word' id='word_1_64' title='bbox 1348 673 1419 714; x_wconf 83' lang='grc' dir='ltr'><em>καί</em></span> <span class='ocrx_word' id='word_1_65' title='bbox 1447 669 1555 714; x_wconf 75' lang='grc' dir='ltr'><strong><em>οὕτω</em></strong></span> <span class='ocrx_word' id='word_1_66' title='bbox 1590 685 1720 726; x_wconf 84' lang='grc' dir='ltr'><strong><em>παρε-</em></strong></span> 
     </span>
     <span class='ocr_line' id='line_1_9' title="bbox 278 734 1720 795; baseline -0.001 -17"><span class='ocrx_word' id='word_1_67' title='bbox 278 737 524 792; x_wconf 83' lang='grc' dir='ltr'><strong><em>σκευάσθαι,</em></strong></span> <span class='ocrx_word' id='word_1_68' title='bbox 550 737 607 787; x_wconf 74' lang='grc' dir='ltr'><strong><em>(ὃς</em></strong></span> <span class='ocrx_word' id='word_1_69' title='bbox 638 738 689 779; x_wconf 72' lang='grc' dir='ltr'><strong><em>οὔ</em></strong></span> <span class='ocrx_word' id='word_1_70' title='bbox 709 741 882 792; x_wconf 83' lang='grc' dir='ltr'><strong><em>πέμπων</em></strong></span> <span class='ocrx_word' id='word_1_71' title='bbox 898 737 1099 795; x_wconf 77' lang='grc' dir='ltr'><strong><em>στρατιὰν</em></strong></span> <span class='ocrx_word' id='word_1_72' title='bbox 1126 741 1316 794; x_wconf 75' lang='grc' dir='ltr'><strong><em>βοηθεῖν,</em></strong></span> <span class='ocrx_word' id='word_1_73' title='bbox 1346 739 1437 779; x_wconf 73' lang='grc' dir='ltr'><strong><em>ἀλλ’</em></strong></span> <span class='ocrx_word' id='word_1_74' title='bbox 1465 734 1593 785; x_wconf 71' lang='grc' dir='ltr'><strong><em>αῆτὸς</em></strong></span> <span class='ocrx_word' id='word_1_75' title='bbox 1638 751 1720 777; x_wconf 85' lang='grc' dir='ltr'><strong><em>πα-</em></strong></span> 
     </span>
    </p>

    <p class='ocr_par' dir='ltr' id='par_1_3' title="bbox 235 798 1772 1450">
     <span class='ocr_line' id='line_1_10' title="bbox 235 798 1718 860; baseline -0.001 -17"><span class='ocrx_word' id='word_1_76' title='bbox 235 809 416 857; x_wconf 74' lang='grc' dir='ltr'><strong><em>Ῑὶρεῖναι</em></strong></span> <span class='ocrx_word' id='word_1_77' title='bbox 451 802 524 844; x_wconf 81' lang='grc' dir='ltr'><em>καί</em></span> <span class='ocrx_word' id='word_1_78' title='bbox 558 802 631 859; x_wconf 78' lang='grc' dir='ltr'><strong><em>τὴν</em></strong></span> <span class='ocrx_word' id='word_1_79' title='bbox 658 803 750 860; x_wconf 85' lang='grc' dir='ltr'><strong><em>ἴσην</em></strong></span> <span class='ocrx_word' id='word_1_80' title='bbox 778 804 1093 846; x_wconf 68' lang='grc' dir='ltr'><strong><em>ἑπιδεικνυσθαι</em></strong></span> <span class='ocrx_word' id='word_1_81' title='bbox 1121 802 1329 860; x_wconf 67' lang='grc' dir='ltr'><strong><em>σπουδήν,</em></strong></span> <span class='ocrx_word' id='word_1_82' title='bbox 1362 802 1413 858; x_wconf 83' lang='grc' dir='ltr'><strong><em>ἢν</em></strong></span> <span class='ocrx_word' id='word_1_83' title='bbox 1440 798 1490 844; x_wconf 70' lang='grc' dir='ltr'><strong><em>ἂν</em></strong></span> <span class='ocrx_word' id='word_1_84' title='bbox 1517 804 1589 844; x_wconf 83' lang='grc' dir='ltr'><strong><em>καί</em></strong></span> <span class='ocrx_word' id='word_1_85' title='bbox 1611 801 1718 857; x_wconf 72' lang='grc' dir='ltr'><strong><em>ὑπὲρ</em></strong></span> 
     </span>
     <span class='ocr_line' id='line_1_11' title="bbox 273 866 1772 925; baseline -0.001 -16"><span class='ocrx_word' id='word_1_86' title='bbox 273 866 426 910; x_wconf 69' lang='grc' dir='ltr'><strong><em>ἑαυτοῦ</em></strong></span> <span class='ocrx_word' id='word_1_87' title='bbox 453 868 525 911; x_wconf 83' lang='grc' dir='ltr'><strong><em>τόν</em></strong></span> <span class='ocrx_word' id='word_1_88' title='bbox 559 867 736 923; x_wconf 83' lang='grc' dir='ltr'><strong><em>πόλεμον</em></strong></span> <span class='ocrx_word' id='word_1_89' title='bbox 762 868 1010 925; x_wconf 82' lang='grc' dir='ltr'><strong><em>αἱρούμενος</em></strong></span> <span class='ocrx_word' id='word_1_90' title='bbox 1037 872 1227 912; x_wconf 78' lang='grc' dir='ltr'><strong><em>ἐποιεῖτο.</em></strong></span> <span class='ocrx_word' id='word_1_91' title='bbox 1274 871 1337 919; x_wconf 75' lang='grc' dir='ltr'><strong><em>Ιδι’</em></strong></span> <span class='ocrx_word' id='word_1_92' title='bbox 1367 868 1395 910; x_wconf 76' lang='grc' dir='ltr'><strong><em>ἃ</em></strong></span> <span class='ocrx_word' id='word_1_93' title='bbox 1422 869 1772 922; x_wconf 75' lang='grc' dir='ltr'><strong><em>συνεβούλευενῑο</em></strong></span> 
     </span>
     <span class='ocr_line' id='line_1_12' title="bbox 274 931 1719 992; baseline 0 -18"><span class='ocrx_word' id='word_1_94' title='bbox 274 933 490 988; x_wconf 81' lang='grc' dir='ltr'><strong><em>αἱρεῖσθαι</em></strong></span> <span class='ocrx_word' id='word_1_95' title='bbox 511 937 670 988; x_wconf 83' lang='grc' dir='ltr'><strong><em>μᾶλλον</em></strong></span> <span class='ocrx_word' id='word_1_96' title='bbox 699 934 775 992; x_wconf 75' lang='grc' dir='ltr'><strong><em>τὴν</em></strong></span> <span class='ocrx_word' id='word_1_97' title='bbox 801 935 993 992; x_wconf 78' lang='grc' dir='ltr'><strong><em>εἰρήνην,</em></strong></span> <span class='ocrx_word' id='word_1_98' title='bbox 1035 939 1112 977; x_wconf 83' lang='grc' dir='ltr'><strong><em>τοῦ</em></strong></span> <span class='ocrx_word' id='word_1_99' title='bbox 1138 938 1343 990; x_wconf 89' lang='grc' dir='ltr'><strong><em>βασιλέως</em></strong></span> <span class='ocrx_word' id='word_1_100' title='bbox 1371 936 1551 988; x_wconf 77' lang='grc' dir='ltr'><strong><em>μάλιστα</em></strong></span> <span class='ocrx_word' id='word_1_101' title='bbox 1578 931 1630 975; x_wconf 77' lang='grc' dir='ltr'><strong><em>τὰ</em></strong></span> <span class='ocrx_word' id='word_1_102' title='bbox 1659 933 1719 982; x_wconf 82' lang='grc' dir='ltr'><strong><em>εἷς</em></strong></span> 
     </span>
     <span class='ocr_line' id='line_1_13' title="bbox 274 998 1719 1058; baseline -0.001 -17"><span class='ocrx_word' id='word_1_103' title='bbox 274 998 399 1042; x_wconf 67' lang='grc' dir='ltr'><strong><em>αὐτὸν</em></strong></span> <span class='ocrx_word' id='word_1_104' title='bbox 425 1003 674 1056; x_wconf 80' lang='grc' dir='ltr'><strong><em>γεγενημένα</em></strong></span> <span class='ocrx_word' id='word_1_105' title='bbox 701 1000 900 1058; x_wconf 90' lang='grc' dir='ltr'><strong><em>πρότερον</em></strong></span> <span class='ocrx_word' id='word_1_106' title='bbox 934 1000 1003 1044; x_wconf 75' lang='grc' dir='ltr'><strong><em>διὰ</em></strong></span> <span class='ocrx_word' id='word_1_107' title='bbox 1034 1004 1117 1044; x_wconf 77' lang='grc' dir='ltr'><strong><em>τῶν</em></strong></span> <span class='ocrx_word' id='word_1_108' title='bbox 1145 999 1356 1056; x_wconf 81' lang='grc' dir='ltr'><strong><em>ἆρχόντων</em></strong></span> <span class='ocrx_word' id='word_1_109' title='bbox 1382 1001 1456 1054; x_wconf 77' lang='grc' dir='ltr'><strong><em>την</em></strong></span> <span class='ocrx_word' id='word_1_110' title='bbox 1475 999 1719 1054; x_wconf 77' lang='grc' dir='ltr'><strong><em>ἀγνωμοσύ-</em></strong></span> 
     </span>
     <span class='ocr_line' id='line_1_14' title="bbox 273 1059 1717 1122; baseline -0.002 -15"><span class='ocrx_word' id='word_1_111' title='bbox 273 1081 347 1119; x_wconf 86' lang='grc' dir='ltr'><strong><em>νην</em></strong></span> <span class='ocrx_word' id='word_1_112' title='bbox 386 1062 580 1122; x_wconf 79' lang='grc' dir='ltr'><strong><em>ἀφιέντος</em></strong></span> <span class='ocrx_word' id='word_1_113' title='bbox 630 1066 704 1109; x_wconf 81' lang='grc' dir='ltr'><strong><em>καί</em></strong></span> <span class='ocrx_word' id='word_1_114' title='bbox 737 1066 811 1109; x_wconf 82' lang='grc' dir='ltr'><strong><em>τὸν</em></strong></span> <span class='ocrx_word' id='word_1_115' title='bbox 854 1067 1033 1121; x_wconf 83' lang='grc' dir='ltr'><strong><em>πόλεμον</em></strong></span> <span class='ocrx_word' id='word_1_116' title='bbox 1059 1069 1364 1110; x_wconf 70' lang='grc' dir='ltr'><strong><em>κατατίθεσθαι</em></strong></span> <span class='ocrx_word' id='word_1_117' title='bbox 1387 1067 1614 1113; x_wconf 77' lang='grc' dir='ltr'><strong><em>ἐθέλοντος.</em></strong></span> <span class='ocrx_word' id='word_1_118' title='bbox 1667 1059 1717 1105; x_wconf 82' lang='grc' dir='ltr'><strong><em>οὗ</em></strong></span> 
     </span>
     <span class='ocr_line' id='line_1_15' title="bbox 273 1127 1716 1188; baseline -0.001 -17"><span class='ocrx_word' id='word_1_119' title='bbox 273 1127 402 1183; x_wconf 88' lang='grc' dir='ltr'><strong><em>μόνον</em></strong></span> <span class='ocrx_word' id='word_1_120' title='bbox 429 1129 508 1187; x_wconf 76' lang='grc' dir='ltr'><strong><em>γάρ</em></strong></span> <span class='ocrx_word' id='word_1_121' title='bbox 532 1130 632 1174; x_wconf 84' lang='grc' dir='ltr'><strong><em>εἴτι</em></strong></span> <span class='ocrx_word' id='word_1_122' title='bbox 656 1135 728 1188; x_wconf 81' lang='grc' dir='ltr'><strong><em>τῆς</em></strong></span> <span class='ocrx_word' id='word_1_123' title='bbox 742 1133 962 1187; x_wconf 85' lang='grc' dir='ltr'><strong><em>Ῥωμαίων</em></strong></span> <span class='ocrx_word' id='word_1_124' title='bbox 993 1130 1218 1187; x_wconf 76' lang='grc' dir='ltr'><strong><em>ἡγεμονίας</em></strong></span> <span class='ocrx_word' id='word_1_125' title='bbox 1250 1133 1500 1182; x_wconf 81' lang='grc' dir='ltr'><strong><em>κατελίπετο,</em></strong></span> <span class='ocrx_word' id='word_1_126' title='bbox 1521 1130 1716 1184; x_wconf 75' lang='grc' dir='ltr'><strong><em>ἀκέραιον</em></strong></span> 
     </span>
     <span class='ocr_line' id='line_1_16' title="bbox 273 1187 1769 1255; baseline -0.002 -18"><span class='ocrx_word' id='word_1_127' title='bbox 273 1198 612 1252; x_wconf 76' lang='grc' dir='ltr'><strong><em>ὃιασωθὴσεται,</em></strong></span> <span class='ocrx_word' id='word_1_128' title='bbox 653 1197 763 1240; x_wconf 73' lang='grc' dir='ltr'><strong><em>ἀλλὰ</em></strong></span> <span class='ocrx_word' id='word_1_129' title='bbox 809 1200 883 1240; x_wconf 87' lang='grc' dir='ltr'><strong><em>καί</em></strong></span> <span class='ocrx_word' id='word_1_130' title='bbox 924 1197 975 1240; x_wconf 76' lang='grc' dir='ltr'><strong><em>τὰ</em></strong></span> <span class='ocrx_word' id='word_1_131' title='bbox 1006 1195 1266 1255; x_wconf 73' lang='grc' dir='ltr'><strong><em>διεφθορότα</em></strong></span> <span class='ocrx_word' id='word_1_132' title='bbox 1300 1195 1382 1239; x_wconf 71' lang='grc' dir='ltr'><strong><em>ὑπὸ</em></strong></span> <span class='ocrx_word' id='word_1_133' title='bbox 1425 1199 1502 1238; x_wconf 82' lang='grc' dir='ltr'><strong><em>τοῦ</em></strong></span> <span class='ocrx_word' id='word_1_134' title='bbox 1525 1187 1769 1247; x_wconf 78' lang='grc' dir='ltr'><strong><em>πολέμου15</em></strong></span> 
     </span>
     <span class='ocr_line' id='line_1_17' title="bbox 267 1260 1715 1314; baseline -0.002 -11"><span class='ocrx_word' id='word_1_135' title='bbox 267 1261 454 1305; x_wconf 73' lang='grc' dir='ltr'><strong><em>δυνατὸν</em></strong></span> <span class='ocrx_word' id='word_1_136' title='bbox 481 1261 607 1306; x_wconf 79' lang='grc' dir='ltr'><strong><em>πάλιν</em></strong></span> <span class='ocrx_word' id='word_1_137' title='bbox 636 1264 918 1310; x_wconf 75' lang='grc' dir='ltr'><strong><em>ἀνακτᾶσθαι.</em></strong></span> <span class='ocrx_word' id='word_1_138' title='bbox 977 1262 1105 1306; x_wconf 63' lang='grc' dir='ltr'><strong><em>αὐτόν</em></strong></span> <span class='ocrx_word' id='word_1_139' title='bbox 1137 1265 1183 1306; x_wconf 74' lang='grc' dir='ltr'><strong><em>δὲ</em></strong></span> <span class='ocrx_word' id='word_1_140' title='bbox 1213 1265 1303 1305; x_wconf 81' lang='grc' dir='ltr'><strong><em>α’ντί</em></strong></span> <span class='ocrx_word' id='word_1_141' title='bbox 1330 1262 1526 1314; x_wconf 79' lang='grc' dir='ltr'><strong><em>πολεμίου</em></strong></span> <span class='ocrx_word' id='word_1_142' title='bbox 1544 1260 1715 1312; x_wconf 71' lang='grc' dir='ltr'><strong><em>σύμμα-</em></strong></span> 
     </span>
     <span class='ocr_line' id='line_1_18' title="bbox 269 1323 1712 1387; baseline -0.003 -19"><span class='ocrx_word' id='word_1_143' title='bbox 269 1342 349 1381; x_wconf 85' lang='grc' dir='ltr'><strong><em>χον</em></strong></span> <span class='ocrx_word' id='word_1_144' title='bbox 392 1329 558 1379; x_wconf 77' lang='grc' dir='ltr'><strong><em>ἐξέσται</em></strong></span> <span class='ocrx_word' id='word_1_145' title='bbox 598 1329 671 1372; x_wconf 81' lang='grc' dir='ltr'><em>καί</em></span> <span class='ocrx_word' id='word_1_146' title='bbox 714 1330 837 1387; x_wconf 91' lang='grc' dir='ltr'><strong><em>φίλον</em></strong></span> <span class='ocrx_word' id='word_1_147' title='bbox 884 1328 1014 1384; x_wconf 80' lang='grc' dir='ltr'><strong><em>ἔχειν.</em></strong></span> <span class='ocrx_word' id='word_1_148' title='bbox 1080 1330 1259 1371; x_wconf 77' lang='grc' dir='ltr'><strong><em>τοιαῦτα</em></strong></span> <span class='ocrx_word' id='word_1_149' title='bbox 1287 1329 1365 1382; x_wconf 83' lang='grc' dir='ltr'><strong><em>μὲν</em></strong></span> <span class='ocrx_word' id='word_1_150' title='bbox 1400 1326 1473 1368; x_wconf 85' lang='grc' dir='ltr'>καί</span> <span class='ocrx_word' id='word_1_151' title='bbox 1503 1324 1525 1366; x_wconf 82' lang='grc' dir='ltr'>ὁ</span> <span class='ocrx_word' id='word_1_152' title='bbox 1556 1323 1712 1380; x_wconf 70' lang='grc' dir='ltr'><strong><em>’Λμοιῖρ</em></strong></span> 
     </span>
     <span class='ocr_line' id='line_1_19' title="bbox 274 1395 604 1450; baseline 0.015 -16"><span class='ocrx_word' id='word_1_153' title='bbox 274 1395 604 1450; x_wconf 75' lang='grc' dir='ltr'><strong><em>διεπρεσβεύετο.</em></strong></span> 
     </span>
    </p>

    <p class='ocr_par' dir='ltr' id='par_1_4' title="bbox 101 1454 1766 1583">
     <span class='ocr_line' id='line_1_20' title="bbox 101 1454 1716 1516; baseline -0.006 -12"><span class='ocrx_word' id='word_1_154' title='bbox 101 1458 103 1460; x_wconf 48' lang='grc'><strong>’</strong></span> <span class='ocrx_word' id='word_1_155' title='bbox 147 1469 266 1516; x_wconf 76' lang='lat' dir='ltr'><strong>P.572</strong></span> <span class='ocrx_word' id='word_1_156' title='bbox 390 1457 456 1511; x_wconf 75' lang='grc' dir='ltr'><strong><em>ξέ.</em></strong></span> <span class='ocrx_word' id='word_1_157' title='bbox 506 1461 554 1504; x_wconf 93' lang='grc' dir='ltr'>Ὁ</span> <span class='ocrx_word' id='word_1_158' title='bbox 583 1463 712 1516; x_wconf 84' lang='grc' dir='ltr'><strong><em>μέγας</em></strong></span> <span class='ocrx_word' id='word_1_159' title='bbox 741 1461 787 1502; x_wconf 85' lang='grc' dir='ltr'><strong><em>δὲ</em></strong></span> <span class='ocrx_word' id='word_1_160' title='bbox 819 1459 918 1511; x_wconf 75' lang='grc' dir='ltr'><strong><em>ὃούξ</em></strong></span> <span class='ocrx_word' id='word_1_161' title='bbox 948 1461 1040 1502; x_wconf 78' lang='grc' dir='ltr'><strong><em>ἒπεί</em></strong></span> <span class='ocrx_word' id='word_1_162' title='bbox 1067 1457 1243 1501; x_wconf 76' lang='grc' dir='ltr'><strong><em>πύθοιτο</em></strong></span> <span class='ocrx_word' id='word_1_163' title='bbox 1285 1456 1335 1500; x_wconf 72' lang='grc' dir='ltr'><strong><em>τὰ</em></strong></span> <span class='ocrx_word' id='word_1_164' title='bbox 1371 1459 1446 1512; x_wconf 84' lang='grc' dir='ltr'><strong><em>τῆς</em></strong></span> <span class='ocrx_word' id='word_1_165' title='bbox 1471 1454 1716 1511; x_wconf 80' lang='grc' dir='ltr'><strong><em>πρεσβείας,</em></strong></span> 
     </span>
     <span class='ocr_line' id='line_1_21' title="bbox 145 1521 1766 1583; baseline -0.004 -17"><span class='ocrx_word' id='word_1_166' title='bbox 145 1526 505 1583; x_wconf 71' lang='grc' dir='ltr'><strong><em>ν,459Σαλατι’νην</em></strong></span> <span class='ocrx_word' id='word_1_167' title='bbox 534 1527 612 1579; x_wconf 79' lang='grc' dir='ltr'><strong><em>μὲν</em></strong></span> <span class='ocrx_word' id='word_1_168' title='bbox 643 1524 710 1568; x_wconf 84' lang='grc' dir='ltr'><strong><em>τὸν</em></strong></span> <span class='ocrx_word' id='word_1_169' title='bbox 735 1525 896 1581; x_wconf 78' lang='grc' dir='ltr'><strong><em>Ἀμούρ</em></strong></span> <span class='ocrx_word' id='word_1_170' title='bbox 925 1523 1185 1580; x_wconf 71' lang='grc' dir='ltr'><strong><em>πρεσβευτὴν</em></strong></span> <span class='ocrx_word' id='word_1_171' title='bbox 1213 1525 1443 1580; x_wconf 86' lang='grc' dir='ltr'><strong><em>φιλοτίμως</em></strong></span> <span class='ocrx_word' id='word_1_172' title='bbox 1480 1537 1522 1563; x_wconf 91' lang='grc' dir='ltr'><strong><em>τε</em></strong></span> <span class='ocrx_word' id='word_1_173' title='bbox 1564 1521 1766 1562; x_wconf 72' lang='grc' dir='ltr'><strong><em>ὖπεδέ-αο</em></strong></span> 
     </span>
    </p>

    <p class='ocr_par' dir='ltr' id='par_1_5' title="bbox 275 1586 1712 1647">
     <span class='ocr_line' id='line_1_22' title="bbox 275 1586 1712 1647; baseline -0.003 -17"><span class='ocrx_word' id='word_1_174' title='bbox 275 1593 369 1639; x_wconf 76' lang='grc' dir='ltr'><strong><em>’ξατο</em></strong></span> <span class='ocrx_word' id='word_1_175' title='bbox 397 1593 471 1632; x_wconf 81' lang='grc' dir='ltr'><em>καί</em></span> <span class='ocrx_word' id='word_1_176' title='bbox 487 1589 590 1644; x_wconf 70' lang='grc' dir='ltr'><strong><em>μετά</em></strong></span> <span class='ocrx_word' id='word_1_177' title='bbox 618 1590 764 1647; x_wconf 84' lang='grc' dir='ltr'><strong><em>μικρὸν</em></strong></span> <span class='ocrx_word' id='word_1_178' title='bbox 789 1591 995 1646; x_wconf 80' lang='grc' dir='ltr'><strong><em>ἐξέπεμψε</em></strong></span> <span class='ocrx_word' id='word_1_179' title='bbox 1024 1593 1140 1646; x_wconf 73' lang='grc' dir='ltr'><strong><em>δῶρα</em></strong></span> <span class='ocrx_word' id='word_1_180' title='bbox 1169 1587 1411 1645; x_wconf 80' lang='grc' dir='ltr'><strong><em>παρασχών.</em></strong></span> <span class='ocrx_word' id='word_1_181' title='bbox 1466 1587 1636 1644; x_wconf 77' lang='grc' dir='ltr'><strong><em>Βρουλᾷ</em></strong></span> <span class='ocrx_word' id='word_1_182' title='bbox 1664 1586 1712 1627; x_wconf 73' lang='grc' dir='ltr'><strong><em>δὲ</em></strong></span> 
     </span>
    </p>

    <p class='ocr_par' dir='ltr' id='par_1_6' title="bbox 267 1649 1713 1713">
     <span class='ocr_line' id='line_1_23' title="bbox 267 1649 1713 1713; baseline -0.002 -18"><span class='ocrx_word' id='word_1_183' title='bbox 267 1653 316 1696; x_wconf 81' lang='grc' dir='ltr'><strong><em>τὸ</em></strong></span> <span class='ocrx_word' id='word_1_184' title='bbox 361 1657 516 1709; x_wconf 89' lang='grc' dir='ltr'><strong><em>γένειον</em></strong></span> <span class='ocrx_word' id='word_1_185' title='bbox 557 1659 795 1713; x_wconf 84' lang='grc' dir='ltr'><strong><em>περικείρας</em></strong></span> <span class='ocrx_word' id='word_1_186' title='bbox 830 1659 904 1699; x_wconf 85' lang='grc' dir='ltr'>καί</span> <span class='ocrx_word' id='word_1_187' title='bbox 952 1655 1029 1712; x_wconf 71' lang='grc' dir='ltr'><strong><em>τὴν</em></strong></span> <span class='ocrx_word' id='word_1_188' title='bbox 1072 1656 1275 1712; x_wconf 74' lang='grc' dir='ltr'><strong><em>κεφαλὴν,</em></strong></span> <span class='ocrx_word' id='word_1_189' title='bbox 1319 1653 1464 1695; x_wconf 83' lang='grc' dir='ltr'><strong><em>ἔπειτα</em></strong></span> <span class='ocrx_word' id='word_1_190' title='bbox 1505 1653 1579 1694; x_wconf 83' lang='grc' dir='ltr'><em>καί</em></span> <span class='ocrx_word' id='word_1_191' title='bbox 1612 1649 1713 1701; x_wconf 72' lang='grc' dir='ltr'><strong><em>τούς</em></strong></span> 
     </span>
    </p>

    <p class='ocr_par' dir='ltr' id='par_1_7' title="bbox 235 1717 1713 1844">
     <span class='ocr_line' id='line_1_24' title="bbox 235 1717 1713 1779; baseline -0.003 -17"><span class='ocrx_word' id='word_1_192' title='bbox 235 1723 487 1776; x_wconf 75' lang='grc' dir='ltr'><strong><em>Βμυκτῆρας</em></strong></span> <span class='ocrx_word' id='word_1_193' title='bbox 515 1721 746 1779; x_wconf 68' lang='grc' dir='ltr'><strong><em>ὃιαᾷῥήξας</em></strong></span> <span class='ocrx_word' id='word_1_194' title='bbox 780 1722 852 1764; x_wconf 84' lang='grc' dir='ltr'>καί</span> <span class='ocrx_word' id='word_1_195' title='bbox 876 1721 953 1771; x_wconf 81' lang='grc' dir='ltr'><strong><em>τοὶς</em></strong></span> <span class='ocrx_word' id='word_1_196' title='bbox 978 1721 1157 1777; x_wconf 75' lang='grc' dir='ltr'><strong><em>κνήμας,</em></strong></span> <span class='ocrx_word' id='word_1_197' title='bbox 1201 1719 1365 1777; x_wconf 70' lang='grc' dir='ltr'><strong><em>ἀσβόλῳ</em></strong></span> <span class='ocrx_word' id='word_1_198' title='bbox 1393 1734 1439 1760; x_wconf 85' lang='grc' dir='ltr'><strong><em>τε</em></strong></span> <span class='ocrx_word' id='word_1_199' title='bbox 1466 1717 1512 1760; x_wconf 84' lang='grc' dir='ltr'><strong><em>τὸ</em></strong></span> <span class='ocrx_word' id='word_1_200' title='bbox 1545 1717 1713 1774; x_wconf 85' lang='grc' dir='ltr'><strong><em>πρόσω-</em></strong></span> 
     </span>
     <span class='ocr_line' id='line_1_25' title="bbox 272 1778 1706 1844; baseline -0.002 -17"><span class='ocrx_word' id='word_1_201' title='bbox 272 1802 349 1827; x_wconf 88' lang='grc' dir='ltr'><strong><em>πον</em></strong></span> <span class='ocrx_word' id='word_1_202' title='bbox 395 1790 669 1844; x_wconf 83' lang='grc' dir='ltr'><strong><em>περιχρίσας,</em></strong></span> <span class='ocrx_word' id='word_1_203' title='bbox 709 1788 873 1831; x_wconf 77' lang='grc' dir='ltr'><strong><em>εἵλκυσε</em></strong></span> <span class='ocrx_word' id='word_1_204' title='bbox 907 1787 978 1830; x_wconf 74' lang='grc' dir='ltr'><strong><em>διὰ</em></strong></span> <span class='ocrx_word' id='word_1_205' title='bbox 1023 1789 1098 1843; x_wconf 74' lang='grc' dir='ltr'><strong><em>τῆς</em></strong></span> <span class='ocrx_word' id='word_1_206' title='bbox 1135 1788 1290 1842; x_wconf 79' lang='grc' dir='ltr'><strong><em>οἷγορᾶς</em></strong></span> <span class='ocrx_word' id='word_1_207' title='bbox 1337 1780 1466 1832; x_wconf 76' lang='grc' dir='ltr'><strong><em>οὕτως</em></strong></span> <span class='ocrx_word' id='word_1_208' title='bbox 1503 1778 1706 1839; x_wconf 72' lang='grc' dir='ltr'><strong><em>ὕφαιμον.</em></strong></span> 
     </span>
    </p>
   </div>
   <div class='ocr_carea' id='block_1_3' title="bbox 264 1942 1708 2824">
    <p class='ocr_par' dir='ltr' id='par_1_8' title="bbox 267 1942 1708 2546">
     <span class='ocr_line' id='line_1_26' title="bbox 274 1942 1703 1990; baseline -0.005 -13"><span class='ocrx_word' id='word_1_209' title='bbox 274 1944 344 1985; x_wconf 86' lang='lat' dir='ltr'><strong>rit,</strong></span> <span class='ocrx_word' id='word_1_210' title='bbox 370 1943 433 1977; x_wconf 86' lang='lat' dir='ltr'><strong>sed</strong></span> <span class='ocrx_word' id='word_1_211' title='bbox 459 1945 568 1978; x_wconf 87' lang='lat' dir='ltr'><strong>etiam</strong></span> <span class='ocrx_word' id='word_1_212' title='bbox 592 1949 716 1990; x_wconf 83' lang='lat' dir='ltr'><strong>postea</strong></span> <span class='ocrx_word' id='word_1_213' title='bbox 741 1948 863 1978; x_wconf 87' lang='lat' dir='ltr'><strong>contra</strong></span> <span class='ocrx_word' id='word_1_214' title='bbox 890 1943 1068 1984; x_wconf 81' lang='lat' dir='ltr'><strong>Albanos,</strong></span> <span class='ocrx_word' id='word_1_215' title='bbox 1093 1947 1129 1976; x_wconf 87' lang='lat' dir='ltr'><strong><em>et</em></strong></span> <span class='ocrx_word' id='word_1_216' title='bbox 1154 1954 1196 1975; x_wconf 86' lang='lat' dir='ltr'><strong>ex</strong></span> <span class='ocrx_word' id='word_1_217' title='bbox 1226 1942 1289 1975; x_wconf 89' lang='lat' dir='ltr'><strong>illo</strong></span> <span class='ocrx_word' id='word_1_218' title='bbox 1314 1943 1490 1974; x_wconf 80' lang='lat' dir='ltr'><strong>Romanos</strong></span> <span class='ocrx_word' id='word_1_219' title='bbox 1515 1947 1703 1983; x_wconf 81' lang='lat' dir='ltr'><strong>nunquam</strong></span> 
     </span>
     <span class='ocr_line' id='line_1_27' title="bbox 272 1984 1704 2036; baseline -0.006 -13"><span class='ocrx_word' id='word_1_220' title='bbox 272 1991 486 2032; x_wconf 81' lang='lat' dir='ltr'><strong>incursarit,</strong></span> <span class='ocrx_word' id='word_1_221' title='bbox 510 2001 590 2023; x_wconf 80' lang='lat' dir='ltr'><strong><em>cum</em></strong></span> <span class='ocrx_word' id='word_1_222' title='bbox 615 2002 738 2025; x_wconf 81' lang='lat' dir='ltr'><strong>omnes</strong></span> <span class='ocrx_word' id='word_1_223' title='bbox 763 1992 1033 2030; x_wconf 78' lang='lat' dir='ltr'><strong>Cantacuzeno,</strong></span> <span class='ocrx_word' id='word_1_224' title='bbox 1060 1988 1221 2036; x_wconf 86' lang='lat' dir='ltr'><strong>quamvis</strong></span> <span class='ocrx_word' id='word_1_225' title='bbox 1246 1988 1363 2021; x_wconf 87' lang='lat' dir='ltr'><strong>adhuc</strong></span> <span class='ocrx_word' id='word_1_226' title='bbox 1396 1985 1526 2031; x_wconf 83' lang='lat' dir='ltr'><strong>privati</strong></span> <span class='ocrx_word' id='word_1_227' title='bbox 1556 1984 1704 2016; x_wconf 78' lang='lat' dir='ltr'><strong>fortuna</strong></span> 
     </span>
     <span class='ocr_line' id='line_1_28' title="bbox 273 2030 1708 2078; baseline -0.004 -9"><span class='ocrx_word' id='word_1_228' title='bbox 273 2042 447 2070; x_wconf 87' lang='lat' dir='ltr'><strong>contento</strong></span> <span class='ocrx_word' id='word_1_229' title='bbox 465 2062 474 2078; x_wconf 94' lang='lat'><strong>‚</strong></span> <span class='ocrx_word' id='word_1_230' title='bbox 512 2037 659 2071; x_wconf 80' lang='lat' dir='ltr'><strong>subesse</strong></span> <span class='ocrx_word' id='word_1_231' title='bbox 703 2038 950 2071; x_wconf 79' lang='lat' dir='ltr'>arbitraretur.</span> <span class='ocrx_word' id='word_1_232' title='bbox 1010 2037 1112 2069; x_wconf 87' lang='lat' dir='ltr'><strong>Nunc</strong></span> <span class='ocrx_word' id='word_1_233' title='bbox 1156 2035 1316 2068; x_wconf 85' lang='lat' dir='ltr'><strong>eiusdem</strong></span> <span class='ocrx_word' id='word_1_234' title='bbox 1363 2030 1589 2076; x_wconf 83' lang='lat' dir='ltr'><strong>imperatoris</strong></span> <span class='ocrx_word' id='word_1_235' title='bbox 1631 2040 1708 2063; x_wconf 82' lang='lat' dir='ltr'><strong>non</strong></span> 
     </span>
     <span class='ocr_line' id='line_1_29' title="bbox 274 2078 1708 2128; baseline -0.006 -12"><span class='ocrx_word' id='word_1_236' title='bbox 274 2085 426 2117; x_wconf 88' lang='lat' dir='ltr'><strong>amicum</strong></span> <span class='ocrx_word' id='word_1_237' title='bbox 451 2084 558 2118; x_wconf 83' lang='lat' dir='ltr'><strong>modo</strong></span> <span class='ocrx_word' id='word_1_238' title='bbox 574 2110 583 2124; x_wconf 94' lang='lat'>,</span> <span class='ocrx_word' id='word_1_239' title='bbox 620 2084 682 2117; x_wconf 85' lang='lat' dir='ltr'><strong>sed</strong></span> <span class='ocrx_word' id='word_1_240' title='bbox 718 2085 866 2128; x_wconf 83' lang='lat' dir='ltr'><strong>insuper</strong></span> <span class='ocrx_word' id='word_1_241' title='bbox 890 2094 1028 2116; x_wconf 86' lang='lat' dir='ltr'><strong>servum</strong></span> <span class='ocrx_word' id='word_1_242' title='bbox 1065 2083 1224 2127; x_wconf 80' lang='lat' dir='ltr'><strong>profiteri</strong></span> <span class='ocrx_word' id='word_1_243' title='bbox 1249 2086 1285 2113; x_wconf 84' lang='lat' dir='ltr'><strong><em>et</em></strong></span> <span class='ocrx_word' id='word_1_244' title='bbox 1307 2080 1359 2112; x_wconf 83' lang='lat' dir='ltr'><strong><em>sic</em></strong></span> <span class='ocrx_word' id='word_1_245' title='bbox 1381 2080 1500 2110; x_wconf 87' lang='lat' dir='ltr'><strong>animo</strong></span> <span class='ocrx_word' id='word_1_246' title='bbox 1526 2078 1708 2117; x_wconf 81' lang='lat' dir='ltr'><strong>affectum,</strong></span> 
     </span>
     <span class='ocr_line' id='line_1_30' title="bbox 273 2120 1708 2173; baseline -0.006 -10"><span class='ocrx_word' id='word_1_247' title='bbox 273 2137 316 2164; x_wconf 84' lang='lat' dir='ltr'><strong>ut</strong></span> <span class='ocrx_word' id='word_1_248' title='bbox 338 2141 412 2163; x_wconf 89' lang='lat' dir='ltr'><strong><em>non</em></strong></span> <span class='ocrx_word' id='word_1_249' title='bbox 438 2131 527 2164; x_wconf 90' lang='lat' dir='ltr'><strong>alios</strong></span> <span class='ocrx_word' id='word_1_250' title='bbox 554 2132 587 2164; x_wconf 91' lang='lat' dir='ltr'><strong><em>ei</em></strong></span> <span class='ocrx_word' id='word_1_251' title='bbox 613 2131 827 2163; x_wconf 81' lang='lat' dir='ltr'><strong>auxiliatum</strong></span> <span class='ocrx_word' id='word_1_252' title='bbox 855 2130 996 2168; x_wconf 83' lang='lat' dir='ltr'><strong>mittat,</strong></span> <span class='ocrx_word' id='word_1_253' title='bbox 1023 2129 1088 2162; x_wconf 84' lang='lat' dir='ltr'><strong>sed</strong></span> <span class='ocrx_word' id='word_1_254' title='bbox 1114 2132 1265 2173; x_wconf 82' lang='lat' dir='ltr'><strong>ipsemet</strong></span> <span class='ocrx_word' id='word_1_255' title='bbox 1289 2136 1404 2159; x_wconf 79' lang='lat' dir='ltr'><strong>coram</strong></span> <span class='ocrx_word' id='word_1_256' title='bbox 1436 2135 1605 2169; x_wconf 84' lang='lat' dir='ltr'><strong>praesens</strong></span> <span class='ocrx_word' id='word_1_257' title='bbox 1641 2120 1708 2155; x_wconf 80' lang='lat' dir='ltr'><strong><em>ad·</em></strong></span> 
     </span>
     <span class='ocr_line' id='line_1_31' title="bbox 272 2170 1704 2221; baseline -0.006 -12"><span class='ocrx_word' id='word_1_258' title='bbox 272 2177 321 2209; x_wconf 85' lang='lat' dir='ltr'><strong><em>sit</em></strong></span> <span class='ocrx_word' id='word_1_259' title='bbox 341 2201 351 2217; x_wconf 91' lang='lat'>,</span> <span class='ocrx_word' id='word_1_260' title='bbox 382 2188 450 2210; x_wconf 87' lang='lat' dir='ltr'><strong><em>nec</em></strong></span> <span class='ocrx_word' id='word_1_261' title='bbox 481 2178 598 2211; x_wconf 85' lang='lat' dir='ltr'><strong>minus</strong></span> <span class='ocrx_word' id='word_1_262' title='bbox 640 2178 750 2210; x_wconf 87' lang='lat' dir='ltr'><strong>studii</strong></span> <span class='ocrx_word' id='word_1_263' title='bbox 792 2187 833 2209; x_wconf 86' lang='lat' dir='ltr'><strong><em>ac</em></strong></span> <span class='ocrx_word' id='word_1_264' title='bbox 858 2176 1069 2221; x_wconf 81' lang='lat' dir='ltr'><strong>diligentiae</strong></span> <span class='ocrx_word' id='word_1_265' title='bbox 1093 2186 1157 2220; x_wconf 83' lang='lat' dir='ltr'><strong><em>pro</em></strong></span> <span class='ocrx_word' id='word_1_266' title='bbox 1183 2184 1225 2207; x_wconf 89' lang='lat' dir='ltr'><strong>eo</strong></span> <span class='ocrx_word' id='word_1_267' title='bbox 1256 2177 1424 2216; x_wconf 84' lang='lat' dir='ltr'><strong>usurpet,</strong></span> <span class='ocrx_word' id='word_1_268' title='bbox 1450 2181 1558 2216; x_wconf 83' lang='lat' dir='ltr'><strong>quam</strong></span> <span class='ocrx_word' id='word_1_269' title='bbox 1580 2170 1612 2203; x_wconf 73' lang='lat' dir='ltr'><strong>si</strong></span> <span class='ocrx_word' id='word_1_270' title='bbox 1637 2178 1704 2213; x_wconf 81' lang='lat' dir='ltr'><strong><em>pro</em></strong></span> 
     </span>
     <span class='ocr_line' id='line_1_32' title="bbox 271 2217 1703 2267; baseline -0.005 -12"><span class='ocrx_word' id='word_1_271' title='bbox 271 2234 310 2256; x_wconf 82' lang='lat' dir='ltr'><strong>se</strong></span> <span class='ocrx_word' id='word_1_272' title='bbox 353 2235 393 2257; x_wconf 90' lang='lat' dir='ltr'><strong><em>ac</em></strong></span> <span class='ocrx_word' id='word_1_273' title='bbox 430 2224 585 2257; x_wconf 80' lang='lat' dir='ltr'><strong>fortunis</strong></span> <span class='ocrx_word' id='word_1_274' title='bbox 626 2223 699 2256; x_wconf 89' lang='lat' dir='ltr'><strong>suis</strong></span> <span class='ocrx_word' id='word_1_275' title='bbox 738 2222 875 2255; x_wconf 86' lang='lat' dir='ltr'><strong>bellum</strong></span> <span class='ocrx_word' id='word_1_276' title='bbox 914 2228 1063 2267; x_wconf 85' lang='lat' dir='ltr'><strong>gereret.</strong></span> <span class='ocrx_word' id='word_1_277' title='bbox 1124 2220 1246 2264; x_wconf 83' lang='lat' dir='ltr'><strong>Quare</strong></span> <span class='ocrx_word' id='word_1_278' title='bbox 1283 2224 1383 2252; x_wconf 82' lang='lat' dir='ltr'><strong>tanto</strong></span> <span class='ocrx_word' id='word_1_279' title='bbox 1432 2217 1544 2261; x_wconf 82' lang='lat' dir='ltr'><strong>magis</strong></span> <span class='ocrx_word' id='word_1_280' title='bbox 1575 2225 1703 2261; x_wconf 85' lang='lat' dir='ltr'><strong>pacem</strong></span> 
     </span>
     <span class='ocr_line' id='line_1_33' title="bbox 270 2263 1703 2312; baseline -0.006 -10"><span class='ocrx_word' id='word_1_281' title='bbox 270 2269 530 2304; x_wconf 85' lang='lat' dir='ltr'><strong>admittendam</strong></span> <span class='ocrx_word' id='word_1_282' title='bbox 546 2295 555 2310; x_wconf 94' lang='lat'>,</span> <span class='ocrx_word' id='word_1_283' title='bbox 580 2270 733 2303; x_wconf 85' lang='lat' dir='ltr'><strong>maxime</strong></span> <span class='ocrx_word' id='word_1_284' title='bbox 758 2281 837 2302; x_wconf 87' lang='lat' dir='ltr'><strong><em>cum</em></strong></span> <span class='ocrx_word' id='word_1_285' title='bbox 862 2274 900 2302; x_wconf 80' lang='lat' dir='ltr'><strong><em>et</em></strong></span> <span class='ocrx_word' id='word_1_286' title='bbox 922 2271 1116 2312; x_wconf 83' lang='lat' dir='ltr'><strong>imperator</strong></span> <span class='ocrx_word' id='word_1_287' title='bbox 1143 2266 1346 2311; x_wconf 87' lang='lat' dir='ltr'><strong>principum</strong></span> <span class='ocrx_word' id='word_1_288' title='bbox 1379 2264 1575 2309; x_wconf 84' lang='lat' dir='ltr'><strong>iniquitate</strong></span> <span class='ocrx_word' id='word_1_289' title='bbox 1600 2263 1640 2296; x_wconf 87' lang='lat' dir='ltr'><strong><em>in</em></strong></span> <span class='ocrx_word' id='word_1_290' title='bbox 1663 2270 1703 2295; x_wconf 69' lang='lat' dir='ltr'><strong>se</strong></span> 
     </span>
     <span class='ocr_line' id='line_1_34' title="bbox 271 2308 1703 2356; baseline -0.005 -9"><span class='ocrx_word' id='word_1_291' title='bbox 271 2317 458 2350; x_wconf 84' lang='lat' dir='ltr'><strong>commissa</strong></span> <span class='ocrx_word' id='word_1_292' title='bbox 491 2317 694 2350; x_wconf 82' lang='lat' dir='ltr'><strong>condonare</strong></span> <span class='ocrx_word' id='word_1_293' title='bbox 720 2321 756 2349; x_wconf 88' lang='lat' dir='ltr'><strong><em>et</em></strong></span> <span class='ocrx_word' id='word_1_294' title='bbox 791 2315 836 2346; x_wconf 82' lang='lat' dir='ltr'><strong><em>ab</em></strong></span> <span class='ocrx_word' id='word_1_295' title='bbox 869 2315 976 2347; x_wconf 85' lang='lat' dir='ltr'><strong>armis</strong></span> <span class='ocrx_word' id='word_1_296' title='bbox 1016 2313 1199 2348; x_wconf 80' lang='lat' dir='ltr'><strong>discedere</strong></span> <span class='ocrx_word' id='word_1_297' title='bbox 1225 2317 1370 2356; x_wconf 80' lang='lat' dir='ltr'><strong>paratus</strong></span> <span class='ocrx_word' id='word_1_298' title='bbox 1395 2312 1452 2343; x_wconf 85' lang='lat' dir='ltr'><strong>sit.</strong></span> <span class='ocrx_word' id='word_1_299' title='bbox 1499 2310 1580 2343; x_wconf 79' lang='lat' dir='ltr'><strong>Non</strong></span> <span class='ocrx_word' id='word_1_300' title='bbox 1605 2308 1703 2342; x_wconf 86' lang='lat' dir='ltr'><strong>enim</strong></span> 
     </span>
     <span class='ocr_line' id='line_1_35' title="bbox 269 2355 1703 2408; baseline -0.006 -14"><span class='ocrx_word' id='word_1_301' title='bbox 269 2363 519 2396; x_wconf 82' lang='lat' dir='ltr'><strong>tantummodo</strong></span> <span class='ocrx_word' id='word_1_302' title='bbox 559 2363 704 2408; x_wconf 85' lang='lat' dir='ltr'><strong>siquid</strong></span> <span class='ocrx_word' id='word_1_303' title='bbox 743 2362 793 2395; x_wconf 89' lang='lat' dir='ltr'><strong><em>rei</em></strong></span> <span class='ocrx_word' id='word_1_304' title='bbox 831 2362 1006 2395; x_wconf 84' lang='lat' dir='ltr'><strong>Romanae</strong></span> <span class='ocrx_word' id='word_1_305' title='bbox 1043 2359 1222 2404; x_wconf 81' lang='lat' dir='ltr'><strong>supersit,</strong></span> <span class='ocrx_word' id='word_1_306' title='bbox 1257 2359 1435 2402; x_wconf 83' lang='lat' dir='ltr'><strong>integrum</strong></span> <span class='ocrx_word' id='word_1_307' title='bbox 1461 2360 1498 2388; x_wconf 84' lang='lat' dir='ltr'><strong>et</strong></span> <span class='ocrx_word' id='word_1_308' title='bbox 1521 2355 1703 2388; x_wconf 81' lang='lat' dir='ltr'><strong>incolume</strong></span> 
     </span>
     <span class='ocr_line' id='line_1_36' title="bbox 268 2401 1702 2451; baseline -0.007 -9"><span class='ocrx_word' id='word_1_309' title='bbox 268 2419 561 2451; x_wconf 86' lang='lat' dir='ltr'><strong>permansurum,</strong></span> <span class='ocrx_word' id='word_1_310' title='bbox 601 2409 666 2443; x_wconf 87' lang='lat' dir='ltr'><strong>sed</strong></span> <span class='ocrx_word' id='word_1_311' title='bbox 703 2413 740 2442; x_wconf 84' lang='lat' dir='ltr'><strong><em>et</em></strong></span> <span class='ocrx_word' id='word_1_312' title='bbox 771 2407 870 2441; x_wconf 89' lang='lat' dir='ltr'><strong>bello</strong></span> <span class='ocrx_word' id='word_1_313' title='bbox 901 2407 1091 2441; x_wconf 86' lang='lat' dir='ltr'><strong>imminuta</strong></span> <span class='ocrx_word' id='word_1_314' title='bbox 1112 2416 1153 2437; x_wconf 86' lang='lat' dir='ltr'><strong><em>ac</em></strong></span> <span class='ocrx_word' id='word_1_315' title='bbox 1187 2404 1368 2438; x_wconf 79' lang='lat' dir='ltr'><strong>devastata</strong></span> <span class='ocrx_word' id='word_1_316' title='bbox 1405 2401 1564 2447; x_wconf 83' lang='lat' dir='ltr'><strong>reparari</strong></span> <span class='ocrx_word' id='word_1_317' title='bbox 1587 2406 1702 2446; x_wconf 83' lang='lat' dir='ltr'><strong>atque</strong></span> 
     </span>
     <span class='ocr_line' id='line_1_37' title="bbox 270 2446 1703 2500; baseline -0.006 -13"><span class='ocrx_word' id='word_1_318' title='bbox 270 2454 482 2496; x_wconf 78' lang='lat' dir='ltr'><strong>instaurari,</strong></span> <span class='ocrx_word' id='word_1_319' title='bbox 519 2461 555 2490; x_wconf 86' lang='lat' dir='ltr'><strong><em>et</em></strong></span> <span class='ocrx_word' id='word_1_320' title='bbox 589 2466 627 2489; x_wconf 84' lang='lat' dir='ltr'><strong>se</strong></span> <span class='ocrx_word' id='word_1_321' title='bbox 662 2466 727 2500; x_wconf 90' lang='lat' dir='ltr'><strong><em>pro</em></strong></span> <span class='ocrx_word' id='word_1_322' title='bbox 753 2454 864 2488; x_wconf 79' lang='lat' dir='ltr'><strong>hoste</strong></span> <span class='ocrx_word' id='word_1_323' title='bbox 893 2454 1029 2488; x_wconf 74' lang='lat' dir='ltr'><strong>socium</strong></span> <span class='ocrx_word' id='word_1_324' title='bbox 1054 2457 1091 2486; x_wconf 87' lang='lat' dir='ltr'><strong><em>et</em></strong></span> <span class='ocrx_word' id='word_1_325' title='bbox 1113 2452 1267 2485; x_wconf 84' lang='lat' dir='ltr'><strong>amicum</strong></span> <span class='ocrx_word' id='word_1_326' title='bbox 1291 2449 1419 2484; x_wconf 83' lang='lat' dir='ltr'><strong>haberi</strong></span> <span class='ocrx_word' id='word_1_327' title='bbox 1440 2459 1556 2494; x_wconf 82' lang='lat' dir='ltr'><strong>posse.</strong></span> <span class='ocrx_word' id='word_1_328' title='bbox 1602 2446 1703 2482; x_wconf 76' lang='lat' dir='ltr'><strong>Haec</strong></span> 
     </span>
     <span class='ocr_line' id='line_1_38' title="bbox 267 2502 856 2546; baseline 0.003 -13"><span class='ocrx_word' id='word_1_329' title='bbox 267 2511 333 2546; x_wconf 86' lang='lat' dir='ltr'><strong>per</strong></span> <span class='ocrx_word' id='word_1_330' title='bbox 358 2502 515 2545; x_wconf 82' lang='lat' dir='ltr'><strong>legatum</strong></span> <span class='ocrx_word' id='word_1_331' title='bbox 544 2502 653 2535; x_wconf 85' lang='lat' dir='ltr'><strong>etiam</strong></span> <span class='ocrx_word' id='word_1_332' title='bbox 679 2503 856 2535; x_wconf 77' lang='lat' dir='ltr'><strong>Ammius.</strong></span> 
     </span>
    </p>

    <p class='ocr_par' dir='ltr' id='par_1_9' title="bbox 264 2538 1702 2824">
     <span class='ocr_line' id='line_1_39' title="bbox 359 2538 1702 2592; baseline -0.009 -9"><span class='ocrx_word' id='word_1_333' title='bbox 359 2549 415 2583; x_wconf 84' lang='lat'><strong><em>65.</em></strong></span> <span class='ocrx_word' id='word_1_334' title='bbox 464 2550 654 2582; x_wconf 83' lang='lat' dir='ltr'><strong>Caeterum</strong></span> <span class='ocrx_word' id='word_1_335' title='bbox 678 2559 825 2592; x_wconf 86' lang='lat' dir='ltr'><strong>magnus</strong></span> <span class='ocrx_word' id='word_1_336' title='bbox 850 2547 924 2580; x_wconf 84' lang='lat' dir='ltr'><strong><em>dux</em></strong></span> <span class='ocrx_word' id='word_1_337' title='bbox 947 2545 1072 2579; x_wconf 87' lang='lat' dir='ltr'><strong>audita</strong></span> <span class='ocrx_word' id='word_1_338' title='bbox 1104 2544 1308 2588; x_wconf 81' lang='lat' dir='ltr'><strong>legatione,</strong></span> <span class='ocrx_word' id='word_1_339' title='bbox 1349 2542 1535 2576; x_wconf 87' lang='lat' dir='ltr'><strong>Salatinen</strong></span> <span class='ocrx_word' id='word_1_340' title='bbox 1560 2538 1702 2572; x_wconf 76' lang='lat' dir='ltr'><strong>Amurii</strong></span> 
     </span>
     <span class='ocr_line' id='line_1_40' title="bbox 269 2585 1701 2639; baseline -0.003 -15"><span class='ocrx_word' id='word_1_341' title='bbox 269 2593 425 2636; x_wconf 82' lang='lat' dir='ltr'><strong>legatum</strong></span> <span class='ocrx_word' id='word_1_342' title='bbox 451 2595 649 2628; x_wconf 83' lang='lat' dir='ltr'><strong>honorifice</strong></span> <span class='ocrx_word' id='word_1_343' title='bbox 674 2595 812 2639; x_wconf 74' lang='lat' dir='ltr'><strong>accepit</strong></span> <span class='ocrx_word' id='word_1_344' title='bbox 836 2594 1016 2637; x_wconf 88' lang='lat' dir='ltr'><strong>pauloque</strong></span> <span class='ocrx_word' id='word_1_345' title='bbox 1042 2596 1124 2638; x_wconf 86' lang='lat' dir='ltr'><strong>post</strong></span> <span class='ocrx_word' id='word_1_346' title='bbox 1149 2590 1322 2623; x_wconf 78' lang='lat' dir='ltr'><strong>donatum</strong></span> <span class='ocrx_word' id='word_1_347' title='bbox 1346 2587 1493 2622; x_wconf 79' lang='lat' dir='ltr'><strong>dimisit.</strong></span> <span class='ocrx_word' id='word_1_348' title='bbox 1555 2585 1701 2619; x_wconf 80' lang='lat' dir='ltr'><strong>Brulam</strong></span> 
     </span>
     <span class='ocr_line' id='line_1_41' title="bbox 265 2632 1695 2686; baseline -0.006 -15"><span class='ocrx_word' id='word_1_349' title='bbox 265 2644 385 2671; x_wconf 85' lang='lat' dir='ltr'><strong>mento</strong></span> <span class='ocrx_word' id='word_1_350' title='bbox 413 2645 449 2673; x_wconf 86' lang='lat' dir='ltr'><strong><em>et</em></strong></span> <span class='ocrx_word' id='word_1_351' title='bbox 475 2643 592 2686; x_wconf 83' lang='lat' dir='ltr'><strong>capite</strong></span> <span class='ocrx_word' id='word_1_352' title='bbox 620 2640 730 2679; x_wconf 75' lang='lat' dir='ltr'><strong>rasis,</strong></span> <span class='ocrx_word' id='word_1_353' title='bbox 758 2641 980 2685; x_wconf 80' lang='lat' dir='ltr'><strong>naribusque</strong></span> <span class='ocrx_word' id='word_1_354' title='bbox 1007 2644 1043 2672; x_wconf 85' lang='lat' dir='ltr'><strong><em>et</em></strong></span> <span class='ocrx_word' id='word_1_355' title='bbox 1070 2637 1171 2670; x_wconf 84' lang='lat' dir='ltr'><strong>tibiis</strong></span> <span class='ocrx_word' id='word_1_356' title='bbox 1198 2637 1412 2676; x_wconf 79' lang='lat' dir='ltr'><strong>confractis,</strong></span> <span class='ocrx_word' id='word_1_357' title='bbox 1440 2632 1592 2677; x_wconf 83' lang='lat' dir='ltr'><strong>fuligine</strong></span> <span class='ocrx_word' id='word_1_358' title='bbox 1627 2641 1695 2675; x_wconf 89' lang='lat' dir='ltr'><strong><em>op-</em></strong></span> 
     </span>
     <span class='ocr_line' id='line_1_42' title="bbox 264 2677 1700 2731; baseline -0.006 -14"><span class='ocrx_word' id='word_1_359' title='bbox 264 2686 364 2730; x_wconf 90' lang='lat' dir='ltr'><strong>pleta</strong></span> <span class='ocrx_word' id='word_1_360' title='bbox 389 2686 502 2727; x_wconf 88' lang='lat' dir='ltr'><strong>facie,</strong></span> <span class='ocrx_word' id='word_1_361' title='bbox 527 2688 577 2720; x_wconf 82' lang='lat' dir='ltr'><strong>sic</strong></span> <span class='ocrx_word' id='word_1_362' title='bbox 601 2692 826 2721; x_wconf 83' lang='lat' dir='ltr'><strong>cruentatum</strong></span> <span class='ocrx_word' id='word_1_363' title='bbox 851 2698 915 2731; x_wconf 90' lang='lat' dir='ltr'><strong>per</strong></span> <span class='ocrx_word' id='word_1_364' title='bbox 939 2686 1055 2719; x_wconf 85' lang='lat' dir='ltr'><strong>forum</strong></span> <span class='ocrx_word' id='word_1_365' title='bbox 1075 2683 1291 2716; x_wconf 83' lang='lat' dir='ltr'><strong>trahendum</strong></span> <span class='ocrx_word' id='word_1_366' title='bbox 1314 2681 1461 2716; x_wconf 74' lang='lat' dir='ltr'><strong>curavit,</strong></span> <span class='ocrx_word' id='word_1_367' title='bbox 1521 2677 1576 2712; x_wconf 75' lang='lat' dir='ltr'><strong><em>Ad</em></strong></span> <span class='ocrx_word' id='word_1_368' title='bbox 1601 2677 1700 2721; x_wconf 85' lang='lat' dir='ltr'><strong>lega-</strong></span> 
     </span>
     <span class='ocr_line' id='line_1_43' title="bbox 265 2722 1696 2778; baseline -0.006 -14"><span class='ocrx_word' id='word_1_369' title='bbox 265 2732 403 2765; x_wconf 75' lang='lat' dir='ltr'><strong>tionem</strong></span> <span class='ocrx_word' id='word_1_370' title='bbox 436 2738 556 2766; x_wconf 81' lang='lat' dir='ltr'><strong>autem</strong></span> <span class='ocrx_word' id='word_1_371' title='bbox 592 2733 643 2765; x_wconf 90' lang='lat' dir='ltr'><strong>sic</strong></span> <span class='ocrx_word' id='word_1_372' title='bbox 677 2732 878 2778; x_wconf 76' lang='lat' dir='ltr'><strong>respondit.</strong></span> <span class='ocrx_word' id='word_1_373' title='bbox 934 2731 1045 2765; x_wconf 81' lang='lat' dir='ltr'><strong>Dedit</strong></span> <span class='ocrx_word' id='word_1_374' title='bbox 1083 2729 1129 2762; x_wconf 83' lang='lat' dir='ltr'><strong>ad</strong></span> <span class='ocrx_word' id='word_1_375' title='bbox 1154 2730 1339 2763; x_wconf 79' lang='lat' dir='ltr'><strong>Amurium</strong></span> <span class='ocrx_word' id='word_1_376' title='bbox 1364 2729 1525 2766; x_wconf 80' lang='lat' dir='ltr'><strong>litteras,</strong></span> <span class='ocrx_word' id='word_1_377' title='bbox 1560 2722 1696 2769; x_wconf 76' lang='lat' dir='ltr'><strong>quibus</strong></span> 
     </span>
     <span class='ocr_line' id='line_1_44' title="bbox 265 2769 1697 2824; baseline -0.006 -13"><span class='ocrx_word' id='word_1_378' title='bbox 265 2778 409 2812; x_wconf 79' lang='lat' dir='ltr'><strong>acerbas</strong></span> <span class='ocrx_word' id='word_1_379' title='bbox 432 2779 471 2812; x_wconf 88' lang='lat' dir='ltr'><strong><em>in</em></strong></span> <span class='ocrx_word' id='word_1_380' title='bbox 497 2778 751 2824; x_wconf 82' lang='lat' dir='ltr'><strong>imperatorem</strong></span> <span class='ocrx_word' id='word_1_381' title='bbox 772 2779 1007 2814; x_wconf 83' lang='lat' dir='ltr'><strong>contumelias</strong></span> <span class='ocrx_word' id='word_1_382' title='bbox 1032 2776 1228 2813; x_wconf 83' lang='lat' dir='ltr'><strong>acervavit:</strong></span> <span class='ocrx_word' id='word_1_383' title='bbox 1253 2776 1370 2822; x_wconf 80' lang='lat' dir='ltr'><strong>ipsum</strong></span> <span class='ocrx_word' id='word_1_384' title='bbox 1402 2774 1540 2808; x_wconf 78' lang='lat' dir='ltr'><strong>Persam</strong></span> <span class='ocrx_word' id='word_1_385' title='bbox 1571 2769 1697 2804; x_wconf 72' lang='lat' dir='ltr'><strong>mode·</strong></span> 
     </span>
    </p>
   </div>
  </div>
 </body>
</html>
