1800 3132
256 182 368 238 358
795 198 1170 242 CANTACUZENJ

62 307 248 352 A.C.1343
263 303 456 356 ἀγγελίας
493 302 612 343 ἕνεκα
655 296 850 357 ἐπῄνεσεν
888 299 912 342 ὅ
950 299 1177 354 βασιλεύς·
1232 298 1363 349 αὐτὸς
1401 300 1450 342 δὲ
1489 298 1605 355 παρὰ
1634 299 1706 343 τὸν

254 366 428 418 ’.Αξειόν
467 364 602 409 ἐλθών
642 364 715 406 καί
743 362 996 421 πειρώμενος
1034 366 1291 419 διαβαίνειν,
1331 365 1383 406 οὕ
1424 371 1704 420 συνεχωρεῖτο

262 433 610 487 πλημμυροῦντος
651 433 732 472 τοῦ
768 435 958 486 ποταμοῦ
1004 434 1049 483 ἐξ
1088 426 1259 488 ὄμβρων
1292 429 1509 488 ρἀγδαίων
1549 429 1708 485 α’θρόον

260 498 603 551 κατενεχθέντων.
631 496 764 540 ἐδόκει
792 498 838 540 δὲ
866 495 1001 540 δεινὸν
1031 498 1088 554 τῷ
1115 500 1288 550 βασιλεῖ
1308 498 1380 538 καί
1406 498 1558 551 πολλῆς
1585 492 1702 547 ἄξιον

217 573 245 608 C
261 563 491 618 φροντίδος.
517 561 562 606 τό
569 578 627 615 ,τε
642 561 722 617 γὰρ
745 562 940 619 παριέναι
957 561 1029 606 τὸν
1044 560 1229 615 ποταμὸν
1245 561 1314 604 διὰ
1334 563 1410 616 τῆς
1427 559 1578 618 Κράλῃ
1599 560 1735 616 &my-5

258 628 360 670 κόου
393 628 554 685 ῥέοντα,
585 629 636 670 ου’
664 627 817 684 μικρὰν
848 635 1048 684 παρεῖχεν
1073 626 1274 681 ὑποψίαν,
1302 628 1461 670 ἐκείνου
1489 628 1711 676 δοκοῦντος

259 695 653 747 ἐκπεπολεμῶσθαι,
691 690 827 743 ἄλλως
863 709 907 736 τε
943 693 1018 735 καί
1052 695 1101 735 οὐ
1128 692 1319 750 μακρὰν,
1362 693 1449 734 ἀλλ’
1478 690 1599 747 ἐγγύς
1625 707 1708 733 που

258 758 363 814 μετὰ
394 761 594 815 στρατιᾶς
621 760 1051 814 ἐστρατοπεδευμένου
1069 776 1078 786 ·
1121 758 1195 800 καί
1218 757 1264 800 τὸ
1292 760 1432 811 μένειν
1459 759 1709 813 ἐστρατοπε-

261 824 507 878 δευμένους,
537 826 620 867 τῶν
647 822 810 868 ὑδάτων
833 827 1127 879 περιμένοντας
1149 820 1443 879 ἆμβλυνθῆναι
1461 821 1537 878 τὴν
1556 820 1709 876 ὄρμῆν,

260 890 312 931 οὐ
337 888 444 945 πρὸς
476 891 618 932 αὐτῶν
645 888 819 933 ἔσεσθαι
848 889 1105 932 ὗπώπτευεν.
1161 891 1318 933 ἐδεδίει
1343 888 1437 943 γὰρ,
1465 886 1539 943 μή,
1568 883 1767 941 ὥσπεριοι

259 951 312 1010 ἦν
339 954 464 1009 εἰκὸς,
495 957 578 996 τῶν
601 970 649 997 τε
681 956 727 996 ἐκ
756 951 924 1011 Θρᾴκης
951 954 1023 997 καί
1050 956 1321 1003 Μακεδονίας
1348 951 1523 1006 ἱππέων,
1553 955 1709 995 πολλα-

260 1017 500 1064 πλασιόνων
529 1016 661 1063 ὄντων
688 1020 716 1074 ἢ
744 1014 805 1062 ὧν
834 1016 933 1074 ἦγεν
961 1019 1102 1073 αὐτὸς,
1131 1019 1205 1062 καί
1228 1022 1309 1062 τῶν
1336 1022 1382 1061 ἐκ
1407 1020 1487 1061 τῶν
1506 1018 1717 1073 τριηρέων·

266 1085 450 1128 ὁπλιτῶν
478 1085 552 1128 καί
578 1087 716 1139 ψιλῶν
744 1088 817 1128 καί
845 1088 1029 1142 Περσῶν
1057 1088 1142 1127 τῶν
1172 1083 1409 1139 συμμάχων
1436 1083 1717 1133 ἐπελθόντων,

267 1153 349 1205 οὐχ
394 1146 530 1193 οἷόστε
577 1147 606 1208 ᾖ
648 1150 884 1203 ἀμύνεσθαι
923 1152 970 1193 ἐκ
999 1148 1295 1205 παρατάξεως,
1323 1150 1459 1206 πολλῷ
1487 1151 1547 1205 τῷ
1572 1148 1713 1204 μέτρῳ

262 1217 611 1272 καταδεεστέρους
638 1211 767 1270 ἄγων.
821 1214 991 1269 συμβὰν
1019 1217 1066 1257 δέ
1092 1231 1133 1257 τι
1162 1218 1236 1257 καί
1253 1216 1394 1270 ἕτερον
1421 1215 1581 1267 μᾶλλον
1610 1209 1767 1254 §ao-15

265 1281 400 1337 ρύβει.
474 1281 581 1337 πρὸς
621 1280 703 1337 γάρ
752 1280 826 1337 την
876 1283 1048 1332 ’Agaroi
1091 1282 1269 1336 περαίαν
1303 1278 1480 1336 στρατιὰ
1523 1279 1716 1320 ἐλθοῦσα

219 1350 517 1403 ΒΤριβαλοῧν,
555 1350 786 1400 πέμποντες
823 1345 928 1401 πρὸς
958 1348 1154 1400 βασιλέα,
1202 1344 1307 1387 κατὰ
1349 1345 1598 1398 συμμαχίαν
1632 1345 1712 1396 μὲν

260 1412 448 1469 ἔφασκον
491 1409 608 1467 ἥκειν
644 1411 720 1466 τήν
749 1412 892 1463 αὐτοῦ,
922 1412 963 1453 εἰ
990 1412 1121 1453 δέοιτο
1146 1406 1289 1452 αὐτῶν
1318 1413 1391 1465 τῆς
1419 1411 1464 1451 ἐκ
1496 1409 1710 1450 Θεσσαλο-

257 1480 371 1533 νίκης
393 1481 591 1533 στρατιᾶς
613 1479 874 1532 ἐπιθεμένης.
933 1472 1043 1531 ἦσαν
1078 1477 1124 1517 δὲ
1146 1477 1269 1517 ου’δὲν
1288 1475 1516 1523 ἐννοοῦντες
1537 1474 1712 1526 δίκαιον,

259 1546 352 1585 ἄλλ’
382 1542 463 1585 εἴθ’
489 1542 572 1600 ὑπὸ
610 1539 764 1597 Κράλη
793 1541 934 1597 λάθρα
962 1543 1357 1598 προσπεμφθέντες,
1402 1538 1484 1582 εἴτε
1511 1540 1584 1582 καί
1613 1537 1766 1595 παρ’ἎΟ

259 1605 423 1649 ἑαυτῶν
469 1608 597 1650 αὐτοὶ
626 1610 700 1662 τῆς
735 1609 812 1649 τοῦ
849 1603 1049 1649 δεσπότου
1094 1605 1259 1661 γνώμης
1296 1606 1618 1661 στοχασάμενοι,
1651 1604 1709 1653 ὥς

259 1677 458 1725 πολεμεῖν
505 1672 609 1727 ἔγνω
638 1676 835 1726 βασιλεῖ’,
868 1671 1039 1727 γνώμην
1080 1667 1180 1727 ἧκον
1224 1665 1406 1726 ἔχοντες,
1454 1671 1511 1720 ὥς
1545 1671 1586 1713 εἰ
1626 1669 1712 1725 μά·-

259 1754 316 1793 χη
366 1741 632 1795 συναφθείη,
682 1735 1018 1794 προσθησόμενοι
1052 1743 1137 1787 τοῖς
1175 1736 1322 1792 ἔχουσι
1376 1737 1424 1779 τὸ
1469 1739 1591 1779 πλέον
1638 1739 1713 1778 καὶ

263 1802 362 1852 τούς
391 1806 679 1859 νενικημένους
707 1803 1023 1859 ὃιαρπάσοντες,
1054 1799 1154 1859 ὅπερ
1186 1805 1258 1846 καί
1281 1804 1442 1857 μᾶλλον
1469 1799 1601 1845 ἐδόκει
1627 1803 1712 1844 τῶν

262 1866 515 1911 δεινοτάτων
542 1873 734 1924 βασιλεῖ’,
781 1870 821 1912 εἰ
854 1871 956 1924 παρ’
991 1865 1122 1924 αὐτὴν
1148 1867 1224 1924 τὴν
1251 1868 1467 1924 συμβολήν
1487 1866 1766 1922 Ῥωμαιόιςα5

263 1995 444 2030 imbribus
480 2000 724 2041 restagnaret,
761 1997 954 2031 transitum
988 1996 1120 2030 frustra
1156 1996 1319 2030 tentavit.
1370 1995 1481 2041 Quod
1513 1995 1569 2029 illi
1603 2005 1708 2041 grave

263 2054 305 2076 ae
331 2043 524 2077 molestum
551 2044 693 2077 accidit.
743 2044 832 2078 Nam
856 2044 1055 2087 praeterire
1079 2043 1228 2076 fluvium
1251 2053 1316 2087 per
1343 2043 1566 2087 provinciam
1587 2043 1707 2077 cralis

263 2089 463 2130 labentem,
499 2101 574 2123 non
609 2090 787 2125 modicam
810 2089 1050 2133 suspicionem
1086 2089 1214 2129 dabat,
1254 2089 1358 2134 quasi
1384 2088 1537 2122 hostiles
1559 2088 1638 2121 cu'm
1663 2101 1707 2123 eo

264 2136 478 2169 inimicitias
510 2142 671 2179 gereret:
704 2137 915 2182 praesertim
949 2147 1030 2169 cum
1066 2137 1174 2169 etiam
1200 2145 1313 2179 prope
1337 2134 1473 2168 alicubi
1503 2140 1616 2169 castra
1641 2136 1711 2169 ha-

263 2181 392 2215 beret:
427 2187 465 2215 et
501 2180 654 2215 delitere
683 2184 723 2216 in
753 2183 944 2222 tentoriis,
977 2193 1093 2228 usque
1118 2181 1203 2214 dum
1226 2191 1343 2226 aquae
1368 2180 1634 2222 subsedissent,
1669 2181 1710 2215 id

263 2238 349 2262 vero
382 2239 428 2261 ne
463 2228 550 2272 ipsis
593 2227 765 2269 obesset,
802 2227 1004 2262 verebatur.
1060 2227 1228 2261 Timebat
1253 2229 1377 2269 enim,
1412 2239 1484 2267 ne,
1507 2227 1606 2272 quod
1631 2233 1710 2261 erat

263 2273 481 2318 probabile,
523 2285 603 2307 cum
637 2285 681 2307 ex
716 2275 870 2309 Thracia
916 2280 954 2309 et
982 2273 1199 2308 Macedonia
1246 2275 1428 2320 equitatus
1461 2275 1566 2318 longe
1596 2275 1711 2308 maior

266 2331 331 2353 suo
357 2327 394 2354 et
429 2332 474 2354 ex
506 2320 717 2354 triremibus
753 2322 867 2366 gravis
900 2331 941 2353 ac
972 2320 1062 2353 levis
1095 2324 1358 2354 armaturaert
1380 2321 1470 2355 socii
1498 2321 1624 2354 Persae
1646 2331 1709 2354 su-

264 2368 536 2410 pervenissent,
571 2366 649 2411 ipse
686 2371 825 2400 tantam
861 2366 1082 2411 paucitatem
1120 2366 1267 2399 adversa
1302 2367 1378 2400 acie
1414 2367 1488 2399 illis
1523 2376 1708 2412 opponere

265 2423 340 2445 non
379 2417 510 2458 posset.
579 2412 650 2445 Sed
685 2424 787 2447 casus
837 2413 986 2458 quidam
1027 2413 1120 2445 alius
1162 2413 1474 2457 perturbationem
1510 2413 1707 2457 graviorem

266 2459 399 2492 attulit.
446 2459 539 2491 Nam
563 2469 683 2492 versus
713 2460 921 2493 ulteriorem
946 2461 1063 2504 ripam
1091 2458 1338 2493 Triballorum
1362 2459 1488 2502 globus
1513 2469 1550 2492 se
1574 2459 1706 2500 ferens,

266 2504 313 2536 ad
338 2506 592 2548 imperatorem
623 2506 760 2541 mittit:
791 2505 887 2539 socia
914 2515 1011 2538 arma
1044 2505 1226 2548 spondet,
1260 2506 1290 2539 si
1316 2512 1439 2540 contra
1465 2505 1703 2540 Thessaloni-

267 2559 389 2583 censes
431 2551 661 2585 imminentes
697 2563 820 2586 eorum
855 2552 992 2585 auxilio
1024 2551 1195 2594 indigeat.
1265 2553 1376 2597 Atqui
1418 2551 1511 2585 nihil
1548 2561 1703 2596 aequum

268 2596 471 2640 cudebant3
508 2598 572 2631 sed
607 2600 681 2632 sive
718 2609 737 2630 a
776 2599 880 2632 Crale
916 2599 1005 2631 clam
1036 2597 1226 2637 submissi,
1273 2599 1349 2632 sive
1381 2609 1446 2643 per
1469 2609 1506 2630 se
1531 2597 1703 2642 despotae

268 2643 325 2675 sui
363 2649 519 2676 mentem
556 2646 802 2678 coniectantes
841 2644 997 2689 (bellum
1034 2644 1174 2678 scilicet
1207 2645 1415 2688 imperatori
1454 2643 1624 2689 cogitare)
1659 2655 1703 2677 eo

268 2689 390 2721 animo
415 2690 620 2730 veniebant,
647 2695 698 2732 ut,
729 2697 892 2725 conserta
916 2691 987 2723 iam
1012 2702 1147 2735 pugna,
1177 2691 1315 2724 victrici
1340 2691 1438 2735 parti
1466 2701 1503 2724 se
1528 2690 1703 2735 adiunge-

270 2740 351 2767 rent
374 2735 578 2780 victamque
604 2736 826 2781 diriperent:
855 2737 951 2781 quod
991 2737 1199 2781 imperatori
1234 2737 1469 2781 peracerbum
1498 2736 1702 2777 videbatur,

271 2779 302 2814 si
325 2781 362 2814 in
389 2781 467 2827 ipso
496 2783 691 2817 certamine
718 2783 762 2817 ad
787 2785 961 2818 Romanos
987 2783 1092 2817 simul
1118 2789 1153 2817 et
1179 2783 1361 2819 Triballos
1399 2784 1577 2830 utrimque
1617 2794 1702 2818 con-
