1820 3138
531 150 906 218 nl‘sTomARun'i
945 176 1017 216 m.
1045 174 1116 220 66.
1437 154 1552 230 409

118 276 291 334 παρῄνει
318 277 391 317 καί
416 271 594 326 ἔπειθε,
625 271 732 314 κατὰ
759 273 925 328 γνώμην
966 267 1062 315 ὄντα
1090 274 1164 315 καί
1186 274 1340 322 αὐτοῖς.
1394 274 1468 315 καί
1491 274 1641 331 τῷΔ.(ἶ.
1660 280 1743 326 ι343

115 341 300 398 σφετέρῳ
337 337 527 395 σατράπῃ
564 337 861 394 προσελθόντες
887 337 1065 394 Ἀμούρ,
1113 337 1307 394 περὶτῆς
1345 338 1551 381 ἐπανόδου
1562 343 1674 387 P.578

116 408 369 460 διελέγοντο,
396 402 533 459 ὥσπερ
563 403 646 445 ὑπὸ
675 402 1007 459 Μαυρομμάτου
1036 402 1342 460 ἐδιδάχθησαν.
1393 404 1550 461 Ἀμοῦρ

116 472 163 512 δὲ
190 472 333 525 πρῶτα
360 472 437 523 μὲν
464 471 733 525 ἐξεπέπληκτο
763 472 906 518 δειναῖς
935 469 1038 518 τούς
1067 468 1215 523 λόγους
1257 472 1333 511 καί
1357 468 1553 523 ἐθαύμα-

90 537 184 586 5ζεν
205 532 302 577 ὅθεν
341 537 402 585 εἰς
429 538 601 578 τοιαῦτα
628 538 911 591 προαχθεῖεν·
942 528 1084 577 ἔπειτα
1117 537 1324 592 ἐπεχείρει
1361 538 1551 590 πείθειν,

116 600 174 649 ὥς
218 601 311 642 δέον
349 599 414 642 ἔτι
453 603 690 655 περιμένειν
727 602 1051 656 ἐπικουροῦντας
1089 605 1265 655 βασιλεῖ’.
1321 603 1552 655 α’ναγκαίαν

114 663 193 721 γὰρ
230 662 340 708 εἶναι
367 664 442 720 τήν
472 666 613 708 αὕτῶν
653 668 916 722 παρουσίαν,
958 669 1120 708 πολλῶν
1159 667 1311 708 αὐτίκα
1347 667 1551 709 ἐπικεισο-

113 733 253 784 μένων
281 734 513 784 πολεμίων,
544 726 596 773 ἂν
625 732 748 774 advoc
776 728 1056 787 ἆναχωρῶσι,
1097 735 1280 786 μάλιστα
1309 733 1363 773 δι’
1392 731 1550 782 αὐτούς

114 791 406 850 ἆμυνομένων·
443 793 544 851 ἤνυε
581 798 627 838 δὲ
667 798 803 839 ου’δέν.
859 796 1026 853 ἔφασαν
1061 796 1141 852 γάρ
1175 797 1435 853 ἀναφανδὸν,
1467 795 1547 848 ὥς,

65 863 158 905 zoe?
192 860 250 917 μὴ
284 860 475 916 βούλοιτο
505 861 582 906 σύν
610 859 750 912 αὗτοῐς
779 862 965 912 κοῖκεῖνος
998 862 1140 905 οἴκαδε
1167 864 1429 919 ἀναχωρεῖν,
1458 864 1551 905 ἀλλ’

114 925 241 968 αὐτοὶ
266 925 370 982 πρὸς
396 927 634 980 Βυζάντιον
662 927 878 982 ἐλθόντες,
903 928 1082 986 (πίστεις
1107 928 1188 985 γὰρ
1218 933 1364 983 λαβεῖν
1391 931 1552 971 ἐκεῖθεν

112 994 193 1033 τοῦ
216 990 276 1046 μή
306 995 659 1050 ἐπιβουλευθῆναι
686 992 908 1036 ὖπάιῖτῶν
923 996 960 1050 ,’)
1000 993 1310 1050 περαιώσονται
1338 993 1443 1050 πρὸς
1468 998 1586 1038 Βι-Β

112 1058 289 1099 θυνίαν·
319 1053 411 1100 εἶτα
439 1058 508 1100 διὰ
531 1059 720 1116 Φρυγίας
748 1061 820 1102 καί
844 1062 1018 1110 Λυδίας
1046 1062 1265 1117 ἀφίξονται
1295 1061 1354 1110 εἷς
1380 1063 1550 1106 Ἰωνίαν.

112 1123 312 1177 ἐρομένου
335 1124 382 1165 δὲ
398 1124 543 1178 αὔτοῦ,
571 1125 653 1168 τίνι
677 1125 886 1181 χρώμενοι
913 1128 1138 1183 διαλλακτῇ
1162 1125 1238 1175 τὰς
1265 1124 1366 1182 πρὸς
1382 1128 1551 1178 Βυζαν-

63 1188 229 1237 ιότίους
256 1187 498 1243 ποιήσαιντο
527 1188 764 1245 συνθήκας,
805 1187 878 1233 οῦκ
915 1189 1080 1247 ἔφασαν
1105 1190 1336 1246 κατάδηλον
1362 1189 1550 1246 ποιήσειν

114 1251 379 1305 ὀμωμοκότες
412 1252 703 1309 ἀποκρύπτειν.
757 1257 830 1297 ἐπὶ
854 1258 1148 1302 πεντεκαίδεκα
1168 1258 1247 1310 μὲν
1274 1251 1351 1299 οὖν
1376 1257 1552 1312 ἡμέραις
1563 1261 1605 1297 V.
1615 1261 1683 1307 464

112 1317 136 1358 ὂ
169 1316 322 1372 Ἀμοὺρ
353 1325 440 1368 τοῖς
466 1322 658 1373 Πέρσαις
689 1323 893 1363 διετέλεσε
930 1319 1222 1376 διαλεγόμενος
1272 1323 1346 1364 καί
1388 1324 1551 1365 πείθειν

112 1383 336 1436 ἐπιχειρῶν
365 1382 422 1438 μή
460 1385 656 1439 ἀπαίρειν
683 1389 743 1435 εἰς
766 1386 930 1429 Ἀσίαν.
986 1386 1080 1428 ἐπεὶ
1111 1389 1158 1430 δὲ
1198 1385 1386 1442 ἀνήνυτα
1414 1388 1551 1430 πονῶν

113 1443 251 1501 ἑώρα,
280 1443 506 1501 ἀπήγγελλε
542 1450 676 1493 πάντα
703 1454 874 1504 βασιλεῖ
903 1450 1011 1503 μετιὲ
1056 1455 1209 1507 πολλῆς
1247 1453 1320 1507 τῆς
1362 1449 1551 1506 ἀθυμίας

61 1512 187 1566 ἳοκαί
229 1509 488 1567 ἐμαρτύρετο
527 1513 651 1567 θεὸν,
698 1516 755 1564 ὥς
795 1515 920 1564 αὐτὸς
949 1518 1028 1569 μὲν
1061 1516 1231 1574 τοιαύτῃ
1267 1516 1409 1574 γνώμῃ
1442 1517 1548 1572 πρὸς

112 1575 245 1619 αὐτόν
273 1577 494 1634 ἀφίκοιτο,
539 1579 597 1628 ὥς
628 1576 745 1636 aziz-qi
784 1582 1099 1637 συνδιατρίψων
1131 1579 1256 1638 ἄχρις
1293 1580 1346 1624 ἄν
1383 1599 1424 1624 τι
1462 1584 1539 1624 τοῦ

112 1645 207 1685 νυνί
231 1644 412 1696 πολέμου
441 1643 573 1701 πέρας
599 1647 783 1698 γένοιτο,
823 1647 896 1688 καί
924 1646 981 1694 ὥς
1011 1645 1192 1696 ἐκείνους
1220 1648 1420 1696 ἐκλέξοιτο
1447 1663 1551 1690 συν-

111 1712 219 1750 εῖναι
247 1703 307 1757 οἷς
346 1709 531 1762 μάλιστα
560 1708 762 1767 ἐθάρῥει,
803 1707 871 1753 ὅτι
914 1715 1048 1754 πάντα
1077 1712 1266 1755 κίνδυνον
1293 1713 1585 1769 ὖποστήσον-(Ξ

207 1826 261 1863 13.
286 1826 434 1871 Καρίας
459 1826 494 1859 Ρ.
520 1831 557 1860 et
582 1827 628 1860 Μ.
652 1838 719 1873 mg.
735 1851 745 1869 ‚
769 1831 888 1861 textus
923 1825 1079 1865 Λυδίας.

109 1914 207 1938 mare
231 1905 488 1941 transmittant.
512 1904 567 1938 Ad
589 1905 678 1939 hacc
693 1907 839 1953 gratiam
859 1906 931 1940 illis
951 1906 1118 1940 habitum
1146 1911 1182 1940 et
1200 1908 1389 1952 pecuniam
1408 1912 1545 1953 quanto

111 1961 201 1995 opus
235 1952 282 1984 sit
317 1952 589 1996 suppeditatum
615 1954 680 1988 iri.
743 1954 789 1985 Hi
830 1958 934 1986 erant
963 1953 1127 1987 hortatus
1153 1954 1448 1995 Maur-ommam,
1476 1955 1542 2001 qui

109 2007 178 2029 nec
212 1998 325 2030 Persis
362 1997 615 2043 displicebant.
676 1998 731 2032 Ad
768 2005 945 2043 satrapam
981 2000 1090 2044 igitur
1121 2011 1224 2032 suum
1250 2000 1409 2040 adeunt,
1434 2011 1546 2046 super

111 2043 230 2076 reditu
257 2044 663 2090 suo,rquemadmodum
689 2056 708 2077 a
733 2046 992 2078 Mam-ommate
1019 2045 1138 2079 edocti
1162 2046 1330 2087 fuerant,
1353 2046 1462 2080 verba
1486 2048 1546 2081 fa-

112 2090 226 2127 ciunt,
280 2090 449 2124 Amurius
481 2092 662 2136 principio
696 2102 738 2124 eo
777 2103 940 2125 sermone
975 2092 1207 2125 vehementer
1228 2092 1483 2137 obstupescere
1507 2099 1546 2127 et

110 2136 259 2176 mirari,
299 2138 363 2182 qui
399 2137 470 2170 ista
494 2148 555 2171 eos
583 2139 754 2182 cogitatio
780 2138 963 2175 subiisset.
1010 2138 1152 2171 Deinde
1178 2139 1289 2179 eniti,
1318 2145 1360 2173 ut
1387 2140 1472 2173 illos
1497 2140 1545 2173 ad

110 2182 364 2226 imperatorem
390 2194 497 2226 porro
527 2184 768 2219 adiuvandum
797 2187 989 2219 retineret:
1014 2185 1250 2218 necessariam
1287 2186 1383 2218 enim
1417 2197 1543 2219 eorum

111 2239 189 2261 esse
222 2230 484 2274 praesentiam,
514 2233 577 2278 qui
613 2232 642 2263 si
673 2232 908 2271 recesserint,
939 2242 1006 2276 per
1028 2242 1117 2277 quos
1145 2232 1339 2277 praecipue
1363 2232 1543 2266 defende-

111 2280 233 2315 retur,
271 2275 391 2310 hostes
421 2287 505 2310 mox
536 2276 724 2311 confertim
761 2279 936 2323 impetum
966 2278 1004 2311 in
1034 2289 1113 2310 eum
1139 2279 1307 2311 facturos.
1375 2277 1446 2311 Sed
1469 2279 1540 2313 hoc

112 2325 191 2354 erat
220 2320 370 2355 nebulas
404 2321 651 2366 diverberare3
687 2324 806 2368 palam
838 2334 994 2369 namque
1035 2324 1319 2367 profitebantur,
1359 2325 1429 2358 nisi
1462 2336 1544 2359 cum

111 2367 200 2411 ipsis
223 2369 376 2411 patriam
402 2375 603 2412 repeteret,
629 2382 666 2403 se
697 2371 902 2414 Byzantium
927 2371 1120 2415 profectOS‚
1147 2370 1260 2412 (unde
1285 2371 1354 2402 iam
1383 2372 1546 2417 accepis—

111 2418 193 2446 sent
218 2414 324 2447 fidem
349 2415 626 2462 publicam‚quo
651 2420 764 2451 securi
787 2420 934 2459 essent,)
949 2416 1033 2450 inde
1059 2416 1096 2449 in
1124 2416 1324 2459 Bithyniam
1349 2418 1544 2459 soluturos,

110 2465 195 2504 post
220 2470 285 2504 per
298 2460 483 2503 Phrygiam
507 2467 545 2494 et
567 2462 715 2506 Lydiam
745 2464 783 2496 in
808 2464 944 2496 Ioniam
971 2469 1148 2495 venturos.
1198 2463 1424 2507 Interrogati,
1449 2477 1543 2510 quo-

111 2517 195 2538 nam
233 2508 290 2539 usi
323 2507 458 2541 arbitro
490 2519 551 2541 seu
575 2511 804 2553 pacificatore
830 2521 908 2542 cum
938 2509 1117 2552 Byzantiis
1142 2508 1268 2542 foedus
1304 2510 1540 2554 pepigissent,

113 2553 192 2585 eius
218 2563 350 2586 nomen
375 2564 413 2586 se
438 2553 596 2589 edituros
629 2561 862 2599 negaverunt,
889 2555 1032 2601 quaudo
1060 2555 1091 2586 ei
1121 2555 1304 2588 silentium
1333 2559 1543 2594 iuraverint.

112 2598 170 2631 Ad
207 2600 410 2644 quindenos
444 2602 590 2635 omnino
616 2602 692 2635 dies
718 2603 885 2635 Amurius
908 2613 987 2634 cnm
1013 2602 1125 2634 Persis
1153 2601 1380 2636 continenter
1402 2603 1541 2648 agendo

114 2644 408 2691 laborandoque,
435 2656 480 2678 ne
505 2647 544 2679 in
574 2648 692 2681 Asiam
718 2650 937 2693 cogitarent,
960 2647 1190 2690 consumpsit.
1238 2648 1306 2681 Ubi
1331 2659 1368 2682 se
1392 2650 1543 2683 mortuis

117 2693 367 2725 concionatum
392 2691 503 2732 vidit,
527 2704 700 2740 perquam
724 2694 837 2727 tristis
860 2693 1067 2736 imperatori
1093 2694 1211 2727 omnia
1236 2696 1414 2739 exposuit,
1427 2697 1542 2729 Deum

117 2742 289 2778 testatur,
324 2748 360 2771 se
395 2737 539 2783 quidem
573 2741 618 2774 ad
655 2742 773 2784 ipsum
809 2752 851 2774 eo
888 2750 994 2783 scopo
1038 2741 1197 2782 venisse,
1227 2746 1268 2774 ut
1298 2747 1380 2775 ante
1406 2743 1543 2775 exitum

117 2781 206 2817 belli
230 2784 338 2819 huius
372 2783 418 2817 ab
446 2795 487 2819 eo
520 2796 594 2820 non
622 2787 843 2827 discederet,
873 2791 909 2820 et
934 2795 993 2819 eos
1017 2786 1210 2831 delegisse,
1234 2798 1325 2833 quos
1353 2790 1391 2822 in
1415 2789 1541 2833 primis
