1800 3146
514 184 889 228 HISTORIARUM
930 187 1002 226 111.
1031 187 1099 234 76.
1417 166 1486 239 47
1498 184 1525 239 7

97 306 170 346 νης
208 288 338 338 εὖθύς
377 284 535 343 ἧμὲρας
565 287 744 341 α’ριστᾷν
790 287 864 327 καί
895 282 1004 327 οὕτω
1032 286 1309 342 διημερεύειν.
1366 286 1406 328 οἱ
1431 287 1726 341 mylae-1343

101 355 231 398 av‘tdv
271 355 318 396 δὲ
357 351 457 394 κατὰ
498 350 544 393 τὸ
590 350 687 400 ἔθος
724 350 1022 405 ἀναγκάζοντες
1048 357 1206 405 ποιεῖν,
1236 354 1310 394 οὐκ
1334 347 1536 407 ἦθέλησε,

102 423 271 463 δεῖσθαι
307 421 385 472 μὲν
410 419 569 474 τροφῆς
594 415 743 470 εἰπών,
794 417 1030 472 α’ναχωρεῖν
1059 418 1106 459 δὲ
1132 416 1373 472 ἐπείγεσθαι
1405 414 1539 466 οὕτως

101 483 356 539 αὐτομάτως·
414 483 565 526 αὐτίκα
594 498 638 524 τε
667 484 873 537 ἐπέβησαν
900 485 981 525 τῶν
1007 485 1165 536 ἵππων,
1197 483 1469 532 κελεύσαντος
1495 484 1540 525 ε’-

76 550 255 604 Εκείνου,
283 548 357 591 καὶ
381 549 485 605 πρὸς
514 547 661 602 ἑτέραν
690 549 887 604 πολίχνην
914 549 963 590 οὖ
991 549 1095 592 πολύ
1123 551 1347 603 διέχουσαν
1367 552 1540 604 Μυριο-

100 615 254 674 φύτου,
282 616 441 672 Χώραν
468 617 895 671 προσαγορευομένην,
919 611 1065 670 ἦλθον,
1093 613 1158 657 ἔτι
1192 614 1319 671 μήπω
1348 631 1541 671 προσχω-

96 683 303 739 ρήσασαν.
351 683 522 735 πέμψας
548 697 592 723 τε
621 680 643 722 ὅ
669 678 868 734 βασιλεὺς
909 681 1192 737 προσηγόρευε
1229 679 1327 731 τούς
1369 682 1541 729 πολίτας

97 748 170 790 καὶ
213 746 388 804 παρῄνει
426 752 700 802 προσχωρεῖν.
780 745 821 788 οἱ
860 748 903 788 δ’
944 748 1038 789 ἀντὶ
1073 747 1353 803 προσηγορίας
1403 748 1540 796 κακῶς

98 810 213 868 ἥκειν
249 812 414 868 ἔφασαν
444 813 592 854 αὐτόν.
662 808 819 862 αὗτούς
859 813 907 855 δὲ
935 815 1191 865 α’μυνεῖσθαι
1219 811 1538 870 προθυμότατα,

55 874 156 925 mdiv
175 880 268 935 ἐπίῃ
279 912 291 931 ,
314 875 399 919 dno*
428 879 510 919 τῶν
535 880 694 932 τειχῶν.
749 881 824 920 τοῦ
843 881 1175 934 πρεσβευομένου
1198 881 1244 921 δὲ
1264 881 1571 934 κατηγοροῦν-Β

99 960 184 998 τος,
211 940 273 988 ὅτι
299 940 484 998 ἀνοήτως
511 942 585 985 καὶ
612 945 806 998 θρασέως
834 940 1118 999 οἷποκρίνοιντο
1146 949 1318 999 βασιλεῖ
1332 960 1539 1000 προσαγο-

101 1008 281 1067 ρεύοντι,
296 1013 436 1064 ἕτερον
451 1007 615 1066 ἔφασαν
631 1011 781 1051 ἐκεῖνοι
796 1011 973 1063 βασιλέα
989 1008 1116 1064 ἔχειν,
1140 1009 1271 1052 αὕτὸν
1292 1013 1337 1053 δὲ
1355 1014 1401 1054 ἑν
1417 1011 1539 1052 οὐδέ-

99 1093 183 1119 νων
203 1071 319 1130 ἄγειν
331 1074 488 1132 μοίρᾳ,
519 1074 593 1117 καί
622 1074 762 1131 ὕβρεις
795 1074 945 1117 αὐτίκα
975 1078 1175 1130 κατέχεον
1209 1073 1346 1119 αὖτοῦ
1370 1075 1539 1127 πολλάς.

98 1140 162 1186 ἔτι
191 1144 237 1184 δὲ
261 1140 361 1194 περὶ
382 1139 458 1190 τὰς
480 1138 623 1197 ὕβρεις
643 1143 809 1183 ἐκείνων
837 1135 974 1194 ὄντων,
1001 1141 1174 1195 σεισμὸς
1191 1141 1344 1197 ἐγίνετο
1360 1145 1541 1194 ἐξαίσιος

50 1204 199 1262 ιὸοἷος,
223 1208 293 1250 καὶ
307 1205 358 1249 τα’
381 1223 424 1249 τε
442 1206 560 1261 τείχη
578 1208 797 1248 κατέπιπτε
810 1210 882 1261 τῆς
898 1206 1057 1256 πόλεως
1075 1210 1148 1249 καί
1164 1209 1246 1250 τῶν
1274 1209 1413 1250 οἰκιῶν
1431 1208 1538 1263 ὑπὲρ

99 1274 177 1324 τὰς
205 1273 281 1316 δύο
299 1274 463 1329 μοίρας,
496 1275 569 1314 καιΙ
586 1270 913 1328 κατεχώσθησαν
930 1270 1014 1314 ὖπό
1034 1289 1078 1314 τε
1094 1274 1175 1316 τῶν
1203 1276 1354 1327 τειχῶν
1370 1274 1444 1316 καί
1458 1277 1542 1316 τῶν

101 1342 240 1384 οἰκιῶν
267 1338 371 1394 ὖπὲρ
398 1338 672 1394 τριακοσίους.
726 1336 819 1380 ὅσοι
847 1341 894 1380 δὲ
925 1339 1124 1395 διέφυγον
1142 1337 1211 1382 τὸν
1230 1340 1435 1392 κίνδυνον,
1460 1342 1540 1392 βα·-

100 1410 215 1449 σιλεῖ
235 1406 527 1460 προσέδραμον
555 1401 790 1454 ἐξελθόντες
799 1438 811 1456 ,
856 1406 930 1446 καί
954 1406 1117 1446 ἐδέοντο
1141 1404 1201 1459 μὴ
1232 1407 1345 1461 σφᾶς
1376 1404 1447 1447 καί
1474 1406 1541 1447 τέ·-

101 1489 177 1514 κνα
205 1472 407 1525 περιιδεῖν
433 1467 515 1510 ὑπὸ
544 1470 628 1510 τῶν
655 1470 882 1524 βαρβάρων
909 1466 1324 1525 ἆνδραποδισθέντας
1342 1466 1406 1513 ἄν.
1463 1473 1576 1526 τῆςο

45 1539 227 1592 ςοαῦτῆς
253 1539 300 1578 δὲ
330 1534 444 1591 ὧρας
469 1534 552 1576 ὑπὸ
581 1537 658 1576 τοῦ
684 1537 863 1587 σεισμοῦ
892 1536 1050 1577 ἐκείνου
1087 1535 1160 1578 καί
1187 1534 1211 1590 ἦ
1242 1537 1375 1589 οἰκία,
1403 1538 1462 1586 εἷς
1489 1534 1539 1590 ἢν

98 1604 298 1660 ηὐλίσατο
324 1600 346 1642 ὅ
374 1598 575 1654 βασιλεὺς
608 1598 683 1655 τήν
711 1599 860 1654 νύκτα,
887 1602 1112 1642 κατέπεσεν
1145 1602 1191 1643 ἐκ
1217 1603 1438 1654 θεμελίων,
1468 1601 1542 1642 καὶ

98 1668 126 1726 ἦ
159 1671 258 1723 περί
282 1670 458 1721 βασιλέα
487 1668 562 1708 τοῦ
590 1669 696 1708 θεοῦ
723 1665 898 1722 πρόνοια
927 1667 1084 1720 ἐγίνετο
1111 1668 1373 1722 καταφανὴς,
1405 1663 1540 1716 οὕτως

99 1737 146 1778 ἐκ
164 1731 373 1791 προδήλου
404 1729 599 1774 κινδύνου
632 1728 884 1787 ῥυσαμένου.
940 1733 980 1774 εἰ
1003 1729 1097 1788 γάρ,
1132 1730 1270 1788 (ὅσπερ
1292 1732 1329 1774 οἱ
1348 1733 1539 1787 περι“αυ’-

97 1864 153 1894 tes
187 1855 433 1903 pranderent,
466 1860 544 1888 tota
582 1854 736 1888 Thracia
772 1855 810 1886 in
846 1855 1081 1888 solitudinem
1116 1859 1261 1901 praeter
1292 1856 1399 1890 urbes
1438 1857 1536 1890 bello

98 1904 270 1948 redacta‚)
305 1914 389 1936 mox
412 1902 491 1946 ipso
518 1901 678 1934 diluculo
705 1900 881 1946 prandere
905 1907 942 1935 et
965 1902 1016 1934 sic
1044 1901 1140 1935 diem
1168 1902 1364 1936 traducere.
1413 1904 1538 1937 Comi·

97 1953 197 1987 tibus
221 1951 342 1995 itaque
397 1949 443 1982 ad
481 1948 740 1981 observandam
781 1948 1080 1982 consuetudinem
1122 1949 1420 1993 impellentibus,
1465 1963 1538 1984 non

98 1999 237 2045 paruit,
272 1996 355 2030 cibo
378 2006 416 2028 se
447 1995 594 2042 quidem
630 1995 792 2038 indigere
832 1994 1033 2035 affirmans,
1067 2007 1087 2027 a
1118 1996 1310 2040 semetipso
1347 2004 1467 2030 autem
1492 1996 1539 2029 ad

98 2045 292 2080 discessum
321 2043 456 2086 urgeri:
494 2043 687 2086 statimque
716 2043 805 2075 iussi
826 2052 939 2087 equos
966 2042 1254 2075 conscenderunt
1288 2047 1324 2076 et
1361 2043 1407 2076 ad
1430 2044 1540 2087 oppi*

99 2084 226 2126 ‹lu'lum
259 2090 378 2129 aliud,
422 2089 576 2123 choram
613 2089 770 2129 dictum,
811 2087 1042 2133 Myriophyto
1077 2099 1151 2122 non
1188 2089 1316 2132 procul
1350 2095 1539 2131 remotum,

99 2138 199 2185 quod
227 2136 391 2169 nondum
418 2146 456 2168 se
482 2135 672 2169 dediderat
688 2161 696 2175 ,
722 2139 906 2168 venerunt.
957 2137 1155 2180 Imperator
1179 2145 1244 2180 per
1267 2136 1540 2170 caduceatorem

97 2186 192 2220 cives
216 2183 351 2217 salutat
376 2193 508 2229 eosque
533 2181 579 2216 ad
602 2181 827 2215 deditionem
850 2180 1026 2215 hortatur.
1076 2182 1136 2214 Illi
1160 2192 1225 2226 pro
1252 2193 1315 2222 eo,
1339 2189 1380 2216 ut
1402 2184 1539 2217 resalu-

98 2236 240 2271 tarent‚
264 2229 360 2262 malo
384 2228 460 2262 fato
486 2230 604 2273 ipsum
631 2228 819 2262 advenisse
844 2229 966 2262 aiunt:
993 2229 1024 2262 si
1049 2238 1110 2261 eos
1137 2233 1344 2272 oppugnet,
1378 2240 1399 2263 a
1426 2230 1538 2264 muris

98 2277 345 2323 impigerrime
381 2286 419 2310 se
451 2276 674 2310 defensuros,
731 2275 970 2309 Caduceatori
1000 2286 1061 2309 eos
1098 2274 1407 2318 reprehendenti,
1439 2275 1540 2323 quod

97 2323 349 2371 imprudenter
388 2326 496 2368 atque
530 2321 754 2356 confidenter
796 2322 1005 2366 imperatori
1049 2321 1221 2354 salutanti
1266 2321 1539 2366 responderent,

98 2372 213 2405 alium
256 2381 294 2403 se
328 2368 463 2403 habere
498 2370 749 2414 imperatorem
786 2368 982 2414 inquiunt,
1025 2367 1314 2402 Cantacuzenum
1346 2370 1448 2402 nullo
1471 2370 1538 2407 *lo-

99 2430 141 2453 co
175 2418 324 2452 ducere:
357 2426 515 2461 moxque
552 2416 790 2449 contumelias
827 2416 865 2448 in
901 2415 1004 2448 illum
1037 2415 1270 2458 ingeminant
1323 2415 1421 2461 Quas
1457 2427 1539 2450 eum

98 2463 219 2498 adhuc
259 2460 478 2503 funderent,
518 2467 613 2496 terra
653 2463 776 2496 tremit
816 2461 1063 2495 horribiliter:
1097 2472 1170 2506 quo
1202 2466 1357 2496 tremore
1394 2462 1538 2497 moenia

99 2510 230 2557 oppidi
277 2508 570 2554 procubuerunt,
616 2507 877 2554 domorumque
923 2508 1078 2554 amplius
1114 2507 1207 2542 duae
1242 2513 1360 2554 partes
1405 2515 1443 2543 et
1479 2521 1540 2544 se-

101 2557 197 2604 pulti
233 2558 339 2591 ruina
373 2556 518 2589 aedium
555 2566 597 2589 ae
629 2556 813 2589 moenium
856 2555 978 2599 plures
1017 2555 1197 2588 trecentis.
1254 2555 1329 2602 Qui
1360 2556 1449 2589 salvi
1481 2566 1539 2590 re-

99 2603 266 2643 stabant,
319 2608 420 2636 extra
462 2602 635 2646 oppidum
679 2611 864 2636 accurrere
898 2601 1165 2645 obtestarique,
1209 2612 1256 2636 ne
1296 2613 1334 2636 se
1382 2613 1461 2636 cum
1493 2602 1541 2636 li-

101 2649 200 2684 heris
237 2651 275 2684 in
307 2650 516 2683 servitutem
549 2659 570 2681 a
607 2648 769 2682 barbaris
800 2647 1035 2691 abripiendos
1071 2647 1223 2682 deserat.
1281 2647 1413 2682 Eadem
1438 2649 1541 2690 hora,

102 2697 231 2729 eodem
263 2700 379 2729 terrae
418 2699 519 2728 motu
558 2694 685 2735 aedes»,
723 2696 762 2728 in
796 2692 930 2739 quibus
962 2698 1215 2738 pernoctarat,
1249 2705 1270 2729 a
1294 2695 1539 2729 fundamentis

100 2747 336 2781 eon-uerunt,
372 2741 568 2787 divinaque
600 2741 830 2785 providentia
881 2741 974 2773 circa
1009 2741 1261 2784 imperatorem
1286 2742 1422 2782 eluxit,
1448 2752 1541 2787 quae

101 2794 199 2824 certo
222 2788 384 2837 periculo
409 2788 528 2834 ipsum
551 2787 731 2824 uberavit.
798 2786 838 2821 Si
866 2786 965 2821 enim
988 2787 1136 2822 comites
1163 2787 1349 2823 hortantes
1375 2788 1541 2829 audiens,
