1800 3132
526 183 905 227 HISTORlARUM
946 188 1018 227 ιιι.
1044 193 1112 232 11.
1465 166 1543 242 -75

94 284 279 338 πόλεων,
313 286 363 328 αἳ
386 283 559 340 ὖπήκοοι
601 284 808 335 Λατίνοις
843 278 972 340 ἦσαν,
1011 285 1328 341 ἀπεσταλμένοι.
1380 287 1408 344 ἦ
1443 295 1726 344 πρε-Δ.0.ι34ι

93 355 215 406 σβεία
244 354 289 394 δὲ
317 347 392 407 ἦν·
445 349 526 393 ὑπὸ
555 352 732 404 βασιλέα
760 352 958 405 γενέσθαι
981 351 1141 404 πάντας
1169 355 1241 396 ἐπὶ
1265 355 1323 412 τῷ
1351 357 1435 397 τῶν
1462 355 1577 408 μὲνΒ

93 418 273 470 πόλεων,
303 414 355 468 ἃς
381 418 655 471 κατέχουσιν,
687 410 816 466 αὖθις
843 413 1002 467 αὖτοὺς
1044 418 1329 474 ἡγεμονεύειν,
1387 419 1544 478 φόρους

94 486 142 528 δὲ
170 482 269 534 τούς
297 484 528 538 δημοσίους
555 481 736 536 πάντας,
771 482 846 532 οὒς
873 486 1063 538 πρίγγιπι
1091 487 1350 541 παρέχουσι,
1379 485 1545 529 διδόναι

67 553 266 604 δβασιλεῑ·
294 551 368 592 καί
405 552 546 592 πᾶσαν
587 544 718 604 ἄλλην
756 550 1074 594 ἐπιδείκνυσθαι
1114 553 1186 593 καί
1212 554 1445 608 θεραπείαν
1472 551 1547 596 καὶ

91 617 300 670 δουλείαν,
328 615 401 657 καί
437 613 665 672 στρατηγὸν
697 619 744 659 ἐκ
779 618 986 669 βασιλέως
1012 615 1145 671 ἔχειν,
1189 617 1267 674 ’ὑφ’
1296 613 1329 676 ᾧ
1350 620 1544 661 τελέσου-

89 698 159 723 σιν
196 679 352 731 ἑκόντες
378 679 544 731 πάντες.
599 684 627 738 ἦ
654 684 734 736 μὲν
763 677 838 725 οὖν
864 686 947 725 τῶν
974 685 1021 725 ἐκ
1049 682 1378 739 Πελοποννήσου
1406 687 1544 727 Λατί-

90 763 174 790 νων
200 748 401 802 πρεσβεία
427 747 599 803 τοιαύτη
619 744 685 803 ἦν.
746 748 976 804 γράμματα
1006 751 1053 790 δὲ
1080 748 1154 791 καί
1179 748 1285 806 πρὸς
1312 748 1384 792 τὸν
1409 751 1543 805 μέγαν

91 813 334 865 δομέστικον
373 814 669 870 πεπόμφασιν,
709 813 738 855 ἃ
764 813 916 869 ἐδήλου
942 817 1104 856 τοιάδε·
1161 815 1219 864 ὥς
1246 814 1396 864 πάντες
1423 815 1546 860 aizoi

37 875 174 941 ῃοᾶπὸ
201 879 491 937 συνθήματος,
521 879 583 923 ἔτι
611 878 825 936 περιόντος
860 883 1080 934 βασιλέως,
1109 880 1410 935 βουλεύσαιντο
1439 882 1541 924 ἄπο-

92 948 264 998 στάντες
299 949 518 1004 πρίγγιπος
546 948 687 1005 ἐκείνῳ
715 953 976 1002 προσχωρεῖν
1002 946 1075 989 καί
1101 942 1182 1002 ἤδη
1211 949 1257 990 ἐν
1284 947 1540 1003 ἐπιχειρήσει

90 1009 200 1069 ἦσαν
226 1016 304 1056 τοῦ
330 1012 525 1069 πράττειν
550 1012 603 1055 τὰ
640 1015 967 1067 βεβουλευμένα.
1025 1015 1121 1055 ἐπεὶ
1150 1015 1197 1055 δὲ
1223 1016 1402 1066 βασιλέα
1431 1026 1579 1059 τετε-ο

91 1079 319 1135 λευτηκότα
347 1077 569 1132 πύθοιντο,
600 1080 860 1133 α’πογνόντας
885 1077 959 1134 τήν
986 1080 1260 1135 ἐπιχείρησιν,
1291 1074 1420 1128 αὖθις
1443 1081 1542 1135 ἤρε-

91 1151 200 1198 μεΐν.
254 1145 464 1200 Παγάνου
491 1147 539 1188 δὲ
565 1142 861 1199 Ντεπιστόγια,
892 1143 1106 1200 συνήθους
1134 1145 1279 1193 αῠτοῖς
1307 1146 1351 1193 ἐς
1380 1144 1430 1187 τὰ
1458 1145 1541 1198 μοί-

40 1214 209 1255 mmo-ta
237 1211 311 1254 καί
337 1214 485 1268 φίλου,
526 1210 649 1269 ὀλίγῳ
690 1210 892 1266 πρότερον
930 1213 976 1252 ἐκ
1014 1212 1256 1261 Βυζαντίου
1284 1211 1541 1267 ἀφιγμένου,

87 1276 161 1319 καί
196 1279 280 1319 τῶν
317 1277 576 1333 πραγμάτων
613 1279 754 1319 πᾶσαν
793 1277 872 1331 τὴν
913 1275 1053 1332 ἀρχὴν
1090 1279 1164 1318 καί
1199 1275 1273 1331 τήν
1317 1275 1542 1332 ἡγεμονίαν

86 1342 170 1384 ὑπὸ
187 1346 235 1385 σὲ
256 1344 580 1398 α’παγγείλαντος
599 1348 743 1396 τελεῖν,
773 1339 903 1391 αὖθις
922 1339 1204 1392 συνελθόντας
1222 1341 1380 1392 πάντας
1407 1341 1516 1398 ἡμᾶς
1527 1377 1540 1396 ,

86 1408 139 1451 τὰ
159 1410 384 1463 δεδογμένα
402 1407 604 1465 πρότερον
622 1411 983 1464 ἐπιψηφίσασθαι,
1015 1409 1066 1450 ου’
1081 1408 1206 1461 μόνον
1224 1407 1292 1450 διὰ
1316 1407 1393 1463 την
1424 1405 1542 1463 εὐγέ-

87 1491 201 1517 νειαν
217 1477 300 1516 τῶν
313 1473 478 1530 τρόπων
493 1475 566 1517 καί
578 1475 622 1517 τὸ
639 1474 851 1518 δύνασθαι
866 1477 1020 1529 αὐτοῖς,
1033 1469 1087 1517 ἄν
1100 1491 1209 1524 τινες
1223 1472 1408 1530 ἐπίωσιν,
1427 1474 1541 1529 ἀμύ-

35 1557 199 1594 ᾳονειν,
239 1542 325 1582 ἀλλ’
360 1539 423 1582 ὅτι
455 1545 527 1582 καί
553 1541 686 1584 πολὺν
714 1537 796 1596 ἤδη
825 1540 1002 1598 χρόνον,
1057 1543 1201 1583 καίτοι
1227 1541 1353 1596 μήπω
1391 1558 1541 1584 συντυ-

89 1605 257 1661 χόντες,
301 1607 495 1655 εὐνοϊκῶς
529 1623 597 1649 σοι
635 1608 884 1661 διακείμεθα
922 1610 995 1650 καί
1022 1609 1184 1664 φιλίως.
1254 1610 1299 1658 ἐξ
1332 1604 1430 1649 ὅτου
1458 1606 1538 1663 γὰρ

86 1674 133 1714 ἑν
149 1672 404 1730 Ἀκαρνανίᾳ
431 1676 603 1725 βασιλεῖ’
624 1671 1027 1728 συστρατευόμενος,
1057 1678 1143 1721 τοῖς
1172 1674 1218 1715 ἐν
1249 1674 1541 1730 Θωμοκάοτρῳ

86 1739 184 1792 παρ’
228 1737 348 1792 ἡμῶν
375 1738 480 1780 κατὰ
510 1740 759 1792 συμμαχίαν
788 1740 1034 1795 ἀφιγμένοις
1064 1736 1313 1794 Νικηφόρου
1361 1741 1435 1780 τοῦ
1474 1740 1545 1780 δε-

86 1802 242 1845 σπότου
271 1803 423 1853 παιδὸς
462 1804 566 1861 πρὸς
591 1806 740 1860 λόγους
767 1805 904 1848 ἐλθών
933 1804 1090 1858 αὐτὸς,
1120 1808 1269 1862 φίλους
1297 1806 1395 1848 α’ντί
1420 1809 1583 1852 πολε-1)

89 1910 236 1943 Summa
260 1911 451 1956 legationis
478 1917 574 1946 erat:
598 1912 692 1946 velle
715 1923 839 1946 omnes
870 1911 1081 1957 imperatori
1113 1912 1286 1952 subesse,
1329 1922 1370 1944 ea
1405 1912 1540 1946 condi-

87 1958 211 1999 tione,
240 1962 281 1990 ut
305 1958 438 2003 quibus
464 1964 674 2004 praeessent
693 1958 866 1998 urbibus,
891 1971 948 1992 eas
978 1959 1130 2004 posthac
1167 1959 1277 1992 etiam
1315 1960 1539 2001 retinerent3

86 2004 276 2049 vectigalia
306 2011 425 2039 autem
451 2005 622 2050 publica,
649 2017 743 2051 quae
768 2006 942 2040 hactenus
968 2006 1125 2051 principi
1156 2006 1349 2039 solvissent
1365 2031 1374 2046 ‚
1414 2016 1456 2039 ea
1500 2005 1541 2039 in

85 2057 275 2095 posterum
300 2052 511 2096 imperatori
536 2052 762 2097 penderent:
791 2055 889 2086 omni
916 2058 1101 2097 praetcrea
1131 2063 1260 2098 genere
1286 2051 1540 2087 observantiae

88 2103 126 2130 ct
150 2098 387 2133 subiectionis
412 2111 493 2132 eum
535 2099 697 2133 colerent
722 2106 759 2132 et
800 2100 950 2140 ducem,
987 2100 1046 2132 cui
1071 2111 1196 2134 omnes
1227 2104 1356 2144 sponte
1395 2099 1541 2132 obtem-

90 2151 284 2188 perarent,
310 2145 355 2178 ab
384 2158 427 2179 co
451 2147 666 2191 acciperent.
719 2147 930 2181 Latinorum
954 2147 1261 2190 Peloponnesiaca
1286 2146 1421 2191 legatio
1451 2146 1535 2180 talis

87 2191 168 2224 suit.
196 2191 295 2236 Quin
318 2192 456 2226 litteras
481 2205 627 2239 quoque
647 2192 692 2225 ad
711 2204 880 2239 magnum
903 2193 1142 2227 domesticum
1168 2192 1360 2233 dederunt,
1386 2193 1426 2226 in
1451 2193 1537 2238 qui—

86 2237 155 2270 hus
176 2243 254 2270 crat
271 2240 455 2284 scriptum,
479 2239 599 2273 adhuc
620 2240 699 2272 vivo
723 2241 807 2285 imp.
829 2252 953 2274 omnes
973 2251 1018 2273 ex
1035 2241 1235 2285 composito
1255 2252 1274 2272 a
1290 2239 1458 2284 principe
1474 2239 1539 2272 de-

85 2285 247 2318 sectione
267 2285 372 2326 facta,
394 2285 439 2320 ad
455 2298 536 2320 eum
558 2298 595 2321 se
613 2286 810 2332 adiungere
829 2287 986 2321 voluisse
1007 2292 1044 2320 et
1061 2288 1135 2320 iam
1156 2286 1201 2319 ad
1218 2288 1374 2330 cogitata
1389 2286 1537 2331 perfici·

86 2330 181 2364 enda
202 2342 392 2376 aggressos.
417 2333 490 2367 Sed
511 2338 552 2366 ut
568 2344 649 2366 eum
669 2333 865 2367 decessisse
874 2335 1128 2378 compererint,
1149 2344 1187 2366 re
1209 2332 1410 2377 desperata,
1427 2333 1536 2379 quie-

86 2379 190 2411 visse.
227 2377 366 2422 Pagano
385 2386 505 2415 autem
524 2380 679 2425 Pistogia
696 2381 784 2426 ipsis
804 2381 1020 2414 amicissimo
1040 2391 1081 2414 ac
1098 2379 1380 2414 familiarissimo
1395 2381 1535 2423 Byzan-

86 2425 140 2458 tio
169 2425 357 2468 veniente,
388 2437 634 2473 summamque
656 2427 802 2472 imperii
830 2433 868 2460 et
893 2427 1135 2473 principatum
1161 2428 1200 2459 in
1224 2428 1302 2460 eius
1323 2437 1429 2460 manu
1457 2437 1536 2460 esse

86 2472 336 2513 renuntiante,
362 2484 501 2506 rursum
527 2484 652 2507 omnes
676 2476 886 2509 convenisse
913 2480 952 2509 et
982 2475 1084 2520 prius
1117 2473 1260 2507 decreta
1284 2473 1535 2517 confirmasse3

85 2528 161 2550 non
182 2517 298 2552 solum
319 2524 465 2563 propter
487 2531 627 2554 morum
649 2521 727 2554 eius
746 2521 1008 2564 ingenuitatem
1036 2526 1072 2554 et
1087 2519 1187 2565 quod
1209 2520 1296 2563 ipsis
1322 2524 1448 2553 contra
1468 2519 1538 2553 ho-

85 2569 158 2598 stes
174 2564 380 2609 ingruentes
396 2576 499 2609 opem
511 2567 605 2600 serre
625 2573 753 2612 queat,
777 2567 841 2600 sed
855 2567 954 2614 quod
968 2569 1056 2601 item
1071 2566 1298 2611 iampridem,
1313 2577 1535 2612 quamquam

85 2609 250 2643 nondum
273 2622 392 2646 coram
415 2612 577 2653 allocuti,
599 2625 776 2659 propensa
795 2614 832 2647 in
851 2625 932 2647 eum
949 2615 1136 2648 voluntate
1159 2613 1358 2647 extiterint.
1384 2612 1438 2646 Ex
1459 2624 1533 2658 quo

87 2667 244 2701 namque
269 2659 306 2692 in
335 2657 571 2702 expeditione
594 2661 815 2694 Acarnanica
838 2661 924 2706 imp.
951 2660 1112 2705 collega,
1133 2670 1215 2693 cum
1239 2660 1309 2701 iis,
1335 2671 1425 2705 quos
1459 2660 1532 2704 ipsi

88 2702 135 2747 ad
163 2702 464 2738 Thomocastrum
489 2706 692 2751 Nicephoro
720 2706 893 2752 despotae
921 2707 998 2740 filio
1023 2709 1069 2739 ad
1095 2706 1296 2740 subsidium
1331 2707 1531 2746 misissent,

90 2760 293 2784 sermonem
319 2752 523 2786 miscuisset
546 2763 589 2786 ex
614 2753 854 2800 hostibusque
879 2756 1011 2787 amicos
1038 2753 1204 2794 fecisset,
1240 2758 1278 2787 et
1312 2753 1395 2786 illos
1428 2752 1533 2786 dein-

88 2805 172 2842 feps
196 2803 408 2845 perpetuam
435 2799 468 2832 ci
492 2799 787 2841 benevolentiam
811 2811 1036 2838 conservasse
1053 2825 1063 2842 ,
1087 2806 1124 2836 et
1149 2802 1277 2836 ceteris
1304 2800 1420 2834 multa
1454 2799 1533 2843 eari-
