1806 3152
555 181 934 226 ms‘romAnnM
973 183 1046 222 111.
1076 184 1143 231 97.
1453 165 1526 218 60
1541 184 1561 218 1

135 286 312 339 βασιλέα
344 284 472 338 δῆθεν
511 282 582 324 καί
607 281 743 324 πάντα
774 283 878 336 δῆλα
912 274 1138 338 καθιστᾷν,
1164 281 1254 323 ’καὶ
1277 277 1428 336 χρόνον
1467 297 1566 323 συν-
1581 286 1769 335 Δ,ῦ.ι346

132 352 321 398 τιθέναι,
360 352 459 390 καθ’
483 345 527 390 ὃν
555 350 709 390 ἐκεῖνον
739 354 935 401 παρεῖναι
965 344 1117 401 δεήσει.
1173 347 1267 390 ἐπεὶ
1307 349 1352 389 δὲ
1381 348 1570 390 ἐπείθετο

131 414 238 469 πρὸς
265 413 340 469 την
367 416 651 468 ἐπιχείρησιν,
691 411 1080 470 Πετρογουργοόρῳ
1125 414 1207 455 τινί
1259 415 1356 468 περί
1394 412 1568 456 ναυτικὰ

132 481 416 537 η’σχολημένῳ,
436 481 650 536 ἐπιτηδείῳ
674 477 855 532 μάλιστα
879 477 1138 536 Φακεωλάτῳ
1168 473 1380 534 ὄντι,’την
1401 483 1569 535 Mutuo-

106 543 318 601 5κεφάλου
357 544 458 600 πρὸς
499 546 771 600 Σηλυμβρίαν
813 541 1040 598 οἷπαγωγην
1072 546 1298 601 ἐπέτρεπον
1336 548 1382 587 ἐκ
1408 543 1568 588 θαλάτ-

130 627 219 665 της,
255 613 487 666 (ἐκεχειρία
515 609 594 666 γάρ
626 627 688 660 τις
714 606 766 664 ἧν
793 613 1126 664 Σηλυμβριανοῖς
1152 609 1257 665 πρὸς
1284 613 1564 665 Βυζαντίους,

129 678 204 718 καί
217 673 350 725 ιῖδεῶς
382 678 559 732 ἐφοίτων
581 675 688 731 πρὸς
716 675 922 730 α’λληλους
952 677 1155 731 ἐμπορίας
1171 680 1306 729 ἕνεκα,
1336 676 1492 730 ὁμοίως
1519 693 1567 719 τε

130 742 334 796 παρόντος
361 742 434 783 καί
460 739 635 790 ἀπόντος
659 743 901 796 βασιλέως,)
920 743 966 782 ἐκ
992 744 1068 796 γῆς
1095 743 1141 783 δὲ
1167 744 1362 799 λῃστεΐαί
1383 759 1426 784 τε
1455 738 1565 798 ἦσαν
1576 753 1608 787 Ρ,
1621 754 1690 800 692

129 814 318 861 συνεχεῖς
346 808 419 849 καί
443 804 670 863 βαρβάρων
702 805 872 863 ἔφοδοι,
899 806 972 849 καὶ
1013 807 1135 849 οὐδὲν
1175 808 1321 849 δεινὸν
1344 804 1422 863 ἦν,
1454 806 1476 849 ὃ
1500 807 1562 862 μῆ

82 876 294 928 ιοπαρῆν,
324 872 353 915 ἂ
384 873 515 915 ε’ποίει
544 869 700 928 ἄπορον
729 873 963 915 παντάπασι
996 872 1073 928 τήν
1101 875 1250 916 δίοδον.
1289 874 1458 924 ἐκείνοις
1484 877 1563 928 μὲν

130 935 208 981 οὖν
253 936 361 981 οὕτω
395 940 721 994 ΙΠικροκέφαλος
754 937 1067 994 παρεσκεύαστο
1103 938 1209 996 πρὸς
1235 942 1412 994 βασιλέα
1441 936 1585 995 ἥξωνμ

129 1001 179 1046 οὗ
207 1004 292 1060 μην
330 1002 427 1047 οὐδὲ
466 1004 503 1047 οἱ
533 1006 576 1046 ἐν
603 1006 824 1062 Βυζαντίῳ
857 999 1057 1059 ἄρχοντες
1086 1001 1288 1059 ἠμέλουν,
1318 1007 1410 1047 ἀλλ’
1427 1004 1564 1048 ἐδόκει
1617 1010 1622 1015 “

128 1072 216 1112 δεῖν
241 1072 444 1120 κάκείνοις
477 1070 668 1124 πέιιψασι
708 1072 974 1126 διαφθείρειν
1013 1070 1128 1120 τινας
1161 1074 1244 1113 τῶν
1269 1075 1445 1125 βασιλεῖ’
1465 1088 1565 1114 συν-

127 1136 278 1191 όντων,
317 1135 448 1193 πολλοὶ
484 1138 528 1177 ἐκ
555 1134 770 1190 βασιλίδος
808 1138 1194 1190 ἐπαγγειλαμένους.
1251 1135 1383 1179 ἐδόκει
1411 1137 1462 1192 δὴ
1493 1140 1567 1180 καὶ

80 1203 270 1251 ιόαιῖτοῖς
309 1203 588 1255 σκεψαμένοις
636 1199 657 1242 ὅ
698 1205 1023 1258 ΠῙικροκέφαλος
1059 1202 1204 1245 οὑτοσὶ
1227 1202 1332 1257 πρός
1366 1202 1414 1245 τὸ
1444 1202 1564 1259 ἔργον

126 1263 233 1309 εἶναι
261 1265 604 1322 ἐπιτηδειότατος.
632 1270 706 1308 καί
733 1267 880 1308 αὐτίκα
907 1270 1204 1320 μετεκαλοῦντο
1233 1271 1306 1310 καί
1334 1270 1563 1324 διελέγοντο

126 1333 227 1386 περὶ
268 1325 327 1372 ὧν
367 1334 618 1384 διενοοῦντο,
662 1328 722 1374 εὖ·
748 1331 933 1387 ποιήσειν
964 1332 1095 1375 πολλὰ
1126 1333 1483 1389 ἐπαγγελλόμενοι.
1540 1333 1564 1376 ὅ

128 1398 175 1438 δὲ
211 1399 372 1453 πρῶτον
397 1399 475 1450 μὲν
504 1398 636 1440 ἔδεισε
665 1397 769 1453 πρὸς
794 1397 871 1453 την
898 1401 1065 1453 κλῆσιν,
1095 1402 1377 1455 πεφωρᾶσθαι
1407 1403 1600 1456 οἰηθείςΒ

126 1461 226 1513 τούς
252 1464 502 1517 πράττοντας
530 1462 604 1518 τὴν
645 1460 816 1506 ἅλωσιν,
875 1465 968 1507 ἐπεὶ
995 1466 1040 1506 δὲ
1066 1465 1271 1521 ᾐσθάνετο
1297 1468 1430 1520 μηδὲν
1456 1467 1565 1509 εἰδό-

71 1544 224 1579 αοτας,
253 1529 522 1583 ἐπηγγέλλετο
548 1528 593 1571 τό
627 1529 981 1584 προσταττόμενον
1022 1531 1209 1584 ποιήσειν
1229 1531 1562 1585 προθυμότατα.

127 1592 166 1635 οἱ
196 1595 242 1635 δὲ
281 1593 509 1648 γράμματά
537 1611 580 1636 τε
609 1597 856 1650 παρείχοντο
888 1595 992 1650 πρὸς
1021 1594 1095 1643 οὒς
1123 1594 1345 1648 ἐβούλοντο
1383 1600 1458 1640 καί
1473 1602 1564 1640 Πε-

124 1659 469 1717 τρογουργούρῳ,
500 1659 607 1716 πρὸς
634 1659 679 1702 ὃν
717 1662 790 1702 καί
814 1659 835 1701 ὁ
861 1661 1148 1712 Φακεωλάτος,
1169 1663 1481 1717 παρεδίδοσαν,
1506 1663 1565 1713 ὥς

126 1721 284 1783 ἀκατίῳ
313 1724 396 1767 τινί
439 1725 639 1777 α’πάξοντι
674 1725 779 1783 πρὸς
806 1726 1088 1783 Σηλυμβρίαν.
1117 1724 1140 1767 ὃ
1166 1725 1241 1769 καί
1263 1729 1422 1780 μᾶλλον
1450 1727 1569 1781 ἔδοξε

220 1815 275 1838 22.
303 1805 369 1837 καὶ
394 1815 466 1837 om.
492 1805 526 1838 P.
774 1790 781 1797 Ι

126 1865 317 1912 cephalam
334 1892 344 1907 ‚
371 1878 479 1912 quem
501 1869 652 1902 accitum
689 1874 908 1903 secretorum
944 1869 1082 1903 faciunt
1106 1869 1286 1903 conscium
1301 1896 1311 1912 ‚
1336 1870 1561 1918 suadentque

125 1913 172 1947 ad
195 1915 450 1958 imperatorem
481 1916 577 1949 ultro
604 1917 811 1962 confugiat,
836 1918 944 1962 eique
973 1917 1138 1960 aperiens
1165 1918 1284 1951 omnia
1317 1917 1362 1951 de
1398 1924 1560 1964 tempore

124 1961 300 1995 adventus
338 1961 546 2005 Byzantium
571 1974 651 1996 cum
677 1973 720 1996 eo
744 1962 948 2000 conveniat.
995 1963 1455 2009 Microcephalus‚negotio
1483 1976 1561 1999 sus-

123 2013 249 2052 cepto,
283 2008 542 2053 Petrogurguro
581 2009 722 2043 cuidam
743 2035 753 2051 ,
785 2010 1039 2044 naviculariam
1077 2010 1227 2043 facienti
1272 2017 1309 2045 et
1344 2011 1559 2046 Phaceolato

124 2055 342 2088 amicissimo
359 2079 368 2095 ,
393 2055 592 2098 Selybriam
618 2056 850 2090 deducendus
874 2058 1128 2090 committitur:
1164 2061 1268 2090 erant
1292 2057 1473 2103 siquidem
1501 2058 1560 2091 in-

124 2100 253 2134 duciae
293 2101 519 2146 Selybrianis
552 2114 630 2136 cum
663 2104 865 2147 Byzantiis,
900 2115 940 2137 ac
962 2103 1278 2138 mercimoniorum
1303 2105 1416 2150 gratia
1440 2115 1559 2150 aeque

122 2153 326 2193 praesente,
354 2154 394 2182 ut
416 2149 582 2191 absente,
605 2151 823 2195 imperatore
847 2152 943 2184 inter
966 2162 1004 2184 se
1029 2150 1302 2186 Commeabaut.
1326 2150 1417 2184 Nam
1442 2153 1560 2186 conti-

104 2199 268 2227 *nentem
302 2195 446 2230 barbari
485 2197 718 2230 incursabant
761 2209 802 2230 ac
835 2195 1150 2244 depraedabantur
1183 2197 1352 2231 assidue:
1387 2209 1457 2232 nec
1481 2199 1558 2232 ulla

121 2242 247 2275 aberat
270 2242 594 2276 malorum·facies.
644 2244 745 2277 Unde
766 2244 823 2277 via
849 2244 1067 2277 omnimodis
1093 2244 1190 2277 invia
1217 2243 1450 2278 reddebatur.
1497 2245 1559 2279 Sic

121 2288 178 2321 illi
204 2288 507 2332 Microcephalum
535 2289 580 2323 ad
608 2291 860 2336 imperatorem
884 2292 1127 2334 profecturum
1155 2290 1390 2324 adornabant.
1427 2291 1557 2337 Neque

121 2339 244 2367 tamen
280 2336 469 2370 archontes
496 2337 659 2380 Byzantii
686 2336 939 2376 dormiebant,
977 2337 1111 2382 quibus
1134 2336 1250 2370 visum
1278 2342 1333 2370 est
1358 2339 1555 2382 propositis

118 2381 358 2426 imperatricis
392 2383 539 2416 nomine
572 2385 740 2428 praemiis
775 2395 850 2417 non
873 2383 1081 2429 vulgaribus
1106 2383 1268 2423 mittere,
1295 2394 1338 2418 ac
1360 2385 1556 2420 nonnullos

120 2427 165 2459 de
193 2428 416 2473 imperatoris
439 2428 678 2464 familiaribus
702 2431 811 2464 morti
836 2434 976 2470 offerre,
1000 2430 1058 2463 cui
1092 2430 1207 2474 operi,
1225 2440 1262 2463 re
1287 2431 1555 2475 circumspecta,

118 2473 426 2520 Microcephalum
461 2477 867 2511 accommodatissimum
895 2477 1117 2511 iudicabant.
1178 2475 1296 2521 Quem
1324 2476 1552 2519 advocantes,

119 2520 275 2566 cogitata
302 2523 359 2555 illi
387 2533 448 2555 sua
473 2524 669 2568 explanant
706 2530 743 2558 et
777 2524 958 2569 exquisita
988 2523 1166 2556 beneficia
1190 2522 1380 2567 spondent.
1418 2525 1454 2558 Is
1476 2527 1553 2570 pri-

118 2578 218 2600 mum
242 2567 313 2602 hoc
333 2570 451 2602 accitu
475 2570 614 2612 timere,
632 2581 674 2604 ac
696 2570 742 2605 de
763 2570 853 2604 urb'e
880 2569 1054 2605 tradenda
1079 2568 1285 2603 laborantes
1309 2569 1552 2615 deprehensos

121 2614 338 2653 existimare,
362 2615 495 2649 Verum
519 2622 560 2650 ut
581 2619 720 2663 negotii
746 2618 887 2663 ignaros
918 2617 1045 2656 sensit,
1065 2615 1163 2662 quod
1187 2615 1397 2658 iubebatur,
1431 2629 1551 2662 prom-

118 2661 283 2706 ptissime
321 2666 545 2697 curaturum-
565 2665 713 2709 recepit.
774 2664 869 2697 'l'um
899 2664 954 2696 illi
981 2664 1118 2696 litteras
1137 2663 1368 2698 conscribunt
1390 2663 1436 2697 ad
1460 2676 1550 2709 quos

119 2708 267 2749 volunt,
293 2719 447 2756 cumque
474 2711 548 2744 illis
572 2712 829 2756 Petrogurguro
853 2709 1169 2754 Microcephalum,
1193 2709 1267 2755 (cui
1289 2715 1326 2744 et
1353 2710 1549 2744 Phaceola-

120 2758 178 2788 tus
202 2754 357 2792 eundem
383 2755 618 2805 tradiderat,)
641 2757 763 2793 lembo
790 2757 991 2802 Selybriam
1015 2755 1284 2803 perducendum
1309 2759 1548 2792 committunt.
