1812 3132
557 157 934 201 HlsTOmAmJM
974 159 1047 198 111.
1079 157 1145 202 15.
1489 132 1562 208 95

104 260 174 304 ὀὗ
202 261 283 317 γὰρ
315 259 429 317 αὐτῷ’
454 257 675 314 προσήκειν
703 257 756 300 τὰ
783 258 955 299 τοιαῦτα
973 290 985 310 ,
1031 254 1139 297 ἀλλὰ
1183 251 1424 297 τούναντίον
1451 253 1654 304 πᾶν,Α.Ο.
1675 258 1755 304 ι34ι

124 327 170 371 εἴ
191 343 256 377 τις
290 324 395 382 πρὸς
431 326 590 380 μητέρα
620 327 793 378 βασιλεῖ’
817 324 1036 376 συνέβαινε
1065 319 1252 378 διαφορὰ
1267 354 1281 373 ,
1309 320 1442 362 πάντα
1470 334 1565 360 ποι-

124 399 187 436 εἴν
225 393 299 435 καί
331 387 727 446 πραγματεύεσθαι,
767 387 812 440 ἐξ
851 383 909 431 ὧν
952 385 1003 429 ἂν
1032 385 1293 430 διαλλάττειν
1324 381 1385 442 ἦν.
1441 386 1566 427 τοῦτο

123 457 204 514 γὰρ
233 457 448 513 γνώρισμα
476 455 620 513 φιλίας
650 456 859 510 ἀληθοῦς,
889 454 917 496 ἂ
949 455 995 496 δὲ
1023 457 1170 496 ἐκεῖνοι
1187 452 1566 506 συμβουλεύουσιν,

97 522 379 580 5ἐχθροτάτου
409 521 482 565 καί
505 520 602 571 τούς
628 521 807 577 τρόπους
848 522 1162 576 διεφθαρμένου
1195 521 1268 560 καί
1294 520 1367 560 τοῦ
1393 515 1569 573 μηδενὸς

122 588 255 642 ἀξίου.
311 587 434 637 αὐτὸς
469 588 516 630 δὲ
559 587 611 628 ου’
643 585 718 642 τήν
751 588 959 640 βασιλέως
985 582 1234 639 θεραπεύων
1263 581 1464 637 δύναμιν,
1491 581 1609 630 τὸνο

122 656 323 712 φιλοῦντα
360 652 688 709 ὑποκρίνεσθαι,
729 653 821 694 ἄλλ’
865 654 911 695 ἐκ
937 650 1104 707 πρώτης
1132 648 1296 706 ἡλικίας
1325 644 1426 706 ἄχρι
1463 650 1565 701 νῦν,

119 724 206 780 θεῷ
233 721 282 763 δὲ
321 720 518 777 θαρρεῖν,
563 719 621 768 ὥς
648 717 721 760 καί
745 721 874 772 μέχρι
903 715 1080 770 παντὸς,
1113 715 1278 772 ἀληθὴς
1299 716 1372 757 καί
1397 717 1575 768 βέβαιος

121 784 228 829 εἶναι
267 785 389 843 φίλος
425 789 596 840 βασιλεῖ’
620 786 919 841 προῃρημένος.
976 782 1002 838 ἦ
1042 784 1120 836 μὲν
1151 778 1226 825 οὖν
1254 780 1356 824 κατὰ
1387 782 1461 824 τοῦ
1489 795 1567 834 με-

72 852 250 909 ιογάλου
276 854 521 905 δομεστίκου
549 853 698 906 ἐνέδρα
725 851 874 892 τοῦτον
899 847 971 891 τὸν
1000 846 1154 905 τρόπον
1183 846 1373 904 διελύθη.

230 916 292 964 ιε’.
351 918 402 960 Οἱ
430 914 770 965 συνεσκευακότες
797 916 843 958 δὲ
871 914 1045 972 ὁρῶντες
1072 911 1151 971 ἤδη
1176 916 1317 971 ἐκείνῳ
1344 915 1424 967 μὲν
1444 913 1611 955 ου’δὲνι)

123 983 260 1030 δεινὸν
289 985 335 1026 ἐκ
366 984 441 1038 τῆς
468 984 693 1036 ἐπιβουλῆς
720 983 1008 1037 γεγενημένον,
1049 982 1191 1022 αὐτῶν
1220 982 1267 1023 δὲ
1293 977 1368 1034 την
1403 981 1570 1034 μοχθη-

121 1053 217 1104 ρίαν
248 1050 529 1105 ἐγνωσμένην,
558 1051 632 1090 καί
658 1049 892 1101 δείσαντες,
918 1046 978 1103 μή
1011 1064 1050 1089 τι
1080 1046 1150 1089 διὰ
1180 1048 1317 1089 ταῦτα
1345 1045 1569 1087 πείσωνται

122 1116 260 1160 δεινὸν
277 1149 290 1172 ,
344 1116 387 1158 οῖ’
409 1131 456 1158 τε
483 1109 604 1159 ἄλλοι
634 1114 806 1171 τρόποις
835 1112 886 1170 δή
918 1130 1028 1157 τισιν
1055 1111 1214 1169 ἑτέροις
1245 1113 1469 1167 ἐπειρῶντο
1496 1109 1570 1153 τὸν

74 1183 254 1238 ιόμέγαν
281 1184 528 1236 δομέστικον
559 1178 860 1223 καταλλάττειν
888 1176 1081 1232 ἑαυτοῖς,
1110 1178 1248 1220 καίτοι
1275 1175 1378 1233 πρὸς
1406 1171 1570 1230 ἄμυναν

108 1249 367 1304 ὡρμημένον
408 1244 629 1301 οὐδαμῶς·
671 1247 745 1288 καί
790 1243 812 1287 ὅ
857 1242 1231 1301 παρακοιμώμενος
1266 1242 1344 1298 τήν
1391 1257 1435 1284 τε
1471 1241 1570 1297 πρὶν

108 1311 295 1366 -ἇδοξιάν
320 1315 472 1356 ἐννοῶν
499 1313 573 1355 καί
598 1311 675 1368 τὴν
705 1313 780 1354 νῦν
808 1313 868 1361 εἷς
898 1310 950 1366 ἢν
977 1308 1170 1365 ἐληλάκει
1188 1311 1379 1360 εὐδοξίαν
1396 1310 1449 1350 δι’
1462 1309 1570 1351 ἐκεί-

122 1395 222 1434 νου,
263 1379 337 1421 καί
363 1378 420 1429 ὥς
462 1378 588 1428 αὐτὸς
617 1378 741 1421 οὐδὲν
768 1373 996 1432 εὔγνωμον,
1026 1377 1118 1418 οόδ’
1146 1377 1322 1424 ἐπιεικὲς
1348 1374 1566 1429 διενοήθη,

123 1447 214 1488 ἀλλ’
240 1440 320 1501 ἤδη
351 1447 549 1501 καθαρῶς
576 1446 660 1487 τῶν
688 1440 1030 1497 δυσμενεστάτων
1071 1440 1357 1498 ἐξελήλεγκται
1399 1435 1458 1482 (ὃν
1496 1441 1571 1481 καί

70 1513 280 1563 nodedum,
320 1510 378 1566 μὴ
417 1504 475 1560 εἷς
521 1509 596 1565 τήν
624 1512 829 1565 προτέραν
864 1508 996 1564 τύχην
1022 1507 1092 1549 ὑπ’
1121 1509 1276 1549 ἐκείνου
1307 1506 1567 1562 ω’ργισμένου
1581 1519 1700 1564 P.396

123 1579 334 1632 καταστῇ,
376 1573 608 1631 ἐσκέψατο,
649 1575 709 1631 μὴ
757 1577 950 1629 μεσίταις
988 1573 1241 1629 χρήσασθαι
1267 1570 1373 1628 πρὸς
1412 1573 1569 1613 ἐκεῖνον

123 1645 199 1684 καί
226 1644 492 1691 διαλλακταΐς
512 1674 522 1694 ,
551 1641 610 1691 ὥς
639 1641 758 1695 ὀλίγα
786 1638 814 1696 ἢ
845 1641 971 1682 οὐδὲν
994 1641 1311 1694 δυνησομένοις,
1343 1635 1570 1686 α’λλάὕτὸς

122 1709 182 1749 δι’
209 1706 360 1750 ἑαυτοῦ
387 1710 688 1763 παραιτεῖσθαι
707 1740 720 1760 ,
749 1706 1002 1762 α’ντίρῥοπον
1028 1707 1101 1760 τῆς
1126 1702 1380 1758 πανουργίας
1413 1704 1569 1744 ἐπιδει-

124 1772 299 1827 ξάμενος
326 1771 402 1827 την
428 1772 674 1827 μεταβολήν.
727 1774 800 1815 καί
825 1772 1046 1828 γράμμασι
1086 1768 1162 1819 τὰς
1189 1767 1295 1826 πρὸς
1322 1770 1478 1811 ἐκεῖνον
1504 1770 1570 1818 ἐξ-

219 1892 250 1915 2.
275 1883 405 1914 ποιεῖν
438 1878 512 1920 Μ.,
537 1882 674 1913 πονεῖν
699 1878 733 1911 Ρ.
836 1888 885 1911 12.
915 1868 1047 1911 δεινὸν
1075 1886 1142 1908 om.
1167 1874 1217 1909 M.

123 1975 262 2009 faceret
285 1974 548 2020 molireturque
574 1971 714 2006 omnia:
751 1970 850 2017 quod
883 1971 931 2004 sit
965 1971 1038 2003 veri
1064 1970 1194 2003 amoris
1221 1968 1411 2008 indicium,
1459 1969 1571 2015 Quod

124 2028 247 2056 autem
275 2021 333 2054 illi
359 2020 572 2059 suaderent,
607 2018 766 2052 hominis
793 2028 869 2051 esse
905 2017 1146 2050 inImicissimi
1178 2016 1414 2063 moribusque
1447 2015 1572 2061 perdi-

124 2068 257 2102 tissimi
280 2073 317 2101 et
345 2067 482 2101 nullius
507 2065 629 2111 frugis..
679 2066 724 2097 Se
749 2076 823 2098 non
856 2064 1059 2108 potentiam
1085 2064 1313 2107 imperatoris
1346 2069 1570 2098 reverentem

124 2115 279 2148 amicum
311 2114 465 2158 fingere:
505 2112 570 2147 sed
602 2124 623 2146 a
654 2114 769 2157 prima
805 2116 924 2144 aetate
960 2120 1074 2155 usque
1109 2111 1149 2143 in
1180 2109 1275 2143 hanc
1311 2109 1408 2143 diem
1445 2121 1570 2144 verum

125 2165 424 2206 constantemque
448 2160 602 2194 amicum
635 2170 714 2192 esse
743 2157 964 2191 deliberasse
991 2157 1190 2202 divinoque
1223 2155 1402 2190 beneficio
1429 2166 1571 2202 semper

125 2207 216 2245 fore.
262 2207 420 2242 Insidiae
444 2208 553 2252 igitur
578 2211 703 2239 contra
726 2204 961 2239 domesticum
989 2205 1040 2236 sic
1063 2203 1272 2248 profligatae
1296 2208 1392 2241 sunt,

223 2254 276 2288 15.
323 2254 535 2299 Repertores
571 2253 669 2291 doli,
719 2251 884 2287 videntes
920 2250 1016 2284 nihil
1050 2252 1085 2284 ei
1118 2250 1256 2283 artibus
1294 2249 1368 2283 suis
1411 2248 1570 2284 evenisse

125 2300 214 2334 mali
238 2311 412 2346 suamque
448 2299 721 2344 improbitatem
754 2298 994 2343 patefactam,
1028 2301 1065 2330 et
1103 2296 1362 2342 formidantes,
1399 2307 1446 2330 ne
1481 2295 1572 2343 quid

125 2351 312 2392 praeterea
349 2346 462 2381 dirius
502 2351 733 2392 paterentur,
771 2355 852 2377 cum
894 2344 958 2377 alii
993 2343 1110 2377 modis
1147 2343 1229 2376 aliis
1269 2342 1367 2388 apud
1402 2353 1571 2387 magnum

125 2394 366 2427 domesticum
389 2404 426 2427 se
450 2395 490 2427 in
514 2393 665 2439 gratiam
692 2393 883 2425 restituere
916 2389 1135 2424 laborabant
1169 2390 1400 2435 (quamquam
1436 2389 1480 2422 de
1515 2395 1572 2422 ta-

125 2440 226 2474 lione
251 2444 291 2473 et
315 2439 473 2473 vindicta
510 2451 557 2473 ne
590 2438 776 2473 tantillum
803 2437 1000 2484 solicitum)
1023 2443 1099 2471 tum
1123 2436 1324 2481 praefectus
1351 2438 1441 2470 sacri
1466 2436 1572 2468 cubi-

127 2487 201 2520 culi
227 2491 264 2519 et
287 2485 474 2530 pristinam
493 2486 673 2520 vilitatem
699 2491 737 2519 et
766 2490 990 2530 praesentem
1017 2484 1218 2518 claritatem
1242 2493 1367 2523 suam,
1391 2483 1438 2516 ad
1462 2493 1571 2528 quam

126 2544 192 2578 per
222 2533 326 2565 illum
357 2539 453 2566 esset
487 2537 655 2573 evectus,
690 2542 809 2566 secum
843 2536 1029 2577 reputans,
1066 2535 1103 2564 et
1139 2539 1177 2562 se
1210 2529 1305 2563 nihil
1341 2540 1497 2575 aequum
1530 2540 1572 2562 ac

126 2578 280 2624 probum
310 2580 350 2613 in
374 2591 455 2613 eum
483 2580 678 2625 cogitasse,
703 2578 767 2612 sed
794 2578 866 2610 iam
885 2576 1268 2611 malevolentissimum
1284 2576 1568 2620 deprehensum3

133 2626 360 2671 timensque,
397 2637 444 2660 ne
469 2625 514 2658 ab
543 2636 586 2659 eo
613 2627 755 2660 infenso
782 2624 829 2657 ad
851 2625 1007 2669 priorem
1043 2623 1287 2657 conditionem
1323 2622 1570 2668 redigeretur,

132 2684 207 2706 uon
244 2673 298 2706 uti
331 2672 591 2717 interpretibus
627 2676 691 2705 aut
722 2670 1079 2710 reconciliatoribus,
1126 2670 1189 2715 qui
1219 2681 1344 2714 parum
1381 2674 1444 2702 aut
1476 2668 1571 2701 nihil

132 2719 296 2752 effecturi
321 2725 458 2759 essent,
493 2719 555 2753 sed
584 2730 650 2764 per
675 2729 712 2751 se
747 2719 866 2762 ipsum
891 2717 1032 2751 veniam
1057 2717 1250 2761 impetrare
1281 2716 1490 2755 constituit,
1528 2727 1572 2748 ex

131 2765 297 2811 improbo
325 2771 364 2802 se'
387 2767 460 2800 iam
482 2765 602 2801 honae
626 2765 720 2812 frugi
751 2765 883 2799 factum
911 2763 1190 2799 demonstrando
1216 2763 1396 2798 videlicet.
1445 2763 1570 2807 Itaque
