1800 3138
253 178 363 235 286
782 189 1153 232 CANTACUZENI

54 309 137 345 Ag,
159 309 244 354 1342
256 292 407 349 ὅρκους
444 293 630 333 ἐκέλευον
667 292 902 331 τελεῖσθαι·
975 292 1047 331 καί
1074 288 1298 343 ἐτελοῦντο,
1326 288 1489 343 πρώτου
1518 292 1595 331 τοῦ
1617 285 1698 345 τῆς

216 360 472 415 Ββασιλίδος
510 357 698 411 ἀδελφοῦ
739 353 1018 407 ὀμωμοκότος.
1087 357 1130 397 ἐν
1168 348 1205 413 ᾤ’
1242 356 1289 397 δὲ
1330 357 1463 396 ταῦτα
1499 356 1697 408 ἐτελεῖτο,

252 423 343 481 ἥκει
377 440 438 472 τις
475 423 520 463 ἐκ
556 423 762 475 βασιλέως
800 423 1053 476 Μπρατίλος
1093 416 1249 474 ὄνομα,
1298 418 1342 470 ὃς
1369 419 1595 475 γράμματα
1621 421 1700 472 μὲν

254 491 329 532 οὐκ
357 486 454 542 εἶχε,
484 485 606 542 κηρὸν
635 487 681 527 δὲ
708 486 1049 542 ἐσφραγισμένον
1075 489 1132 543 τῷ
1161 489 1365 543 δακτυλίῳ
1393 487 1470 526 τοῦ
1494 487 1700 539 βασιλέως

254 554 514 606 ἀξιοπιστίας
553 552 683 595 ἕνεκα.
738 553 811 592 καί
835 555 980 607 πρῶτα
1003 554 1082 604 μὲν
1109 549 1383 607 προσηγόρευε
1402 552 1599 604 βασιλίδα
1619 551 1725 593 noa-5

255 620 425 677 ραστὰς,
455 617 597 660 ἔπειτα
628 619 700 658 καί
726 615 824 665 τούς
853 612 1003 665 ἄλλους
1030 620 1074 658 ἑκ
1101 619 1331 670 βασιλέως,
1370 615 1546 671 διηγεῖτό
1574 629 1618 657 τε
1644 609 1695 656 τοὶ

254 687 352 742 περὶ
369 689 409 728 Γ
407 682 748 737 υναικόκαστρον,
779 683 826 723 οὔ
828 699 858 736 χ
890 681 934 724 ὃν
963 685 1119 736 ἐγένετο
1140 683 1316 737 τρόπον,
1345 683 1436 723 ἀλλ’
1456 681 1698 737 ὑφειμένως

253 753 435 806 μάλιστα
463 748 534 791 καὶ
558 748 615 797 ὦς
653 744 706 790 ἂν
734 743 833 805 ᾤετο
862 748 913 789 ου’
943 746 1112 804 σφόδρα
1139 744 1403 802 θορυβήσειν.
1466 745 1573 802 πρὸς
1599 747 1698 787 τοῦ·

254 833 301 859 το
329 815 405 872 γὰρ
436 814 592 871 ἔφασκε
620 812 734 869 παρὰ
755 816 959 867 βασιλέως
976 815 1283 869 ἐκπεμφθῆναι.
1338 810 1481 854 ἔπειτα
1501 811 1572 853 καὶ
1598 812 1701 853 τοῦ·

253 899 299 925 το
331 883 594 936 προσετίθει,
645 879 702 928 οἷς
743 882 932 935 ταραχῆς
976 878 1027 919 ου’
1065 880 1231 934 μικρᾶς,
1258 878 1357 933 περὶ
1393 877 1468 933 την
1495 879 1753 931 βασιλέωςιο

258 945 458 1004 στρατιὰν
497 949 763 1001 γεγενημένης
813 947 886 986 καί
924 943 1290 1000 πρωτοστράτορὸς
1316 959 1359 985 τε
1388 945 1461 985 καί
1487 939 1624 984 ἄλλων
1650 942 1701 983 οἷ-

257 1011 491 1055 ποστάντων
521 1010 589 1052 διὰ
621 1010 665 1052 τὸ
699 1010 757 1065 μὴ
787 1010 863 1064 τὴν
890 1009 992 1052 οἴκοι
1025 1011 1176 1064 ζημίαν
1195 1012 1340 1065 φέρειν
1360 1009 1567 1051 δύνασθαι
1585 1039 1598 1061 ‚
1627 1022 1700 1048 πε-

217 1079 304 1136 (ῑρί
331 1076 479 1135 Κράλη
506 1078 755 1137 πυθόμενος.
783 1073 805 1116 ὅ
834 1074 1034 1129 βασιλεύς
1063 1074 1120 1124 ὥς
1142 1075 1347 1130 διατρίβοι
1365 1073 1513 1128 ἐγγύς,
1542 1074 1709 1128 γένοιτο

253 1143 359 1200 πρὸς
389 1142 520 1185 αὐτὸν
547 1141 652 1184 κατὰ
683 1144 827 1198 φιλίαν
855 1142 1053 1183 παλαιάν.
1081 1172 1083 1174 -
1111 1140 1266 1182 ἐκείνου
1298 1142 1344 1182 δὲ
1377 1140 1568 1193 ἀσμένως
1594 1139 1699 1180 ’ὕπο-

255 1209 484 1263 δεξαμένου
527 1208 601 1250 καί
638 1206 745 1262 μετὰ
787 1209 940 1262 πολλῆς
976 1204 1288 1262 φιλοφροσύνης
1321 1205 1394 1247 καί
1436 1205 1602 1254 εὕνοιάς
1629 1204 1754 1247 καίιό

256 1273 455 1331 στρατιὰν
495 1272 649 1328 πολλήν
687 1289 731 1314 τε
758 1274 831 1314 καί
859 1271 1024 1326 α’γαθην
1052 1273 1371 1327 παρεσχημένου
1398 1270 1502 1313 κατὰ
1531 1286 1703 1324 συμμα-

253 1344 370 1396 χίαν,
400 1341 479 1383 νῦν
507 1338 610 1393 πρὸς
639 1338 880 1392 ὁδοιπορίαν
908 1334 1014 1379 εἶναι
1043 1336 1206 1379 οἴεσθαι
1232 1337 1304 1378 καὶ
1337 1335 1568 1391 ἀφίξεσθαι
1596 1332 1700 1388 μετὰ

254 1404 431 1461 μικρόν·
490 1403 619 1446 αὐτὸν
650 1405 695 1445 δὲ
723 1405 968 1458 πεμφθῆναι
998 1400 1199 1458 πρότερον
1228 1402 1543 1455 ἀπαγγελοῦντα
1562 1399 1613 1443 τοὶ
1635 1416 1702 1454 γε-

257 1472 485 1527 γενημένα,
515 1471 572 1518 ὥς
600 1465 652 1511 ἂν
678 1468 737 1523 μη
769 1469 1091 1524 διεφθαρμένως
1117 1464 1349 1518 πυθόμενοι
1377 1469 1450 1508 καί
1471 1465 1578 1520 μετὰ
1603 1471 1704 1508 πολ-

258 1540 332 1593 λῆς
362 1537 603 1592 προσθήκης
633 1537 894 1590 θορυβῆσθε.
946 1530 1063 1588 ἦξιόυ
1093 1548 1137 1573 τε
1164 1530 1222 1586 μή
1253 1533 1443 1585 μέλλειν,
1483 1530 1589 1574 α’λλοὶ
1621 1547 1759 1574 rra-20

259 1603 547 1659 ρασχομένους
586 1599 818 1655 γράμματα
869 1597 966 1654 περὶ
998 1594 1277 1646 αὕτῶνὸπως
1303 1595 1448 1651 ἔχουσι
1475 1597 1703 1651 δηλοῦντα,

264 1663 395 1716 αὖθις
432 1667 491 1715 εἰς
529 1667 706 1719 βασιλέα
735 1665 1010 1717 ἀποπέμπειν.
1065 1662 1217 1718 πολλὴν
1244 1662 1322 1717 γὰρ
1352 1663 1467 1719 αὐτῷ
1498 1665 1596 1715 περὶ
1626 1661 1703 1703 αὖ-

263 1734 575 1789 τῶνφροντίδα
614 1728 749 1783 εἶναι,
794 1732 867 1772 καὶ
896 1731 974 1771 τοῦ
999 1728 1155 1777 παντὸς
1180 1730 1390 1782 τιμᾶσθαι
1416 1729 1462 1770 τὸ
1490 1729 1705 1770 πυθέσθαι.

220 1811 310 1844 Du
345 1801 445 1855 περὶ
483 1798 634 1839 αιῖπόν.
700 1795 858 1852 ἔφασκε
898 1796 944 1837 δὲ
988 1797 1059 1837 καί
1094 1792 1210 1850 παρὰ
1247 1795 1450 1847 βασιλέως
1476 1791 1703 1849 γράμματα

267 1965 343 1990 ram
369 1955 504 1988 annulo
532 1954 610 1988 eius
635 1954 809 1999 signatam
842 1950 928 1986 fidei
967 1962 1072 1985 causa
1094 1951 1276 1985 afferebat.
1320 1950 1388 1983 Hic
1409 1949 1564 1993 primum
1585 1948 1705 1993 impe-

267 2003 433 2037 ratricem
460 2001 603 2041 adiens,
639 2001 791 2034 salutem
819 1999 926 2032 dicit:
965 1998 1098 2031 deinde
1122 1999 1212 2031 alios
1238 2006 1382 2043 quoque
1405 1995 1524 2028 verbis
1551 1995 1705 2038 impera-

268 2050 358 2083 toris
383 2049 532 2082 salutat:
570 2053 606 2080 et
631 2048 675 2080 de
708 2048 996 2090 Gynaecocastro
1033 2050 1154 2079 narrat
1187 2044 1303 2089 (cuius
1338 2043 1451 2087 gratia
1484 2052 1522 2074 se
1555 2041 1704 2073 missum

269 2094 498 2140 autumabat)
521 2105 596 2127 non
619 2099 660 2126 ut
684 2103 807 2127 revera
832 2092 1080 2135 contigerant,
1105 2090 1168 2124 sed
1192 2090 1311 2124 obiter
1334 2088 1527 2121 admodum
1556 2093 1593 2120 et
1615 2097 1706 2132 quo.

268 2141 377 2175 modo
401 2151 476 2174 non
513 2141 664 2173 multum
694 2139 840 2172 terroris
877 2149 952 2171 sese
986 2137 1149 2171 daturum
1185 2136 1426 2172 existimabat.
1473 2133 1706 2174 Adiiciebat,

269 2187 480 2221 turbatione
518 2198 592 2220 non
628 2186 769 2219 modica
811 2184 907 2217 inter
943 2184 1077 2217 milites
1110 2183 1279 2223 suborta,
1318 2187 1402 2227 post
1433 2180 1704 2225 protostrator-is

272 2234 501 2279 aliorumque
525 2233 783 2271 secessionem,
822 2230 920 2277 quod
944 2231 1140 2264 domestica
1172 2229 1296 2263 damna
1327 2230 1420 2261 ferre
1455 2238 1529 2260 non
1561 2228 1702 2272 potuis-

272 2285 373 2321 sent,
400 2280 525 2314 audito
553 2279 694 2312 Cralem
731 2278 829 2311 haud
865 2277 992 2321 procul
1028 2276 1171 2316 abesse,
1204 2276 1456 2319 imperatorem
1491 2285 1556 2318 pro
1591 2274 1712 2308 veteri*

273 2328 433 2360 amicitia
458 2326 504 2359 ad
528 2337 609 2358 eum
640 2326 843 2370 profectum
877 2334 974 2356 esse:
1004 2323 1056 2356 ibi
1079 2322 1237 2355 libenter
1272 2321 1450 2367 valdeque
1485 2320 1634 2352 comiter
1667 2324 1704 2352 et

274 2373 452 2407 benevole
488 2377 692 2417 susceptum
723 2376 760 2404 et
783 2368 1016 2404 auxiliaribus
1036 2369 1148 2413 copiis
1169 2368 1301 2412 magnis
1325 2379 1365 2401 ac
1389 2366 1543 2400 sortibus
1559 2371 1704 2399 auctum

277 2431 378 2453 esse:
400 2425 600 2466 putareque
627 2429 686 2458 se,
710 2429 808 2450 nunc
830 2418 899 2449 iter
923 2427 1044 2451 versus
1074 2414 1367 2458 Didymotichum
1392 2419 1516 2447 tenere
1542 2417 1579 2447 et
1602 2411 1704 2445 brevi

277 2475 396 2498 coram
432 2468 650 2506 affuturum,
694 2474 804 2510 seque
835 2462 1090 2508 praemissum,
1125 2466 1166 2493 ut
1199 2467 1296 2504 gesta
1327 2461 1532 2494 nuntiaret:
1566 2469 1636 2497 ne,
1672 2457 1708 2491 si‘

277 2512 384 2544 aliter
406 2523 513 2557 quam
538 2523 603 2555 pro
627 2512 780 2544 veritate
806 2515 842 2543 et
866 2507 988 2540 multis
1011 2518 1090 2540 cum
1114 2507 1370 2541 additamentis
1397 2505 1585 2543 audirent,
1625 2509 1704 2537 tur-

280 2557 464 2590 barentur.
514 2558 589 2590 Nec
614 2557 864 2595 cunctandum,
884 2553 947 2588 sed
971 2553 1063 2586 datis
1089 2553 1159 2585 sibi
1183 2553 1228 2586 de
1256 2559 1350 2587 statu
1376 2554 1534 2597 ipsorum
1558 2550 1709 2590 litteris,

278 2603 325 2635 ad
350 2603 600 2647 imperatorem
626 2615 663 2636 se
690 2601 944 2637 remittendum
967 2599 1183 2639 affirmabat,
1224 2601 1287 2646 qui
1319 2601 1359 2633 in
1391 2599 1505 2632 multa
1535 2596 1579 2630 de
1614 2596 1703 2640 ipsis

280 2660 364 2682 cura
393 2656 569 2683 versetur:
595 2651 731 2694 quippe
756 2653 812 2681 cui
841 2649 879 2679 in
906 2658 947 2680 eo
974 2649 1046 2679 sint
1073 2646 1212 2687 omnia,
1244 2653 1284 2680 ut
1316 2658 1370 2680 res
1401 2655 1525 2677 eorum
1570 2652 1704 2687 cogno-

279 2701 366 2729 scat.
415 2695 542 2729 Aiebat
573 2697 681 2735 item,
715 2694 902 2739 epistolam
930 2703 967 2725 se
995 2693 1040 2725 ab
1065 2692 1191 2724 eodem
1225 2693 1420 2737 accepisse,
1437 2689 1576 2728 eadem,
1610 2699 1703 2767 Ἥκω

278 2746 477 2782 narrasset,
522 2743 783 2778 continentem.
842 2741 1005 2772 Ceterum
1043 2739 1165 2771 multis
1202 2751 1265 2784 per
1299 2741 1394 2772 viam
1420 2735 1618 2770 occurrenti
1648 2745 1702 2775 us,

279 2788 467 2829 timuisse,
501 2799 546 2821 nc
576 2789 821 2832 interceptus,
863 2791 1011 2832 propter
1053 2796 1130 2819 eam
1160 2786 1300 2832 aliquid
1331 2782 1546 2820 calamitatis
1574 2790 1704 2827 perpe-
