1800 3138
297 179 326 215 2
337 179 365 214 2
375 179 403 212 2
814 172 1178 216 CANTACUZENI

94 283 172 319 ΑΒ.
192 280 391 328 ιὸἠατοῖς,
419 272 474 322 ὥς
504 271 631 314 αύτοῦ
662 271 744 313 τῶν
771 271 974 324 ἐσομένων
1017 273 1152 314 κακῶν
1187 273 1322 314 αἰτίου
1361 271 1498 330 ἑαυτῷ
1533 288 1706 328 παρεσο-

283 343 432 394 μένου·
463 340 586 393 δῆλος
615 334 693 391 γὰρ
719 331 802 391 ἤδη
830 332 936 378 εἶναι
974 336 1175 393 ᾑρημένος
1201 335 1252 378 τὰ
1281 340 1644 392 Καντακουζηνοῦ.
1684 339 1707 381 ὅ

285 407 331 447 δὲ
360 405 499 451 δείσας
526 400 599 456 τήν
625 399 821 456 ἀπειλὴν,
851 397 994 457 (οῦδὲν
1020 399 1101 455 γὰρ
1130 397 1182 455 ἦν
1212 399 1255 442 τὸ
1281 404 1410 454 μέσον
1436 405 1512 444 τοῦ
1536 418 1579 444 τε
1606 403 1710 445 ὖπο-

151 474 196 513 V·
213 473 280 518 378
290 471 518 523 πτευθῆναι
545 465 617 508 καί
641 468 714 508 τοῦ
737 467 910 520 πάσχειν
937 464 986 508 τὰ
1016 463 1274 522 δεινότατα,)
1294 466 1495 523 πρότερον
1522 469 1712 522 ἐπαγγει-

286 532 461 587 λάμενος
486 533 616 586 μηδὲν
643 533 725 572 τῶν
741 534 962 583 γινομένων
979 530 1178 585 μηνύσειν
1196 534 1383 584 βασιλίδι
1397 564 1410 584 ,
1438 531 1581 574 ἔπειτα
1607 531 1739 588 πρός5

287 597 490 654 βασιλέως
518 595 647 652 εἰσῄει
675 593 751 649 τήν
773 597 950 650 μητέρα.
1005 597 1138 651 μηδὲν
1169 598 1214 637 δὲ
1241 595 1467 649 δυνάμενος
1494 595 1564 638 διὰ
1593 595 1640 638 τὸ
1669 598 1717 638 ἐκ

286 666 369 707 τῶν
398 659 619 717 ἀρχόντων
648 660 738 709 δέος
768 662 1051 716 φθέγγεσθαι,
1076 660 1172 710 τούς
1199 658 1422 714 ἑπομένους
1443 659 1631 717 φύλακας
1657 659 1717 709 ὥς

256 730 387 783 Οὲνῆν
413 725 649 778 διαλαθών,
696 725 873 780 νεύματι
899 724 1098 780 ἐσήμαινε
1134 725 1208 781 τήν
1234 728 1279 768 ἐν
1307 726 1459 780 ἀγκῶνι
1486 728 1622 782 φλέβα
1649 727 1716 769 τέ-

286 809 419 847 μνειν,
451 791 593 834 ἔπειτα
619 789 727 848 ἐξῄει
753 792 883 846 μηδὲν
915 789 962 832 τὸ
1007 788 1177 833 σύνολον
1217 789 1514 847 φθεγξάμενος.
1570 790 1614 832 αἱ
1640 807 1716 845 γυ-

287 864 423 908 ναῖκες
450 859 496 898 δὲ
516 853 642 906 αὖθις
666 858 750 898 ταῖν
781 852 990 911 ἀρχόντων
1022 857 1236 910 δεηθεῖσαι
1264 855 1336 898 τὸν
1373 857 1532 909 τέμνειν
1560 858 1770 912 φλέβαςιο

287 921 564 976 ἐπιστάμενον
592 919 767 975 εἰσάγειν
795 921 846 961 οὕ
875 923 1200 976 συνεχωροῧντο.
1255 919 1356 964 ὅθεν
1380 920 1460 963 ὑπὸ
1489 923 1564 963 τοῦ
1591 935 1721 975 πυρε-

286 990 362 1030 τοῦ
389 990 729 1042 κατεργασθεῖσα
767 988 840 1027 καί
866 987 1071 1040 μηδεμιᾶς
1099 983 1203 1036 ὅλως
1234 989 1428 1043 προνοίας
1464 984 1721 1039 ἀξιωθεῖσα,

288 1050 547 1108 ἐτελεύτησεν
577 1054 671 1108 ἕκτῃ
699 1050 829 1106 μηνὸς
855 1053 1107 1106 Ἰανουαρίου
1146 1051 1318 1107 δεκάτης
1358 1051 1485 1107 οὔσης
1516 1052 1722 1094 ἶνδικτιῶ-

289 1134 356 1167 νος
392 1120 469 1159 τοῦ
503 1114 604 1171 ιςων’
643 1115 777 1165 ἔτους.
832 1115 1082 1171 τελευτώσης
1120 1119 1167 1159 δὲ
1206 1114 1314 1173 ἤδη,
1353 1115 1481 1172 ἢτοῦ
1515 1117 1722 1170 βασιλέως

284 1180 550 1237 Ἀνδρονίκου
587 1180 774 1237 ἀδελφή,
814 1179 843 1236 ἢ
880 1179 1079 1237 πρότερον
1117 1183 1193 1235 μὲν
1237 1181 1420 1237 Μιχαὴλ
1456 1183 1514 1239 τῷ
1551 1179 1773 1224 Μυσῶνιό

290 1247 497 1305 συνῴκησε
522 1249 711 1301 βασιλεῖ’,
743 1245 896 1299 ἔπειτα,
927 1247 1080 1288 ἐκείνου
1107 1245 1446 1302 τελευτήσαντος,
1495 1244 1600 1300 πρὸς
1654 1243 1722 1287 τὸν

292 1310 471 1367 α’δελφὸν
497 1312 781 1353 ἐπανελθοῦσα
810 1311 882 1353 καί
905 1309 979 1367 τήν
1007 1313 1050 1353 ἐν
1077 1313 1303 1364 βασιλείοις
1341 1310 1557 1367 διατριβὴν
1592 1327 1722 1353 κατα-

292 1378 492 1428 λιποῦσα,
533 1375 727 1428 μονάζειν
766 1377 895 1418 εἵλετο
945 1377 1016 1417 καί
1055 1377 1259 1418 Θεοδοσία
1301 1379 1347 1419 ἐκ
1389 1374 1612 1432 Θεοδώρας
1647 1390 1724 1428 με-

246 1438 568 1494 Βτωνομοίσθη,
605 1443 820 1495 πυθομένη
862 1442 960 1496 περὶ
992 1442 1063 1494 τῆς
1102 1442 1306 1494 βασιλέως
1345 1442 1528 1498 μητρὸς,
1568 1438 1632 1482 ὅτι
1657 1455 1721 1482 τε-

289 1507 412 1563 λευτᾷ
427 1538 440 1558 ,
480 1503 553 1545 καί
587 1501 726 1559 ὥσπερ
765 1506 1016 1559 ἀμειβομένη
1058 1508 1141 1547 τῶν
1191 1513 1287 1562 παρ’
1327 1508 1481 1562 ἐκείνης
1525 1506 1777 1560 πρότερον20

289 1570 559 1625 ὑπηργμένων
606 1569 798 1623 ἀγαθῶν,
846 1570 1026 1626 (πολλὴν
1069 1569 1148 1625 γάρ
1188 1575 1247 1620 εἰς
1287 1570 1442 1626 ἐκείνην
1489 1571 1724 1612 ἐπεδείκνυ-

291 1650 336 1677 το
379 1634 453 1689 τὴν
490 1628 702 1691 cibotum)
745 1630 915 1690 οἷφίκετό
955 1651 1000 1677 τε
1039 1638 1099 1684 εἷς
1122 1634 1167 1678 τὸ
1197 1634 1476 1691 δεσμωτήριον
1513 1634 1618 1691 πρὸς
1645 1634 1725 1677 αὖ·
1772 1653 1776 1657 ·

291 1697 365 1754 τὴν
394 1701 464 1740 καί
506 1700 749 1754 παρέμεινεν
787 1694 890 1754 ἄχρι
929 1702 1132 1755 τελευτῆς.
1184 1699 1325 1743 ἔπειτα
1366 1699 1438 1742 τὸν
1470 1699 1612 1755 νεκρὸν
1631 1699 1724 1750 ε’ξα-

293 1766 479 1818 γαγοῦσα
504 1761 618 1819 παρὰ
648 1761 723 1817 τήν
748 1763 881 1819 μονήν
898 1798 911 1819 ,
950 1767 1022 1820 τῆς
1049 1764 1154 1821 πρὸς
1178 1765 1337 1822 μητρὸς
1362 1767 1517 1821 ἐκείνης
1551 1762 1725 1819 μάμμης

390 1878 445 1902 20.
467 1868 556 1914 παρ’
583 1868 664 1904 add.
686 1868 735 1902 M.

303 1960 459 2000 diceret,
483 1971 528 1994 ne
554 1962 649 2005 ipsos
674 1967 799 2007 postea
823 1969 1022 2006 accusaret,
1056 1975 1136 1998 eum
1158 1968 1271 1998 semet
1294 1965 1332 1999 in
1358 1965 1598 1999 calamitatem
1621 1974 1728 2009 prae-

302 2007 507 2051 cipitassetg
555 2008 866 2044 Cantacuzenismi
907 2011 1002 2044 enim
1038 2012 1108 2044 iam
1147 2011 1377 2044 manifestum
1418 2012 1506 2045 sore.
1563 2009 1728 2044 Medicus

303 2053 581 2087 comminatione
609 2056 754 2088 territus
782 2055 890 2099 (nihil
917 2058 1052 2102 quippe
1082 2056 1177 2090 inter
1208 2062 1410 2101 suspectum
1443 2067 1520 2091 esse
1554 2061 1591 2089 et
1627 2067 1728 2090 acer-

303 2099 453 2133 bissima
476 2099 616 2143 perpeti
641 2102 831 2144 intererat)
850 2114 928 2135 cum
954 2101 1215 2147 spopondisset.
1238 2102 1332 2136 nihil
1355 2102 1481 2136 horum
1508 2101 1729 2147 imperatrici

305 2144 566 2186 indicaturum,
591 2145 636 2178 ad
657 2147 896 2181 Cantacuzeni
918 2153 1067 2182 matrem
1091 2148 1263 2182 introivit.
1301 2148 1461 2195 Cumque
1487 2153 1634 2193 propter
1651 2147 1729 2183 for-

304 2190 478 2224 midinem
504 2190 716 2225 archontum
742 2193 842 2238 loqui
870 2205 944 2227 non
966 2195 1135 2236 auderet,
1182 2200 1372 2239 sequentes
1398 2195 1584 2235 custodes,
1617 2198 1658 2227 ut
1679 2193 1729 2226 li-

307 2236 431 2276 cebat,
454 2236 605 2277 fallens,
641 2248 660 2269 e
697 2237 845 2272 brachio
874 2240 1087 2274 mittendum
1124 2241 1331 2284 sanguinem
1362 2246 1461 2285 gestu
1495 2238 1729 2285 significabat.

306 2281 450 2316 Deinde
474 2288 593 2315 mutus
617 2284 722 2327 plane
749 2284 884 2318 abibat.
930 2286 1100 2320 Mulieres
1123 2286 1252 2319 iterum
1281 2286 1512 2321 archontibus
1537 2285 1729 2330 supplices,

306 2327 579 2373 phlebotomum
615 2329 842 2365 introducere
875 2343 950 2366 non
986 2332 1294 2377 permittebantur.
1353 2333 1412 2366 Sic
1451 2331 1548 2365 omni
1587 2340 1730 2376 prorsus

308 2373 494 2408 cui-atione
516 2380 641 2419 negata
665 2380 702 2409 et
724 2376 818 2410 febri
842 2384 1058 2422 consumpta,
1079 2383 1202 2412 octavo
1227 2378 1310 2411 Idus
1334 2379 1531 2418 Ianuarias,
1557 2376 1731 2410 indictio-

308 2431 355 2454 ne
380 2419 536 2459 decima,
573 2431 667 2455 anno
693 2422 738 2456 ab
764 2423 851 2456 orbe
882 2423 1027 2457 condito
1065 2424 1178 2457 sexies
1210 2424 1400 2458 millesimo
1434 2422 1731 2468 octingentesimo

310 2466 400 2509 quin
428 2467 607 2510 uagesimo
649 2467 742 2502 hanc
779 2470 896 2502 lucem
933 2468 1075 2503 deserit.
1121 2470 1348 2514 Imperatoris
1382 2468 1577 2505 Andronici
1611 2478 1732 2508 soror,

310 2522 407 2556 quon
435 2521 491 2544 am
514 2511 696 2554 Michaeli‚
720 2515 922 2549 Moesorum
946 2516 1033 2560 regi,
1057 2521 1180 2559 nupta,
1208 2521 1245 2549 et
1271 2517 1400 2551 marito
1423 2522 1563 2550 mortuo
1587 2513 1634 2546 ad
1656 2513 1732 2547 fra-

308 2561 399 2589 trem
432 2567 590 2597 reversa,
628 2560 775 2604 vitaque
809 2561 926 2593 aulica
964 2561 1090 2594 relicta
1127 2567 1163 2594 et
1198 2563 1431 2597 monasticam
1468 2559 1652 2606 complexa
1691 2567 1734 2591 ³0

312 2601 515 2635 Theodosia
541 2615 584 2636 ex
606 2604 795 2639 Theodora
819 2605 932 2646 dicta,
959 2606 1022 2640 ubi
1040 2603 1118 2639 veam
1142 2608 1296 2641 animam
1319 2620 1421 2654 agere
1445 2605 1645 2646 intellexit,
1668 2615 1733 2638 ve·

310 2646 367 2679 lut
393 2658 621 2682 remunerans
648 2651 724 2684 eius
751 2654 790 2686 in
815 2662 852 2686 se
875 2653 1000 2685 merita
1025 2653 1095 2696 (sui
1131 2654 1227 2686 enim
1261 2654 1526 2699 cupidissimam
1557 2650 1734 2695 senserat)

311 2691 352 2744 in
375 2703 547 2726 carcerem
574 2697 696 2736 venit,
732 2703 768 2731 et
791 2709 903 2743 usque
929 2698 973 2731 ad
996 2698 1162 2732 ultimum
1187 2700 1352 2744 spiritum
1377 2700 1422 2733 ab
1453 2711 1494 2733 ea
1517 2709 1590 2732 non
1614 2707 1732 2730 reces-

313 2742 381 2780 s1t‚
411 2749 518 2784 quam
550 2741 680 2775 elatam
712 2743 751 2778 in
775 2744 992 2778 monasterio
1027 2745 1128 2784 aviae
1165 2745 1278 2790 ipsius
1306 2745 1496 2781 defunctae
1530 2749 1733 2782 matronae,
