1800 3132
497 175 877 220 HISTORIARIJM
917 181 990 221 111.
1029 185 1071 225 ιι.
1435 163 1515 235 33,

63 280 138 334 τῆς
165 279 415 333 θαυμαστῆς
441 279 602 333 ἐκείνης
630 280 776 336 φιλίας
803 282 1011 333 βασιλέως
1034 282 1117 336 ’τῆς
1144 278 1251 337 πρός
1277 283 1351 336 σὲ,
1380 277 1412 339 ᾗ
1439 282 1510 325 διὰ
1524 286 1604 334 ΑΒ,
1622 287 1704 342 {³4¹

63 344 110 388 τὸ
135 346 311 399 μέγεθος
340 341 438 386 οῦδὲ
464 345 677 386 πιστεύειν
713 342 828 399 εἶχον
857 345 895 387 οἱ
937 349 1088 389 πολλοί
1098 365 1113 400 ,-
1149 347 1242 389 ἀλλ’
1267 348 1343 397 ουἰι
1371 347 1514 402 οἴομαι

67 409 344 466 δυνήσεσθαι,
383 408 428 451 εἴ
458 424 504 464 γε
541 412 615 452 καί
649 408 837 464 μάλιστα
866 411 1054 465 ἐβούλου.
1111 410 1230 466 οἶμαι
1268 412 1352 468 γάρ
1381 412 1424 456 εἴ
1450 431 1514 464 τις

65 475 143 531 τήν
185 477 232 517 ἐν
274 471 512 531 ἀνθρώποις
552 473 722 519 ἅπασαν
761 478 907 532 φιλίαν
946 477 1194 532 συλλαβών,
1237 476 1380 522 ἔπειτα
1408 479 1515 536 πρὸς

41 539 335 596 ὄπαράδειγμά
374 556 416 583 τι
452 542 648 596 θελήσειε
687 548 878 595 σκοπεῖν,
922 545 966 594 ἐξ
1004 538 1055 585 οὗ
1079 550 1166 593 τοῖς
1196 539 1338 594 ἄλλοις
1366 561 1411 587 τε
1439 541 1516 586 κά-

67 605 187 663 κείνῳ
214 603 290 661 τὴν
326 601 458 662 αὖτῆς
492 605 618 661 ἰσχύν
655 609 819 657 ἐξέσται
859 610 1074 663 κατιδεῖν,
1115 608 1226 663 ὑμᾶς
1271 606 1322 652 ἂν
1357 610 1512 664 μόνους

66 670 390 727 παραδραμών,
432 671 491 721 ὥς
536 675 609 715 καί
641 672 739 723 τούς
780 670 905 729 ὅρους
945 672 1096 730 ταύτης
1141 673 1431 731 ὑπερβάντας,
1469 678 1516 718 ἐκ

66 739 150 779 τῶν
177 739 403 780 ἐπιλοίπων
430 739 710 793 ἔξευρισκειν,
740 735 821 793 δ’,τι
859 736 910 781 ἂν
938 737 1029 795 εἴη,
1057 743 1289 796 πειρᾶσθαι
1316 743 1481 796 πρῶτον
1502 759 1511 768 ·

66 804 262 848 τοσοῦτον
296 803 349 844 οὗ
377 802 479 853 τούς
507 802 659 860 φίλους
683 805 837 859 μόνον,
884 804 991 848 ἄλλά
1023 806 1097 848 καὶ
1121 807 1239 848 ἰδέαν
1268 805 1402 861 αὐτὴν
1439 809 1516 861 τῆς

19 869 215 925 ιοφιλίας
244 867 399 912 ἔθεσθε
425 869 610 914 κατόπιν.
666 873 740 913 καί
775 874 900 913 τοῦτο
926 872 1004 912 οὐκ
1028 874 1074 913 ἐκ
1111 874 1195 915 τῶν
1222 874 1517 928 πραττομένων

66 933 196 988 μόνον
222 930 274 991 ἦν
307 935 412 992 ὄρᾷν
429 968 442 988 ,
472 939 547 978 καί
570 938 778 991 βασιλέως
809 939 855 979 δὲ
882 933 934 993 ἢν
963 935 1134 980 οἷκουέιν
1160 936 1293 979 πολλοὶ
1322 937 1520 986 πολλάκις

70 1003 382 1057 φθεγγομένου,
412 999 468 1052 ὥς
496 1003 570 1044 καί
596 1001 805 1059 φιλτάτων
832 1004 907 1046 καί
926 1002 1121 1058 γυναικὸς
1148 1006 1221 1045 καί
1247 1002 1518 1056 συμπάντων,

70 1063 127 1115 ὥς
153 1068 281 1108 εἰπεῖν
290 1100 303 1120 ,
329 1064 559 1123 χρημάτων
587 1066 662 1124 τήν
697 1071 761 1118 εἰς
800 1070 849 1111 σὲ
877 1072 1026 1126 φιλίαν
1053 1074 1287 1126 προηγοΐτο.
1343 1066 1520 1123 πότερον

71 1126 146 1174 οὖν
189 1132 247 1182 ὥς
282 1135 362 1187 μὲν
403 1135 646 1190 ἐπιλέλησαι
683 1137 760 1190 τῆς
784 1138 994 1189 βασιλέως
1024 1138 1190 1191 φιλίας,
1220 1130 1320 1176 οὖδὲ
1344 1137 1401 1192 τῷ
1426 1135 1539 1175 λίαν·

22 1199 365 1258 ιόσυκοφαντικῷ
390 1198 493 1249 τούς
519 1198 701 1256 τρόπους
728 1203 860 1243 εἰπεῖν
891 1203 1074 1253 ἐξέσται·
1103 1198 1167 1243 ὅτι
1195 1202 1242 1242 δὲ
1257 1201 1520 1255 μεμνημένος

69 1265 321 1318 α’γνωμονεῖς
362 1268 438 1307 καί
469 1271 556 1316 τοῖς
593 1269 802 1320 βασιλέως
839 1270 985 1309 παισίν
1020 1268 1213 1317 ἐναντίας
1249 1261 1277 1324 ᾗ
1315 1267 1521 1321 προσῆκεν

69 1329 278 1380 ἀποδίδως
321 1330 504 1386 ἀμοιβάς
543 1331 653 1385 μετὰ
702 1331 780 1388 τήν
822 1335 980 1375 ἐκείνου
1019 1329 1247 1388 τελευτήν;
1294 1327 1385 1372 ἀλλ’
1416 1325 1514 1370 οὔτε

67 1398 192 1437 τοῦτο
219 1395 310 1452 σὸν,
353 1393 494 1455 ὥσπερ
527 1398 628 1440 οὐδὲ
667 1398 714 1440 τὸ
756 1401 933 1455 πρῶτον.
989 1399 1040 1440 οὔ
1075 1397 1160 1454 μὴν
1188 1399 1275 1439 ἀλλ’
1307 1396 1406 1438 ου’δὲ
1433 1396 1645 1460 τῶνγ,,93

71 1460 178 1515 πρὸς
204 1463 280 1515 έμέ
309 1478 385 1505 σου
413 1462 562 1518 λόγων,
594 1461 668 1514 οὓς
694 1462 905 1519 ἑκάστοτε,
923 1463 997 1506 καί
1021 1466 1231 1518 βασιλέως
1261 1465 1426 1515 ζῶντος,
1456 1463 1556 1510 ‹ic-D

20 1529 222 1581 2()·’ἲξί’δις,
253 1523 351 1578 ἄξια
377 1527 428 1570 τοὶ
460 1529 688 1584 δεδογμένα
707 1534 795 1573 νῦν.
824 1532 878 1571 ου’
903 1530 984 1586 γὰρ
1009 1531 1142 1586 δήπου
1171 1545 1218 1583 γε
1249 1530 1520 1582 ἐπιλέλησαι,

74 1591 132 1642 ὥς
173 1592 350 1644 πολλούς
390 1595 555 1649 α’γῶνας
597 1598 669 1638 καί
698 1597 918 1645 κινδύνους
947 1598 1020 1638 καί
1052 1595 1259 1646 θάνατον,
1303 1595 1342 1635 εἷ
1365 1588 1451 1635 οἷόν
1479 1608 1525 1634 τε

72 1659 227 1713 εἰπεῖν,
255 1659 360 1716 ὑπὲρ
389 1662 466 1715 τῆς
492 1658 596 1716 ἐμῆς
625 1662 834 1717 αἷφελειάς
862 1661 1035 1704 καὶτῶν
1062 1662 1227 1703 παίδων
1257 1655 1524 1711 ἑτοιμότατος

165 1775 202 1808 9-
227 1763 291 1805 τῆς
317 1775 386 1798 om.
409 1765 444 1799 P.
544 1778 597 1802 ιι.
621 1762 667 1810 ἦν
695 1766 906 1814 ante-6912&
930 1778 997 1800 om.
1023 1767 1058 1801 P.
1179 1764 1221 1799 δὲ
1245 1775 1312 1799 om.
1337 1765 1371 1798 Ρ.

75 1858 282 1899 amicitiae,
306 1869 400 1904 quae
428 1860 640 1906 imperatori
666 1866 786 1895 tecum
813 1861 909 1902 fuit,
934 1872 1041 1907 quam
1062 1864 1212 1906 propter
1234 1859 1526 1905 magnitudinem

75 1904 221 1939 credere
255 1907 466 1951 imperitum
501 1907 629 1952 vulgus
656 1920 729 1941 non
758 1908 928 1952 poterat?
965 1909 1076 1954 Atqui
1107 1907 1176 1940 hoc
1200 1911 1236 1940 te
1261 1908 1413 1952 nequire
1439 1907 1528 1951 opi-

73 1964 164 1993 nor,
202 1952 344 1986 etiamsi
383 1953 485 1986 velis.
546 1954 607 1987 Sic
635 1955 733 1986 enim
759 1960 899 1994 statuo,
930 1953 1114 1999 quidquid
1138 1958 1193 1987 est
1225 1954 1263 1986 in
1288 1964 1418 1997 genere
1438 1953 1526 1986 hu-

72 2009 181 2031 mano
214 2000 483 2034 coniunctionis
519 2005 556 2033 et
595 2001 857 2034 familiaritatis
878 2026 888 2039 ‚
925 2003 955 2034 si
992 2002 1074 2046 quis
1111 2001 1148 2033 in
1183 2011 1297 2032 unum
1325 2000 1525 2043 colligeret,

74 2045 208 2078 deinde
244 2046 290 2078 ad
323 2047 527 2091 exemplum
567 2047 720 2093 aliquod
753 2049 931 2092 respicere
968 2049 1102 2087 vellet,
1138 2058 1183 2079 ex
1215 2057 1288 2092 quo
1314 2051 1351 2079 et
1375 2047 1460 2079 aliis
1488 2051 1526 2078 et

74 2092 146 2124 sibi
171 2093 243 2125 vim
269 2093 346 2126 eius
370 2093 499 2127 liceret
524 2094 743 2138 perspicere,
769 2095 872 2127 vobis
897 2095 982 2127 solis
1011 2093 1214 2138 praeteritis
1246 2092 1304 2137 (ut
1327 2093 1389 2137 qui
1413 2094 1524 2126 etiam

75 2139 249 2171 terminos
276 2139 386 2173 huius
411 2141 702 2183 transcendistis)
739 2141 837 2174 inter
873 2141 965 2174 alios
998 2143 1120 2185 potius
1146 2139 1185 2171 id
1209 2138 1523 2183 investigandum:

75 2195 191 2229 usque
218 2185 308 2220 adeo
342 2196 417 2220 non
452 2187 586 2221 amicos
624 2187 873 2221 tantummodo
900 2188 1109 2233 quoslibet,
1135 2186 1198 2219 sed
1232 2187 1348 2230 ipsam
1376 2196 1524 2231 quoque

75 2231 294 2265 insidentem
319 2232 358 2266 in
383 2233 514 2270 animis
539 2234 720 2267 amicitiae
745 2234 863 2268 ideam
889 2235 1119 2279 speciemque
1152 2232 1403 2276 exsuperastis.
1458 2234 1525 2265 At-

77 2289 149 2324 que
173 2277 242 2311 hoc
267 2289 342 2312 non
370 2279 409 2312 in
434 2281 480 2313 iis
506 2281 742 2326 solum,quae
767 2280 949 2325 agebatis,
967 2285 1044 2313 erat
1079 2279 1283 2318 observare,
1308 2277 1372 2312 sed
1403 2278 1523 2321 impe-

75 2329 232 2357 ratorem
262 2331 451 2371 praeterea
487 2337 747 2371 saepenumero
782 2327 904 2360 multis
942 2327 1063 2360 verbis
1100 2326 1355 2359 testificantem
1380 2324 1524 2358 audivi-

75 2381 176 2411 mus,
201 2376 237 2403 te
265 2372 335 2406 sibi
361 2372 536 2407 etliberis
549 2379 587 2406 et
615 2385 727 2407 uxore
754 2379 801 2414 et,
825 2379 864 2407 ut
887 2373 1045 2407 breviter
1069 2373 1198 2411 dicam,
1218 2370 1326 2403 rebus
1352 2370 1522 2404 omnibus

77 2418 253 2450 cariorem
277 2429 364 2452 esse.
414 2421 510 2453 Num
535 2420 647 2465 igitur
670 2432 717 2454 ne
742 2421 895 2465 insignis
920 2420 1068 2465 quidem
1098 2418 1334 2451 calumniator
1352 2423 1388 2450 te
1411 2416 1521 2451 huius

77 2464 260 2498 amicitiae
297 2465 474 2508 oblitum,
508 2477 703 2502 memorem
735 2472 859 2500 autem
903 2467 1023 2501 nihilo
1061 2466 1180 2498 minus
1216 2463 1380 2508 improbe
1416 2476 1521 2508 agere

77 2510 280 2556 liberisque
305 2512 532 2557 imperatoris
557 2519 640 2558 post
665 2516 743 2547 eius
768 2513 910 2547 obitum
936 2515 1026 2547 alias
1052 2522 1159 2557 quam
1195 2509 1356 2544 debuisti
1388 2513 1520 2556 gratias

78 2556 213 2590 referre
242 2557 361 2592 dicere
382 2559 542 2604 poterit?
571 2561 682 2605 Atqui
707 2571 781 2593 non
805 2561 918 2606 magis
946 2561 1015 2594 hoc
1040 2565 1142 2592 tuum
1171 2562 1248 2599 est,
1274 2568 1380 2604 quam
1408 2559 1520 2601 prius.

77 2603 125 2636 At
150 2614 233 2637 vero
261 2614 328 2637 nec
351 2607 423 2639 tuis
449 2607 677 2639 sermonibus
693 2632 703 2646 ‚
727 2617 819 2651 quos
845 2618 1006 2651 semper,
1035 2605 1144 2638 etiam
1166 2604 1247 2639 vivo
1287 2605 1520 2648 imperatore,

78 2660 218 2683 mecum
251 2650 423 2692 habebas,
464 2653 729 2686 consentientia
766 2660 864 2693 sunt,
889 2664 982 2699 quae
1024 2650 1194 2685 statuisti.
1261 2649 1343 2682 Non
1379 2651 1475 2683 enim
1503 2662 1522 2684 e

79 2697 255 2730 memoria
281 2697 418 2731 excidit
441 2699 510 2732 tibi
538 2699 713 2744 profecto,
728 2705 768 2733 ut
792 2700 907 2732 muita
934 2704 969 2732 te
995 2698 1192 2737 certamina
1216 2697 1409 2743 variosque
1421 2707 1521 2730 casus

82 2747 119 2775 et
159 2749 311 2777 mortem
345 2756 491 2790 quoque
523 2746 660 2791 ipsam,
696 2746 727 2779 si
764 2746 836 2780 dici
871 2746 924 2778 sas
970 2750 1044 2785 est,
1078 2755 1144 2789 pro
1175 2744 1265 2777 meis
1292 2744 1522 2788 filiorumque

81 2799 244 2822 meorum
287 2790 488 2825 rationibus
517 2791 740 2827 turbulentis
775 2791 1000 2839 temporibus
1024 2792 1293 2838 promptissime
1318 2789 1526 2824 subiturum

130 2857 402 2894 Camacuzenus
427 2860 472 2895 ΙΙ.
1239 2860 1258 2894 3
