1820 3152
532 195 908 238 HISTORIARUM
950 197 1020 235 111.
1048 197 1118 243 93.
1410 173 1519 248 573

92 299 251 341 ἐκείνου
278 295 443 350 γνώμην
469 293 658 350 ἔχοντος,
691 295 898 350 κωλυθείη
927 297 973 337 δὲ
1002 293 1085 336 nimi
1110 296 1188 336 τοῦ
1215 294 1371 349 πατρὸς
1406 291 1611 338 tium-AC.
1632 306 1718 351 1346

94 361 320 411 πτευκότος
369 360 443 402 καὶ
486 360 555 403 διὰ
596 359 752 417 ταύτην
787 359 860 416 τήν
899 361 1034 403 αἰτίαν
1075 359 1181 415 πρὸς
1220 358 1526 415 Θεσσαλονίκην

92 431 350 481 πέμψαντος.
403 428 499 469 νυνί
536 429 582 469 δὲ
623 429 700 469 τοῦ
739 430 889 482 καιροῦ
918 427 1053 476 καλῶς
1080 428 1430 482 παρασχομένου,
1471 424 1526 468 τοὶ

92 494 222 535 πάλαι
269 491 373 534 κατὰ
407 489 574 547 γνώμην
613 495 672 541 εἰς
700 491 819 548 ἔργον
848 488 964 546 ἄγειν
990 491 1102 545 μετὰ
1128 490 1240 534 πάνυ
1283 493 1413 546 καλῆς
1455 490 1529 533 καὶ

66 559 338 611 ὄθαυμασίας
364 561 439 613 τῆς
469 557 721 614 προσθήκης.
771 554 886 614 ἄγειν
912 557 990 614 γὰρ
1020 560 1118 611 μεθ’
1139 555 1291 600 ἑαυτοῦ
1317 556 1388 598 καὶ
1417 558 1526 599 Θεσ-

90 627 310 679 σαλονίκην
328 656 340 678 ,
371 622 477 677 μετὰ
505 624 580 680 την
605 623 788 680 μεγάλην
826 624 940 680 παρὰ
975 625 1200 677 Ῥωμαίοις
1238 620 1408 679 πρώτην
1448 621 1526 664 πό-

89 694 174 742 λιν,
211 689 287 731 καί
321 691 563 746 ὑποχείριον
600 690 717 748 αὐτῷ’
741 697 900 745 ποιεῖν,
942 691 994 731 ου’
1021 688 1173 745 μικρὸν
1208 692 1282 745 τῆς
1306 689 1526 742 Ῥωμαίων

87 754 311 810 ἡγεμονίας
329 756 457 810 μέρος
484 752 628 799 οὖσαν.
675 751 727 798 οὗ
756 755 806 811 δὴ
838 759 956 799 ἕνεκα
984 758 1055 799 καί
1081 756 1195 813 αὐτῷ
1220 756 1501 811 μεμηνυκέναι
1511 787 1524 808 ,

89 823 161 864 ἵνα
190 820 263 863 καί
289 821 414 872 αυ’τὸς
442 821 688 877 συνήδοιτο,
721 822 777 872 ὥς
803 825 936 878 χωρίς
964 823 1218 878 πραγμάτων
1235 823 1310 863 καί
1335 822 1525 873 πολέμων

41 889 338 943 ιοτηλικαύτην,
353 887 475 930 πόλιν
501 886 623 942 ἔχων.
668 888 742 931 καί
772 888 899 938 αὐτὸς
926 890 1144 944 ἐκκλησίαν
1173 890 1365 944 φανερῶς
1393 902 1563 935 ovata-c

88 951 228 1008 γαγιὸν
255 952 300 995 ἔκ
327 969 370 995 τε
399 955 483 996 τῶν
510 955 691 1009 α’ρίστων
717 957 791 996 καί
813 958 888 1010 τῆς
918 948 1122 1011 στρατιᾶς
1163 953 1235 996 καὶ
1276 956 1357 997 τῶν
1386 948 1525 996 ἄλλων

88 1019 266 1061 πολιτῶν
293 1022 378 1061 τῶν
403 1017 585 1072 μάλιστα
615 1023 660 1074 έν
687 1019 815 1079 λόγῳ,
858 1019 1100 1074 ἐβουλεύετο
1141 1022 1360 1077 φανερῶς,
1396 1020 1437 1062 εἰ
1462 1021 1532 1062 δεῖ

87 1089 260 1139 βασιλεῖ’
279 1091 540 1140 προσχωρεῖν
557 1089 615 1144 τῷ
633 1089 991 1145 Καντακουζηνιῖί,
1020 1089 1092 1128 καί
1120 1086 1246 1136 αὕτὸς
1271 1085 1346 1141 τήν
1368 1085 1520 1129 οἰκείαν
1530 1091 1574 1126 V.
1585 1091 1653 1135 539

87 1151 255 1206 γνώμην
285 1153 516 1207 προετίθει,
547 1150 695 1208 αἷς-εἴη
724 1156 936 1202 λυσιτελὲς
963 1154 1036 1195 ὑπ’
1052 1154 1193 1211 ἐκείνῳ
1220 1154 1378 1205 μᾶλλον
1406 1149 1526 1207 εἶναι,

39 1212 116 1271 152}x
144 1219 395 1268 Βυζαντίοις
425 1219 671 1272 προσέχειν,
709 1220 809 1260 οὐδὲ
844 1216 1012 1268 ἑαυτοῖς
1054 1218 1159 1273 πρὸς
1196 1215 1362 1271 ἄμυναν
1402 1219 1528 1275 ἔξαρ-

87 1285 220 1325 κοῦσι.
279 1282 353 1324 καί
376 1283 526 1333 πάντες
553 1281 692 1338 ὥσπερ
724 1285 770 1326 ἐκ
789 1284 1053 1341 συνθήματος
1079 1286 1395 1340 ἐπεψηφίζοντο.
1424 1288 1526 1326 Κω-

87 1351 218 1397 καλᾶς
254 1350 300 1390 δὲ
339 1351 380 1391 Γ
379 1349 570 1404 εώργιος,
609 1350 764 1400 πολλὰς
802 1353 880 1404 μὲν
907 1350 981 1392 καὶ
1006 1349 1132 1400 αὐτὸς
1170 1349 1357 1399 ὖποστάς
1397 1366 1524 1403 μετα-

86 1412 216 1468 βολὰς
248 1413 362 1469 παρὰ
391 1414 465 1456 τὸν
491 1417 570 1457 τοῦ
601 1418 783 1469 πολέμου
814 1416 993 1472 χρόνον,
1024 1416 1139 1469 ὅμως
1165 1418 1213 1458 δὲ
1239 1415 1291 1458 τὰ
1320 1418 1526 1470 βασιλέως

87 1482 247 1533 μᾶλλον
269 1480 500 1537 ᾑρημένος,
544 1481 826 1536 ἐπεψηφίζετο
856 1486 928 1524 καί
964 1479 1094 1531 αὐτὸς
1121 1479 1226 1524 τότε
1244 1481 1318 1536 τὴν
1349 1480 1524 1536 βουλήν·

34 1543 244 1599 2οὸμοίως
285 1548 332 1588 δὲ
369 1547 443 1587 καί
476 1546 766 1600 Παλαιολόγος
805 1549 1020 1602 Ἀνδρέας,
1067 1552 1153 1596 τοῖς
1185 1550 1401 1602 Ζηλωταΐς
1439 1548 1559 1599 μὲνῙ)

85 1611 282 1667 πρότερον
299 1611 440 1654 συνών
478 1614 552 1654 καί
585 1610 866 1667 συμπράττων
894 1611 972 1655 ὅσα
1000 1612 1186 1665 μάλιστα
1206 1614 1325 1667 ἐνῆν,
1352 1614 1522 1667 μέτριος
1595 1614 1598 1617 ’

85 1681 132 1721 δὲ
177 1675 283 1720 εἶναι
325 1680 458 1719 δοκῶν
505 1677 579 1719 καί
614 1675 765 1734 ἀρετῆς
801 1676 1112 1721 ἀντιποιεῖσθαι
1149 1681 1222 1721 καί
1251 1677 1389 1735 φόνων
1419 1680 1520 1720 α’πέ-

82 1748 240 1798 χεσθαι
267 1745 340 1786 καί
366 1744 564 1800 ἁρπαγῶν
582 1777 594 1797 ,
625 1746 678 1786 δι’
697 1743 727 1786 ἃ
753 1744 826 1786 καί
856 1740 939 1786 τῶν
978 1740 1114 1787 ἄλλων
1143 1746 1354 1800 Ζηλωτῶν
1394 1745 1517 1786 ἐλαυ-

85 1811 290 1863 νομένων,
328 1806 495 1865 ἢξιοῦτο
527 1812 702 1867 φειδοῦς
747 1809 899 1864 αὕτὸς,
931 1810 1002 1852 διὰ
1029 1810 1104 1867 τήν
1131 1812 1369 1867 προσοῦσαν
1397 1810 1517 1852 σύνε-

178 1923 230 1947 ιι.
255 1911 319 1954 τῆς
345 1921 414 1945 om.
438 1911 475 1945 P.
547 1907 673 1946 2345102
703 1911 743 1944 P.

82 1994 342 2036 protostratore
371 2000 494 2023 socero
518 1987 645 2022 eadem
670 1989 849 2022 sentiente
873 1988 1012 2034 pridem
1037 1988 1084 2023 ad
1106 1999 1188 2023 eum
1211 1990 1363 2024 transire
1380 1991 1515 2025 voluis-

83 2049 143 2071 se:
170 2048 294 2070 verum
331 2049 352 2070 a
383 2042 487 2081 patre
518 2034 767 2080 prohibitum,
799 2036 863 2080 qui
888 2036 982 2068 istuc
1006 2036 1196 2077 olfaciens,
1222 2037 1515 2072 Thessaionicam

83 2095 122 2117 se
152 2084 318 2119 misisset.
377 2083 501 2122 Nune,
534 2084 703 2128 quoniam
738 2083 921 2127 praeclara
953 2093 991 2116 se
1024 2083 1163 2116 occasio
1186 2083 1384 2124 obtulerit,
1421 2096 1516 2131 quae

83 2130 148 2164 diu
171 2130 240 2163 iam
264 2129 360 2175 apud
387 2131 548 2162 animum
578 2129 826 2174 proposuerit,
864 2139 973 2174 opere
997 2131 1163 2176 exsequi,
1202 2141 1282 2163 cum
1315 2133 1515 2176 praestanti

83 2188 126 2211 ac
161 2177 281 2210 nobili
304 2176 482 2210 auctario:
531 2186 649 2209 secum
676 2177 768 2209 enim
794 2175 973 2209 adducere
1013 2182 1049 2210 et
1085 2177 1142 2210 illi
1178 2177 1334 2210 subdere
1361 2177 1516 2213 Thessa-

82 2224 260 2264 lonicam,
295 2235 367 2269 qua
399 2228 481 2268 post
505 2222 858 2267 Constantinopolim
885 2224 1035 2256 Romani
1061 2223 1186 2257 urbem
1209 2226 1379 2258 maiorem
1405 2230 1442 2258 et
1465 2227 1514 2260 il-

83 2270 288 2304 lustriorem
324 2280 398 2303 non
430 2268 599 2303 habeant.
665 2270 863 2315 Quocirca,
895 2268 965 2303 hoc
992 2271 1027 2303 ei
1050 2272 1280 2315 significare,
1310 2276 1351 2304 ut
1371 2276 1408 2304 et
1432 2274 1511 2317 ipse

85 2318 175 2351 citra
212 2318 397 2350 molestias
442 2321 478 2349 et
510 2327 647 2362 pugnas
689 2321 825 2350 tantam
857 2327 894 2349 se
926 2316 1106 2350 civitatem
1143 2319 1304 2362 accipere
1340 2318 1508 2352 laetetur.

83 2364 201 2397 Palam
225 2369 345 2396 autem
375 2364 552 2397 exercitus
597 2369 635 2397 et
665 2364 917 2408 primariorum
960 2364 1094 2397 civium
1117 2364 1300 2409 principes
1323 2364 1362 2396 in
1387 2367 1510 2399 conci·

82 2411 174 2444 lium
212 2421 366 2449 vocans,
395 2420 483 2442 num
518 2409 564 2442 ad
599 2409 884 2444 Cantacuzenum
918 2416 1013 2444 esset
1042 2411 1300 2444 transeundum
1325 2414 1514 2457 quaesivit,

85 2468 258 2502 suamque
295 2457 431 2500 primus
468 2458 684 2491 sententiam
725 2457 840 2497 dixit,
878 2463 1057 2501 praestare
1098 2457 1155 2491 illi
1187 2458 1356 2498 subesse,
1402 2470 1511 2506 quam

83 2514 211 2548 parere
245 2503 445 2546 Byzantiis,
482 2504 545 2549 qui
586 2515 654 2537 nec
682 2509 796 2538 semet
818 2505 958 2548 possint
981 2503 1187 2538 defendere.
1237 2503 1414 2539 Omnibus
1439 2518 1510 2539 una

83 2558 205 2584 mente
230 2549 529 2589 assentientibus,
559 2550 732 2595 Georgius
758 2551 923 2590 Cocalas,
960 2552 1023 2596 qui
1048 2552 1124 2594 ipse
1152 2562 1298 2598 quoque
1321 2551 1417 2586 bello
1442 2552 1511 2587 hoc

83 2598 182 2630 varia
218 2602 312 2630 sorte
348 2607 452 2636 usus,
485 2601 606 2630 tamen
641 2597 846 2641 imperatori
885 2598 994 2639 magis
1029 2597 1268 2638 adhaerebat,
1297 2597 1394 2632 hunc
1422 2610 1510 2633 con-

83 2654 227 2676 sensum
249 2644 415 2687 suffragio
442 2654 505 2676 suo
531 2645 639 2676 etiam
666 2643 906 2677 confirmavit:
932 2644 1100 2677 similiter
1125 2649 1162 2677 et
1186 2643 1344 2679 Andreas
1363 2647 1511 2679 Palaeo-

82 2690 209 2735 logus,
241 2690 302 2735 qui
340 2694 446 2723 antea
480 2691 575 2723 inter
605 2691 742 2724 Zelotas
767 2697 992 2730 numeratus,
1028 2702 1250 2736 summopere
1281 2702 1341 2726 eos
1365 2692 1510 2726 adiuva·

82 2735 167 2770 bat:
198 2737 261 2769 sed
296 2737 382 2782 quia
418 2735 634 2770 moderatIOr
680 2743 715 2770 et
739 2737 883 2770 virtutis
918 2738 1094 2772 amantior
1136 2744 1245 2784 atque
1284 2749 1304 2770 a
1338 2739 1507 2772 caedibus

84 2788 120 2816 et
148 2784 283 2829 rapinis
316 2782 567 2818 abhorrentior
606 2783 824 2829 apparebat,
867 2784 1000 2819 idcirco
1033 2785 1114 2819 aliis
1151 2786 1334 2831 expulsis,
1368 2786 1507 2821 veniam
