1812 3146
268 160 382 229 484
787 175 1157 219 CANTACUZENI

74 289 262 337 A.C.1344
275 276 629 335 ἀγανακτοῦντος,
662 276 818 331 πικρῶς
845 276 917 319 καί
946 275 1237 332 ἀπανθρώπως
1266 276 1547 339 κολαζόντων,
1585 268 1705 325 οὗτος

268 350 353 393 τοῖς
393 343 802 396 συλλαμβανομένοις
838 343 884 384 ἐκ
924 344 1005 385 τῶν
1043 342 1352 398 προσκειμένων
1378 342 1565 395 βασιλίδι
1623 357 1707 382 πα-

271 409 433 464 ρείχετο
458 410 530 449 καί
552 408 685 462 δῶρα,
708 409 780 450 καί
797 406 899 463 πρὸς
926 406 1072 463 ὕβρεις
1100 405 1281 462 αἰσχράς
1306 408 1379 448 καί
1405 407 1707 460 ἀνελευθέρους

234 472 319 516 Βοῦ
347 474 476 528 μόνον
503 473 668 515 ἐκείνων
694 474 989 526 τετραμμένων
1010 505 1022 526 ,
1052 469 1159 513 α’λλὰ
1180 470 1253 513 καί
1268 470 1364 520 τοὺς
1391 466 1542 519 ἄλλους
1570 467 1705 511 ἅπαν-

269 556 344 588 τας
369 541 699 592 ἐκκαλουμένων,
744 533 864 588 οὗτος
900 540 1039 580 πᾶσαν
1079 538 1309 592 αὐστηρίαν
1341 538 1625 587 ἐπεδείκνυτο,
1667 530 1732 574 εἴὸ

269 621 334 654 τις
363 602 603 661 πατριάρχῃ
633 600 660 659 ἢ
685 603 850 661 μεγάλῳ
883 602 1005 645 δουκί
1030 598 1057 657 ἢ
1093 600 1218 659 ἑτέρῳ
1247 603 1331 644 τῶν
1348 596 1708 657 ἅρχόντωνῦβριν

268 672 491 724 ἐπενέγκοι.
547 670 746 723 βασιλίδα
782 667 862 724 γὰρ
897 668 966 710 αἐἰ
991 670 1065 710 καί
1090 668 1265 721 βασιλέα
1304 665 1375 709 τὸν
1401 665 1595 708 vidia-dui
1626 662 1706 706 πά-

269 752 344 790 σης
371 730 468 790 ἦγον
495 731 722 790 εὖφημιάς,
757 734 890 776 αὐτοῦ
919 732 1179 786 κελεύοντος,
1211 730 1350 788 ὥσπερ
1384 728 1436 774 ἂν
1461 734 1501 774 εἷ
1525 729 1585 786 μὴ
1602 728 1707 787 πρὸς

272 802 455 849 ἐκείνους
485 802 747 855 ἐπολέμουν,
777 799 867 840 ἀλλ’
886 799 958 840 ὑπ’
976 798 1156 848 ἐκείνους
1189 793 1298 853 ἦσαν
1325 799 1581 851 τεταγμένοι.

236 870 264 904 C
390 863 464 921 οη’.
517 863 730 914 Βασιλεὺς
760 866 805 906 δὲ
834 864 924 906 ἐπεὶ
950 863 1027 913 τὰς
1051 862 1155 906 κατὰ
1187 861 1264 918 τὴν
1290 862 1402 904 κάτω
1434 862 1603 918 Θρᾴκην
1631 857 1761 902 uzi-ro

271 935 357 980 λεις
384 930 489 986 πλὴν
522 928 672 984 ὄλίγων
699 930 980 984 ὑπεποιήσατο
1022 928 1215 983 ἁπάσας,
1261 930 1332 970 ἐπί
1365 926 1441 982 τήν
1482 923 1712 982 Ἀδριανοῦ

272 994 449 1052 ἐχώρει,
498 994 571 1037 καί
605 993 766 1050 Βιζυην
805 993 878 1036 καί
902 995 978 1043 τὰς
1003 995 1132 1050 μέχρι
1159 992 1325 1036 Πόντου
1354 992 1427 1035 καί
1455 989 1604 1034 ἐκάκου
1636 1008 1711 1034 κα-

272 1061 491 1117 τατρέχων
547 1059 620 1102 καί
664 1059 902 1115 ληϊζόμενος
940 1057 999 1115 μὴ
1030 1057 1374 1114 προσχωρούσας.
1430 1059 1710 1113 προσπέμπων

234 1129 328 1168 Βδὲ
356 1129 429 1168 καί
464 1126 607 1181 κρύφα
650 1125 853 1179 διελέγετο
881 1131 966 1173 τοῖς
997 1120 1094 1167 οὖσι
1126 1122 1285 1180 φίλοις,
1315 1122 1360 1166 ἐν
1397 1125 1449 1180 τῇ
1483 1119 1714 1177 Ἀδριανοῦ

274 1195 322 1234 δὲ
353 1190 556 1247 πρότερόν
581 1206 625 1232 τε
656 1186 764 1245 ἦσαν
792 1190 868 1231 οὐκ
890 1189 1021 1244 ὄλίγοι
1036 1221 1049 1243 ,
1081 1191 1155 1231 καί
1171 1187 1260 1231 τότε
1278 1189 1513 1242 ἐπεγένοντο
1532 1185 1765 1242 ὅρῶντεςιό

275 1253 356 1313 ἤδη
386 1255 461 1310 τὴν
494 1257 714 1309 Ῥωμαίων
745 1255 968 1309 ἡγεμονίαν
1001 1253 1106 1310 πρὸς
1142 1256 1298 1297 ἐκεῖνον
1331 1254 1632 1306 ἆποκλίνασαν,
1675 1251 1718 1294 οἳ

276 1324 349 1363 καί
367 1323 603 1375 πέμψαντες
623 1318 820 1372 ἐκάλουν,
842 1319 901 1368 ὦς’
915 1318 1162 1372 δυνάμενοι,
1191 1322 1232 1361 εἶ
1255 1317 1378 1372 μόνον
1407 1315 1586 1374 ὀφθείη,
1613 1320 1716 1370 μιᾶς

276 1390 360 1430 τῶν
398 1387 539 1428 πυλῶν
589 1384 870 1439 κρατήσαντες
913 1382 1092 1438 εἰσάγειν
1129 1385 1188 1433 εἷς
1223 1383 1297 1438 τὴν
1326 1383 1459 1426 πόλιν.
1513 1381 1717 1437 βασιλεῦς

280 1455 326 1495 δὲ
370 1450 527 1499 αὐτοὺς
564 1452 636 1504 τῆς
674 1451 916 1503 προθυμίας
953 1450 1175 1497 ἐπαινέσας
1227 1450 1301 1490 καί
1347 1449 1417 1503 τῆς
1455 1448 1619 1496 εὐνοίας
1642 1448 1718 1502 τῆς

279 1517 380 1571 περὶ
414 1513 571 1568 αὐτὸν,
612 1513 775 1555 ἐκέλευε
817 1511 875 1569 μη
904 1511 1104 1569 πρότερον
1136 1515 1384 1570 ἐπιχειρεῖν,
1429 1513 1526 1569 πρὶν
1564 1515 1770 1555 ἐκεῖνονΩΟ

281 1581 406 1624 ἴδωσι
433 1585 520 1627 τοῖς
548 1579 731 1632 τείχεσιν
758 1576 1029 1634 ἐφεστηκότα.
1064 1580 1217 1621 ἐδεδίει
1244 1577 1350 1634 γὰρ,
1378 1579 1438 1634 μὴ
1472 1579 1719 1635 κατάφωροι

282 1646 568 1701 γεγενημένοι,
610 1646 724 1700 σφᾶς
764 1659 809 1685 τε
850 1641 1006 1694 αὐτοὺς
1047 1643 1122 1687 καὶ
1162 1643 1237 1700 τὴν
1268 1646 1420 1701 πρᾶξιν
1448 1641 1720 1688 ἀπολέσωσιν.

381 1764 431 1787 10.
457 1749 557 1784 κάτω
577 1762 645 1785 om.
656 1751 705 1784 Μ.

287 1841 381 1876 quae
410 1828 559 1868 fiebant,
586 1827 745 1860 dolentis
773 1827 1075 1869 subostendissct,
1103 1827 1333 1873 indignantes
1359 1829 1526 1863 atrociter
1554 1829 1655 1862 illum
1680 1833 1718 1862 et

285 1875 535 1911 inhumaniter
558 1876 747 1919 punirent:
774 1874 832 1907 hic
856 1876 971 1918 captis
1000 1876 1063 1921 qui
1090 1874 1134 1908 ab
1175 1876 1401 1920 imperatrice
1436 1880 1570 1909 starent
1608 1876 1717 1908 etiam

288 1923 383 1956 dona
419 1920 650 1965 largiebatur.
710 1921 877 1965 Cumque
910 1921 965 1953 illi
988 1921 1035 1953 ad
1072 1921 1178 1954 foeda
1206 1927 1243 1954 et
1266 1921 1461 1955 illiberalia
1495 1921 1652 1955 convitia
1679 1926 1718 1954 et

287 1969 360 2014 ipsi
389 1972 703 2007 converterentur,
744 1972 781 1999 et
813 1967 903 1999 alios
934 1979 1058 2001 omnes
1088 1968 1303 2001 incitarent:
1336 1968 1449 2008 hunc,
1487 1968 1517 1999 si
1543 1969 1625 2012 quis
1653 1973 1718 2001 aut

288 2017 330 2049 in
366 2013 604 2059 patriarcham
641 2018 704 2045 aut
739 2014 776 2046 in
815 2024 981 2056 magnum
1015 2014 1142 2046 ducem
1177 2020 1239 2046 aut
1263 2014 1372 2046 alium
1404 2013 1448 2047 de
1481 2012 1716 2047 archontibus

288 2061 586 2095 contumeliosius
623 2060 807 2105 quippiam
840 2058 1012 2100 dixisset,
1047 2060 1308 2093 severissimum
1336 2059 1598 2103 experiebatur.
1645 2060 1718 2092 lm-

291 2108 503 2153 peratricem
529 2115 672 2151 quoque
698 2110 734 2138 et
762 2106 839 2138 eius
865 2105 977 2138 filium
1003 2106 1265 2151 imperatorem,
1288 2109 1366 2150 ipso
1389 2107 1553 2147 iubente,
1579 2117 1719 2151 semper

292 2152 657 2187 honorificentissime
681 2151 935 2196 appellabant,
980 2153 1095 2186 veluti
1117 2154 1149 2186 si
1172 2163 1246 2186 non
1271 2158 1395 2185 contra
1422 2152 1505 2186 illos
1520 2177 1530 2194 ,
1564 2152 1627 2187 sed
1652 2163 1717 2197 pro

291 2201 366 2233 illis
393 2200 431 2232 in
453 2209 576 2232 eorum
600 2199 759 2231 exercitu
784 2198 994 2231 militarent.

386 2249 440 2291 78.
489 2246 697 2289 Imperator,
737 2243 914 2276 Thraciae
947 2243 1097 2278 urbibus
1120 2249 1263 2289 praeter
1298 2256 1426 2289 paucas
1450 2246 1516 2279 sub
1540 2245 1718 2279 ditionem

293 2292 445 2325 redactis
462 2316 471 2332 ‚
498 2301 618 2323 versus
650 2290 923 2334 Adrianopolim
950 2296 986 2323 et
1008 2292 1152 2336 Bizyam
1197 2300 1361 2336 quaeque
1388 2292 1433 2325 ad
1458 2293 1609 2325 Pontum
1633 2302 1719 2337 per-

293 2340 414 2371 tinent
437 2337 635 2381 profectus,
662 2341 842 2383 quotquot
869 2348 905 2370 se
933 2336 1064 2370 dedere
1092 2337 1234 2370 nollent
1257 2338 1533 2382 praedabundus
1558 2339 1719 2372 incursa-

294 2384 368 2417 bat.
428 2383 632 2417 Praemissis
666 2393 747 2416 vero
782 2383 920 2416 occulte
956 2384 1215 2423 internuntiis,
1261 2394 1338 2416 cum
1374 2385 1497 2418 amicis
1531 2386 1718 2429 negotium

293 2441 396 2463 suum
431 2429 581 2473 agebat,
619 2439 772 2474 quorum
806 2433 843 2461 et
874 2434 982 2462 antea
1015 2429 1250 2474 Adrianopoli
1285 2442 1359 2463 non
1396 2432 1499 2475 pauci
1534 2436 1654 2471 erant,
1681 2435 1719 2465 et

292 2482 389 2515 tum,
414 2477 511 2520 quod
535 2475 724 2519 imperium
751 2476 948 2508 Romanum
974 2475 1020 2509 ad
1044 2476 1149 2509 illum
1174 2476 1348 2509 inclinare
1373 2476 1719 2516 animadvertebant,

291 2523 411 2567 plures
437 2523 661 2556 exstiterunt.
710 2521 920 2565 Quinimmo
946 2521 1175 2555 accersebant
1198 2534 1299 2562 eum,
1325 2527 1364 2555 ut
1394 2525 1455 2568 qui
1486 2528 1654 2568 possent,
1687 2523 1718 2556 si

290 2567 400 2601 modo
436 2573 651 2611 appareret,
687 2580 757 2601 una
791 2577 975 2612 portarum
1001 2574 1172 2612 occupata
1198 2575 1235 2601 et
1261 2574 1405 2613 aperta,
1432 2569 1535 2602 illum
1560 2569 1598 2602 in
1624 2569 1716 2602 civi-

290 2619 402 2647 tatem
429 2614 668 2647 introducere.
718 2614 926 2659 imperator,
954 2615 1157 2659 praedicata
1182 2626 1305 2648 eorum
1331 2626 1506 2660 propensa
1530 2616 1717 2649 voluntate

290 2660 452 2703 actisque
477 2660 616 2702 gratiis,
644 2660 831 2699 hortatur,
855 2671 900 2694 ne
925 2662 1015 2705 quid
1037 2661 1137 2706 prius
1163 2661 1371 2705 inceptem,
1396 2672 1503 2704 quam
1527 2661 1643 2706 ipsum
1668 2661 1716 2694 ad

290 2706 434 2739 moenia
472 2707 707 2748 conspiciant.
764 2706 997 2740 Formidabat
1038 2718 1216 2753 namque,
1259 2719 1305 2740 nc
1341 2707 1558 2751 deprehensi
1605 2718 1717 2752 seque

289 2753 547 2798 negotiumque
573 2751 782 2796 perderent:
809 2758 845 2788 et
868 2753 975 2788 simul
998 2753 1042 2788 de
1068 2753 1128 2789 die
1152 2754 1333 2796 convenit,
1361 2764 1433 2800 quo
1459 2758 1497 2787 et
1518 2754 1595 2798 ipse
1614 2753 1718 2789 ades-
