1812 3132
305 184 323 218 1
338 165 409 230 24
828 177 1203 229 muncuzmx

95 294 182 331 A-C.
204 295 390 342 ι34ιχαις
418 282 631 335 εύψυχιάν
644 311 656 333 ,
687 276 761 322 καὶ
777 278 880 334 μετὰ
898 278 976 335 τὴν
991 281 1150 323 ἐκείνου
1171 275 1377 333 τελευτὴν
1389 277 1576 332 pactu&
1602 287 1733 322 σποῦ-

289 349 528 400 δαζομένων
558 348 716 388 ἐκείνου
747 362 792 388 τε
823 347 895 388 καί
922 348 997 401 τῆς
1027 343 1185 400 μητρὸς
1201 377 1214 397 ,
1239 344 1432 401 Ἀρτώτῳ
1453 359 1733 400 προσαγορευ-

291 414 450 470 ομένῳ·
483 410 615 469 τούτῳ
646 410 698 467 δὴ
724 410 937 466 ἐντυχών,
983 410 1027 453 εἴ
1046 427 1084 452 τι
1115 412 1214 462 περὶ
1242 406 1398 451 ἑαυτοῦ
1423 409 1578 464 εἰδείη,
1607 412 1734 452 ἐπυν-

287 476 454 520 θάνετο.
482 477 539 526 ὥς
568 478 614 518 δὲ
641 479 795 527 ἐκεῖνος
825 474 984 534 ἔφασκε
1010 477 1142 531 μηδὲν
1161 487 1171 496 ·
1201 475 1318 527 ,,α’λλ’
1349 473 1453 529 ε’γώ”
1483 472 1597 516 εἶπεν
1625 477 1734 528 „mi-

288 549 375 592 τοῖς
401 541 504 584 οἷσίν
534 539 688 597 ἀκήκοα
716 543 789 583 τοῦ
814 540 996 596 μεγάλου
1019 541 1262 593 δομεστιίιου
1292 538 1426 581 πολλοὶ
1455 541 1534 581 σοῦ’
1562 541 1634 582 καί
1658 541 1759 595 τῆς5

286 606 446 663 μητρὸς
472 599 812 664 καταφερομένου
842 605 914 648 καί
939 604 1096 661 πολλὴν
1124 606 1322 661 εὐήθειαν
1345 604 1722 659 καταγινώσκοντος

281 674 528 727 Ῥωμαίων,
577 669 641 715 ὅτι
680 674 775 714 δέον
816 671 922 728 πρὸς
960 674 1042 715 τῶν
1081 673 1229 714 κοινῶν
1266 668 1344 725 τήν
1382 671 1622 724 ἐπιμέλειαν
1647 675 1735 721 τοῖς

290 736 520 794 ὁμοφύλοις
546 738 758 794 χρῆσθαι,
798 740 871 780 καί
898 735 1080 793 ἆνδράσι
1106 737 1181 778 καί
1202 738 1371 790 γυναιξὶ
1395 739 1563 785 πολλοῖς
1590 751 1636 778 τε
1663 738 1738 779 καὶ

162 810 274 854 P.412
289 806 465 859 οἶγαθοῖς
493 799 612 846 οὖσιν
633 836 645 858 ,
675 805 713 845 οἱ
729 805 767 844 δ’
796 800 872 846 οὔκ
901 799 981 844 οἶδ’
997 800 1073 856 ὅ,τι
1099 799 1306 851 παθόντες
1323 832 1336 855 ,
1373 800 1575 859 Ἀρτώτῳ
1593 801 1734 856 χραῖν-

287 887 357 913 ται
385 870 458 911 καί
482 869 633 925 μητρί,
663 869 900 924 ἀνθρώποις
929 867 1184 924 ἀλλοφύλοις
1209 868 1283 909 καί
1309 867 1434 909 ου’δὲν
1450 860 1622 919 ἄμεινον
1641 868 1789 909 δια-ιο

290 937 491 988 κειμένοις
521 937 605 976 τῶν
632 936 794 981 πολλῶν
811 967 823 986 ,
850 933 1051 987 βασιλίδα
1079 932 1395 987 θεραπεύοντες.
1434 932 1526 974 ἀλλ’
1553 930 1630 981 ἕως
1655 932 1735 985 μὲν

290 1001 355 1044 ἔτι
382 1003 529 1056 περιῆν
556 999 579 1041 ὅ
606 1000 830 1054 βασιλεὺς,
860 999 983 1040 οὐδὲν
1011 999 1237 1052 ἀντιλέγειν
1264 991 1335 1052 ἦν,
1363 999 1447 1039 πᾶν
1463 995 1509 1040 τό
1539 994 1735 1051 περιστά-

289 1082 411 1122 μενον
439 1068 527 1109 κατ’
556 1067 749 1117 ἐξουσίαν
776 1062 1014 1119 πράττοντι.
1043 1062 1138 1107 νυνί
1160 1065 1208 1106 δὲ
1236 1066 1295 1112 εἰς
1323 1064 1397 1116 ἐμὲ
1427 1065 1510 1105 τῶν
1537 1062 1735 1119 πραγμά-

287 1150 368 1175 των
397 1134 469 1187 τῆς
496 1132 633 1187 α’ρχῆς
661 1129 965 1186 περιηκούσης,
1011 1129 1059 1171 οὗ
1088 1127 1352 1185 περιόψομαι
1391 1127 1475 1170 ύπὸ
1505 1129 1730 1180 τοιούτων,

288 1196 429 1253 ὥσπερ
459 1196 681 1253 κηφήνων,
719 1193 771 1237 τὰ
794 1193 1015 1247 Ῥωμαίων
1043 1192 1426 1248 καταναλισκόμενα
1453 1191 1569 1236 κοινὰ
1587 1225 1600 1247 ,
1642 1196 1787 1239 daz-'15

287 1265 507 1316 ἐνθέμενος
527 1263 689 1317 τριήρει
716 1259 822 1314 μετὰ
853 1259 930 1315 τὴν
956 1260 1178 1314 ἐπάνοδον,
1208 1258 1313 1315 πρὸς
1340 1258 1415 1315 τὴν
1443 1261 1600 1302 οἰκείαν
1628 1258 1734 1301 ἄπο-

286 1329 458 1382 πέμψω.
511 1326 616 1383 πρὸς
643 1332 726 1376 τοῖς
753 1321 896 1375 ἄλλοις
923 1327 970 1367 δὲ
1010 1326 1085 1368 καί
1112 1327 1270 1367 δειλίαν
1296 1327 1374 1367 σοῦ
1400 1326 1621 1380 κατηγόρει
1661 1323 1737 1366 καὶ

288 1390 518 1449 ἀνανδρίαν
544 1394 588 1434 ἐν
615 1398 707 1442 ταῖς
734 1389 909 1445 μάχαις.
965 1389 1046 1446 ἐγώ
1077 1392 1124 1434 δὲ
1153 1389 1260 1446 πρὸς
1288 1389 1365 1445 τὴν
1399 1387 1607 1445 τοσαύτην
1637 1386 1734 1432 ἄδι-

289 1458 384 1501 κιάν
430 1457 683 1511 ‹istm-9⁸29,
725 1455 930 1510 μειζόνων
967 1472 1011 1498 τε
1054 1450 1170 1507 ἄξιον
1211 1452 1238 1510 ἢ
1270 1450 1328 1497 ὧν
1355 1454 1470 1512 παρὰ
1507 1453 1733 1508 Ῥωμαίοις

289 1522 511 1578 τυγχάνειν
541 1522 688 1575 εἰδώς,
718 1523 790 1564 καί
815 1521 891 1577 τὴν
920 1522 1135 1575 θυγατέρα
1167 1518 1402 1576 προθύμως
1430 1519 1499 1562 σοὶ
1524 1519 1628 1575 πρὸς
1654 1517 1785 1575 yssi-20

255 1606 281 1638 B
291 1604 371 1642 μον
397 1585 608 1631 ἐκδιδόναι
635 1585 720 1641 ἔχω
746 1589 820 1629 καί
845 1584 980 1628 πάντα
1010 1585 1205 1642 πράττειν
1232 1585 1340 1640 ὑπὲρ
1370 1589 1449 1628 σοῦ
1477 1581 1525 1627 οὗ
1555 1584 1626 1628 διὰ
1655 1585 1732 1642 τήν

288 1655 497 1709 προτέραν
539 1654 686 1709 φιλίαν
719 1649 866 1706 μόνον,
906 1649 1012 1693 ἀλλὰ
1052 1654 1127 1694 καί
1161 1653 1235 1694 τοῦ
1280 1649 1431 1706 κήδους
1473 1653 1604 1694 ἕνεκα.
1657 1652 1733 1694 καὶ

287 1720 450 1769 εὐθέως
496 1714 646 1775 ὅρκους
687 1733 730 1761 τε
768 1723 853 1767 τοῖς
890 1719 1126 1773 λεγομένοις
1152 1719 1392 1774 προσετίθει
1419 1718 1493 1763 καί
1517 1713 1731 1771 ἑγκόλπιον

390 1843 448 1869 21,
473 1822 550 1865 ὑπὸ
575 1831 611 1866 Ρ.

287 1938 364 1967 tum
395 1931 440 1966 de
466 1930 682 1967 fortitudine
706 1931 840 1966 bellica
868 1932 1100 1966 vehementer
1123 1931 1223 1965 vivus
1247 1930 1450 1971 dilexerat,
1487 1935 1525 1965 et
1547 1933 1631 1975 post
1651 1929 1731 1964 eim

287 1985 451 2013 mortem.
466 1981 585 2024 ipsum
610 1982 834 2024 matremque
871 1979 1082 2024 imperatrix
1108 1977 1147 2012 in
1177 1979 1296 2023 pretio
1334 1975 1510 2020 habebat)
1539 1975 1637 2010 hunc
1668 1976 1728 2009 in—

288 2037 419 2072 quam,
443 2025 660 2059 conveniens
676 2050 686 2066 ,
711 2025 843 2071 ecquid
867 2024 912 2057 de
937 2035 974 2059 se
1000 2024 1172 2065 audisset,
1196 2022 1420 2069 exquirebat.
1469 2023 1536 2055 1110
1559 2026 1727 2066 negante,

287 2073 466 2112 subiecit,
492 2073 564 2116 Ego
592 2081 672 2106 vero
701 2083 870 2116 praesens
894 2071 1041 2113 audivi,
1079 2082 1160 2104 cum
1188 2081 1336 2115 magnus
1362 2068 1579 2103 domesticus
1605 2074 1730 2102 contra

286 2124 324 2153 te
349 2124 571 2162 matremque
603 2123 703 2151 tuam
737 2117 1020 2151 debaccharetur
1050 2117 1174 2150 multis
1205 2118 1454 2161 Romanosque
1488 2126 1638 2159 magnae
1671 2114 1729 2148 fa-

285 2165 429 2200 tuitatis
454 2169 641 2209 argueret,
678 2164 846 2209 quicum
877 2163 924 2196 ad
955 2163 1140 2209 publicam
1179 2163 1467 2207 procurationem
1502 2161 1555 2194 uti
1587 2160 1729 2195 civibus

288 2215 492 2256 oporteret,
533 2214 724 2254 essentque
757 2211 795 2243 in
824 2215 991 2255 promptu
1015 2210 1104 2244 boni
1130 2209 1224 2250 viri,
1258 2209 1376 2242 bonae
1409 2208 1567 2242 feminae
1597 2218 1730 2253 magna

288 2269 463 2298 numero,
486 2256 543 2289 illi
569 2257 693 2290 nescio
718 2267 890 2300 quorsum
917 2256 1010 2297 acti,
1041 2256 1099 2289 vel
1123 2255 1245 2300 potius
1271 2254 1490 2300 imperatrici
1515 2253 1726 2296 adulantes,

285 2305 456 2338 Artotum
481 2308 518 2335 et
541 2302 617 2335 eius
642 2307 809 2343 matrem,
834 2302 1000 2337 homines
1025 2307 1165 2336 exteros
1201 2313 1242 2336 ac
1277 2301 1462 2346 plebeios,
1497 2300 1726 2338 adhiberent,

288 2350 503 2395 Imperatori
526 2349 688 2389 viventi,
713 2349 857 2395 inquit,
883 2359 924 2382 ac
946 2358 1013 2394 pro
1039 2353 1217 2394 potestate
1244 2347 1426 2394 quidquid
1448 2346 1624 2380 incideret
1645 2357 1726 2382 mo-

289 2396 454 2437 deranti,
490 2401 612 2430 contra
634 2394 752 2428 dicere
776 2395 829 2428 fas
857 2407 930 2429 non
954 2399 1048 2438 εει-αις
1087 2405 1208 2436 nunc,
1241 2394 1386 2441 quando
1412 2403 1546 2429 summa
1579 2392 1724 2438 imperii

287 2443 335 2476 ad
359 2453 416 2475 me
440 2441 606 2482 devenit,
638 2451 712 2474 non
737 2442 854 2486 patiar
881 2452 901 2474 a
926 2441 1082 2482 talibus,
1117 2445 1299 2486 tamquam
1323 2451 1344 2474 a
1371 2440 1484 2480 fucis,
1521 2439 1724 2475 communia

284 2489 527 2523 Romanorum
551 2487 647 2522 bona
677 2488 839 2531 absitmi3
875 2487 939 2522 sed
967 2492 1049 2533 post
1076 2486 1232 2524 reditum
1256 2498 1375 2521 meum
1402 2486 1541 2520 triremi
1574 2486 1724 2530 imposi-

286 2539 362 2575 tos,
390 2534 487 2568 unde
511 2534 755 2574 advenerunt,
781 2545 823 2568 eo
849 2535 1037 2568 remittam.
1086 2535 1226 2568 Praeter
1251 2539 1369 2568 cetera
1406 2542 1552 2579 quoque
1581 2530 1722 2564 timidi-

286 2586 397 2615 tatem
423 2586 522 2615 tuam
548 2586 584 2614 et
612 2582 650 2614 in
674 2581 813 2626 praelio
845 2582 1025 2625 ignaviam
1050 2579 1292 2625 reprehendit.
1341 2580 1388 2614 At
1413 2589 1477 2623 ego
1512 2581 1610 2616 tanta,
1645 2577 1720 2612 ini-

287 2628 428 2672 quitate
451 2630 628 2666 offensus,
656 2633 765 2673 teque
790 2627 1010 2666 maioribus,
1048 2638 1154 2671 quam
1182 2639 1202 2660 a
1227 2627 1394 2666 Romanis
1420 2624 1550 2665 habes,
1573 2623 1720 2667 dignum

287 2675 424 2713 sciens,
462 2673 571 2707 etiam
602 2674 712 2708 filiam
742 2685 858 2707 meam
883 2673 953 2708 tibi
976 2673 1015 2707 in
1041 2674 1308 2707 matrimonium
1332 2672 1423 2706 dabo
1439 2697 1449 2713 ‚
1475 2680 1542 2703 nec
1573 2674 1724 2715 propter*

286 2721 474 2764 pristinam
504 2720 690 2753 dumtaxat
722 2721 938 2762 amicitiam,
970 2719 1033 2754 sed
1066 2725 1213 2767 propter
1245 2719 1426 2752 affinitatis
1451 2727 1594 2762 quoque
1629 2727 1718 2749 con-

287 2766 508 2807 iunctionem
534 2772 596 2803 tua
622 2777 730 2803 causa
762 2767 889 2804 faciam
916 2767 1046 2803 omnia.
1094 2766 1195 2809 luico
1231 2768 1470 2803 iuramentum
1509 2768 1546 2801 et
1579 2761 1720 2804 bullam,
