1800 3132
267 136 378 202 360
799 162 1173 206 CANTACUZENJ

67 293 106 326 Α·
122 291 158 326 Ο.
181 289 264 333 ¹343
375 262 454 305 213¹.
496 248 604 312 ’Ἐξω
625 263 671 303 δὲ
699 262 772 316 τῆς
798 254 950 318 σκηνῆς
978 262 1219 319 προσελθών
1236 277 1299 312 τις
1327 263 1372 304 ἐκ
1401 264 1474 317 τῆς
1501 260 1708 316 κατὰ-τήν

123 353 234 400 V·44¹
262 330 437 384 περαίαν
471 328 637 379 Ἀξειοῦ
677 326 817 383 κώμης
858 328 1111 383 καταντικρύ
1145 323 1198 369 οὗ
1229 328 1472 382 ηὐλίζοντο,
1501 325 1604 368 ἔνθα
1636 328 1710 368 καὶ

227 396 296 449 Βῆ
333 395 551 449 Τριβαλῶν
582 394 865 448 διενυκτέρευε
893 392 1093 449 στρατιά,
1138 395 1179 435 Γ
1177 390 1362 448 αυρόβου
1403 406 1706 448 προσαγορευο-

261 462 410 514 μένης,
458 460 590 501 ἐδεῖτο
618 461 789 511 βασιλεῖ
811 465 1030 513 συντυχεῖν
1050 493 1063 512 ,
1104 458 1162 508 ὥς
1187 457 1288 513 περί
1319 474 1444 500 τινων
1470 456 1705 511 ἀναγκαίων

262 525 562 578 διαλεξόμενος.
617 523 710 566 ἐπεὶ
747 525 793 566 δὲ
835 524 1017 579 εἰσήγετο
1054 523 1159 579 πρὸς
1198 525 1401 577 βασιλέα,
1442 524 1589 577 πρῶτα
1623 523 1730 575 μὲν5

263 591 448 645 οἶρχαίας
476 589 585 638 τινὸς
612 588 849 643 εὐεργεσίας
874 589 1055 644 χάριτας
1083 590 1266 644 ὀφείλειν
1299 586 1502 641 ὡμολόγει
1521 591 1706 641 βασιλεῖ’,
1732 628 1734 630 ,

262 654 407 701 ἔπειτα
435 655 637 711 ἐμήνυεν,
667 654 724 703 ὥς
755 653 781 709 ἦ
810 654 985 710 στρατιά
1019 657 1250 710 Τριβαλῶν,
1279 648 1329 708 ἧς
1356 653 1515 708 ἡγεῖται
1535 653 1704 704 Μποζί-

262 737 336 776 κης
364 738 428 772 τις
457 718 867 776 προσαγορευόμενος
893 722 967 776 καί
991 721 1202 775 Στέφανος
1231 718 1450 775 δεύτερος,
1495 720 1541 761 ἐκ
1569 719 1704 769 πεζῶν

263 787 335 829 καί
362 786 520 829 ἱππέων
548 786 832 842 ἠθροισμένη,
872 787 1087 842 πεμφθείη
1116 788 1194 838 μὲν
1219 783 1333 839 παρὰ
1374 783 1527 841 Κράλη
1554 785 1626 827 ἐπὶ
1648 785 1705 840 τῷ
1758 820 1761 823 .

262 852 458 909 βλάπτειν
485 854 662 906 βασιλέα
684 883 696 905 ,
739 848 820 894 ὅσα
859 852 1043 894 δύναιτο.
1098 852 1219 898 αὐτοὶ
1256 853 1302 892 δὲ
1331 847 1461 901 οὕτως
1489 847 1595 893 εἶναι
1622 866 1754 892 πα-ιο

264 920 608 974 ρεσκευασμένοι,
641 918 722 971 ὥς,
752 918 791 958 εἰ
828 918 1015 967 ἀκατίοις
1052 919 1188 973 χρῷτο
1218 916 1243 971 ἧ
1283 915 1489 971 βασιλέως
1527 915 1703 971 στρατιὰ

136 1006 251 1046 9550
267 983 371 1039 πρὸς
398 983 474 1038 τὴν
502 982 722 1037 διάβασιν,
758 989 843 1032 τοῖς
875 979 1047 1038 πρώτως
1092 982 1287 1036 διαβᾶσιν
1330 982 1594 1024 ἐπιτίθεσθαι
1633 981 1708 1022 καὶ

262 1047 551 1104 διαφθείρειν·
593 1047 738 1090 ἔπειτα
785 1049 1051 1102 ἀνείργοντας
1092 1046 1192 1096 τοὺς
1217 1044 1372 1096 ἄλλους
1398 1045 1504 1101 πρὸς
1530 1045 1601 1088 τὸν
1627 1044 1706 1087 πό-.

261 1129 356 1169 ρον,
390 1111 544 1162 αῧτούς
574 1115 652 1166 μὲν
681 1115 896 1166 διαμένειν
917 1114 1096 1163 ἀπαθεῖς
1116 1114 1281 1154 κακῶν·
1310 1113 1488 1165 βασιλέα
1518 1114 1565 1154 δὲ
1591 1110 1698 1165 μετά

260 1180 345 1221 τῶν
374 1175 585 1220 συνόντων
629 1177 709 1220 ὑπὸ
755 1180 829 1234 τῆς
857 1179 902 1220 ἐκ
933 1178 1238 1232 Θεσσαλονίκης
1280 1180 1479 1232 στρατιᾶς
1508 1178 1756 1232 &aquini-15

261 1247 415 1296 ρεσθαι
459 1244 611 1301 ῥᾳὸάυς
650 1244 964 1299 εὐεπιχείρητον
1002 1245 1235 1298 γενόμενον.
1291 1241 1366 1296 τήν
1399 1244 1478 1295 μὲν
1509 1236 1583 1284 οὖν
1611 1243 1703 1283 ε’πι-
1735 1284 1737 1286 .

260 1307 417 1363 βουλὴν
448 1305 585 1358 οὕτως
608 1308 788 1364 ἔφασκεν
817 1305 924 1350 εἶναι
965 1307 1349 1362 συνεσκευασμένην
1390 1305 1506 1362 παρὰ
1549 1310 1705 1363 Τριβα-

261 1377 361 1427 λῶν,
406 1373 535 1416 αὕτὸν
581 1376 627 1415 δὲ
665 1376 822 1417 εἰδέναι
855 1371 987 1432 πόρον
1029 1374 1306 1427 α’γνοούμενον
1342 1378 1426 1421 τοῖς
1456 1377 1646 1426 πολλοῖς,
1677 1370 1705 1431 ᾗ

262 1439 466 1493 διαβατός
504 1439 526 1481 ὅ
563 1439 751 1492 ποταμὸς
789 1440 944 1497 ῥᾳδίως
973 1437 1111 1480 ἔσται·
1153 1436 1201 1480 ὃν
1242 1437 1421 1493 ἔφασκεν
1471 1438 1704 1489 ὑποδείξειν

258 1503 390 1559 χάριν
417 1509 589 1558 βασιλεῖ
623 1507 959 1557 κατατιθέμενος.
1014 1505 1235 1552 ἐπαινέσας
1275 1504 1320 1544 δὲ
1353 1502 1374 1544 ὃ
1403 1501 1602 1556 βασιλεὺς
1629 1503 1755 1546 ramo

261 1567 486 1624 ἄνθρωπον
514 1573 587 1611 καί
612 1569 955 1624 ἐπαγγειλάμενος
980 1565 1031 1611 εὖ
1063 1568 1266 1624 ποιήσειν,
1299 1568 1389 1611 ἐπεὶ
1408 1568 1480 1610 καί
1507 1569 1532 1623 ἧ
1562 1567 1700 1625 ἡμέρα

258 1632 340 1691 ἤδη
370 1637 621 1690 διεφαίνετο,
666 1631 844 1690 ἄραντες
889 1635 933 1677 ἐκ
970 1637 1047 1677 τοῦ
1068 1636 1355 1690 ’στρατοπέδου
1372 1667 1385 1686 ,
1428 1632 1598 1691 ὃιῄεσαν
1625 1638 1702 1677 τοῦ

225 1701 452 1753 Βποταμοῢ
479 1699 557 1755 την
585 1695 744 1755 ὄχθην,
793 1698 837 1743 οἷ
861 1699 884 1741 ὅ
911 1696 1131 1756 ἄνθρωπος
1172 1700 1321 1754 ἡγεῖτο.
1378 1698 1531 1752 ὁμοίως
1557 1701 1602 1741 δὲ
1630 1701 1703 1742 καὶ

259 1764 299 1813 ,οἱ
334 1765 536 1826 Τριβαλοί
569 1767 615 1808 ἐκ
645 1769 718 1826 τῆς
758 1767 936 1825 περαίας
971 1763 1337 1824 ἅντιπαρήρχοντο
1368 1765 1446 1807 καί
1474 1764 1600 1808 αὐτοὶ
1628 1764 1701 1808 τὸν

354 1932 408 1976 59.
457 1932 513 1966 Ad
547 1932 822 1968 tabernaculum
856 1937 976 1966 autem
1013 1931 1185 1964 accedens
1227 1929 1375 1976 quidam
1408 1936 1514 1964 natus
1547 1932 1587 1964 in
1620 1930 1698 1964 vico
1726 1949 1731 1953 —

260 1977 432 2012 Gaurobo
461 1983 560 2012 trans
586 1981 713 2012 Axium
733 2005 743 2020 ‚
770 1990 788 2011 e
814 1980 960 2023 regione
985 1978 1080 2019 loci,
1107 1978 1172 2010 ubi
1194 1975 1477 2021 pernoctabant,
1507 1977 1554 2009 ad
1589 1988 1699 2022 quem

257 2025 377 2059 vicum
419 2026 528 2057 etiam
563 2026 718 2059 Triballi
750 2026 968 2064 manebant,
1003 2025 1171 2069 rogabat,
1196 2027 1236 2055 ut
1259 2023 1329 2055 sibi
1353 2024 1582 2067 imperatoris
1608 2035 1701 2057 cou-

258 2070 431 2104 veniendi
465 2072 569 2116 copia
610 2073 736 2112 fieret,
772 2071 816 2104 de
853 2082 890 2104 re
928 2072 1128 2104 necessaria
1162 2080 1241 2103 cum
1285 2080 1328 2102 eo
1360 2071 1595 2103 collocutum.
1642 2070 1700 2104 Ad

262 2127 371 2161 quem
397 2118 648 2157 introductus,
671 2119 825 2162 primuni
852 2117 1000 2162 quidem
1027 2117 1168 2162 antiqui
1193 2115 1379 2148 cuiusdam
1414 2116 1586 2150 beneficii
1619 2127 1705 2161 gra--

259 2164 348 2200 tiam
383 2174 420 2196 se
451 2164 509 2197 illi
545 2164 677 2196 debere
715 2163 918 2200 confitetur,
964 2163 1047 2197 Post
1074 2163 1231 2202 indicat,
1269 2161 1513 2195 Triballorum
1551 2174 1698 2197 manum

260 2209 387 2242 Bozice
423 2214 461 2242 et
487 2210 667 2253 Stephano
693 2209 865 2250 ducibus,
904 2221 948 2242 ex
971 2209 1157 2253 peditibus
1186 2214 1223 2241 et
1250 2209 1433 2252 equitibus
1462 2214 1702 2250 constantem,-

260 2257 404 2293 missam
432 2268 451 2288 a
476 2256 604 2296 crale,
640 2261 679 2289 nt
703 2256 911 2300 imperatori
949 2261 1143 2295 nocerent,
1181 2262 1354 2299 quantum
1386 2260 1543 2299 possent.
1598 2257 1699 2300 Ipsos

261 2308 384 2334 autem
418 2303 467 2336 sie
492 2313 567 2335 esse
603 2307 759 2346 parat08‚
774 2308 825 2342 ut,
851 2303 879 2334 si
904 2302 1129 2345 Imperatoris
1159 2301 1323 2334 cohortes
1351 2302 1520 2335 actuariis
1547 2302 1697 2334 minutis

261 2347 308 2380 ad
331 2348 586 2382 traiiciendum
611 2354 809 2386 uterentur,
836 2349 898 2393 qui
933 2348 1041 2392 primi
1065 2347 1297 2387 transierint,
1327 2358 1386 2381 eos
1414 2348 1531 2381 adorti
1555 2348 1696 2381 interfi—

263 2396 381 2426 ciant:
418 2394 552 2427 deinde
576 2395 665 2427 alios
698 2395 851 2426 transitu
878 2400 1036 2429 arcentes
1061 2395 1162 2427 nulio
1188 2398 1375 2437 praeterea
1400 2396 1494 2427 malo
1521 2393 1701 2428 afficiant:-

260 2439 515 2483 imperatorem
549 2452 627 2473 cum
663 2441 812 2485 reliquis
855 2445 1023 2483 super-atu
1059 2443 1129 2473 iam
1171 2441 1339 2479 facilem,
1384 2441 1453 2474 levi
1501 2451 1611 2486 opera
1646 2439 1692 2472 ab

262 2486 422 2519 exercitu
448 2487 704 2520 Thessalonica
741 2489 894 2519 affuturo
920 2486 1101 2520 concisum
1135 2487 1193 2521 iri.
1254 2486 1437 2520 Triballos
1476 2488 1598 2536 itaque
1622 2487 1692 2520 isto

261 2531 370 2563 modo
396 2533 546 2566 insidias
571 2534 771 2566 instituisse
794 2533 940 2576 aiebat3
967 2544 1004 2565 se
1033 2543 1114 2566 vero
1141 2533 1243 2573 scire,
1263 2533 1361 2578 quod
1385 2534 1489 2567 multi
1517 2533 1694 2574 nesciant,

263 2587 334 2622 qua
366 2578 494 2611 fluvius
535 2579 625 2612 vado
661 2580 804 2613 transiri
843 2578 1028 2612 commode
1062 2585 1181 2625 queat.
1250 2580 1289 2612 Id
1326 2579 1454 2612 vadum
1487 2591 1524 2613 se
1559 2579 1693 2623 gratiae

262 2622 470 2661 teserendae
508 2625 843 2659 demonstraturum.
895 2626 1031 2660 Laudat
1054 2625 1235 2659 hominem
1276 2627 1470 2669 imperator
1501 2631 1538 2659 et
1559 2627 1690 2658 merito

260 2679 514 2713 responsurum
551 2673 742 2715 promittit.
799 2672 868 2704 Ubi
906 2671 1056 2712 diluxit,
1077 2673 1198 2704 castris
1226 2673 1376 2716 egressi,
1404 2673 1505 2705 iuxta
1530 2671 1688 2705 fluminis

261 2715 397 2758 ripam,
431 2727 501 2761 qua
533 2718 587 2749 vir
622 2718 686 2749 ille
716 2717 896 2758 ducebat,
925 2718 1108 2752 incedunt.
1159 2719 1293 2751 Pariter
1319 2718 1472 2751 Triballi
1497 2729 1516 2751 e
1540 2718 1687 2762 regione

261 2761 419 2800 vicissim
465 2761 511 2799 ad
542 2763 675 2797 flumen
703 2764 927 2809 gradiuntur,
982 2764 1051 2803 Ubi
1083 2763 1129 2798 ad
1167 2766 1357 2799 transitum
1387 2769 1442 2799 est
1463 2770 1687 2812 perventum,
