1800 3132
270 147 376 202 330
796 162 1164 206 CANTACUZENJ

73 259 318 318 A.C.134212⁸v
346 262 515 318 δύνηται
542 264 790 317 ἐλευθεροῦν
832 263 913 305 α’πό
952 267 1033 307 τῶν
1071 266 1300 319 πολεμίων,
1337 261 1365 320 ἦ
1391 270 1502 308 σῖτον
1529 264 1697 321 ἔχοντας

261 330 334 370 καί
363 324 488 383 ἄλλην
519 328 758 383 οἷφθονίαν,
797 327 1014 381 ὑπομένειν
1040 328 1113 383 την
1141 333 1390 383 πολιορκίαν.
1447 330 1610 373 amvi-«53³
1634 329 1693 385 μὴ

228 391 377 434 Βοῦτω
405 395 538 442 κακῶς
575 395 673 447 περὶ
714 395 833 449 σφῶν
871 394 1011 435 αὐτῶν
1046 395 1379 447 βουλεύσασθαι,
1427 392 1528 437 ὥστε
1564 393 1698 437 ἑκοντὶ

266 457 440 500 ἑλέσθαι
469 458 520 499 τὰ
550 457 663 500 δεινοὶ
692 457 764 500 καί
787 457 860 500 τὸν
885 460 1065 512 πόλεμον
1092 456 1263 501 ἑλκῧσαι
1289 462 1375 502 κατ’
1408 458 1573 514 minan,
1601 458 1696 504 ένὸν

263 525 428 565 συνέσει
454 521 526 564 καί
551 523 743 578 α’γχινοία
773 521 1072 575 διασώζεσθαι.
1125 523 1323 577 βασιλευς
1347 526 1424 577 μὲν
1451 521 1526 567 οὖν
1541 527 1718 574 ‘cotani-5

263 604 314 629 τα
348 590 544 642 Φεραίοις
571 586 841 639 συνεβούλευε
868 587 941 630 καί
971 587 1194 630 πείθεσθαι
1221 590 1353 630 ἐδεῖτο
1381 589 1438 638 ὥς
1455 593 1696 633 συνοίσουσι

263 653 465 706 μεγάλως.
530 653 678 693 ἐκεῖνοι
715 653 762 694 δὲ
789 653 881 694 ἐπεὶ
909 652 1152 705 ἀκούσειαν,
1194 655 1397 706 βασιλέως
1424 654 1502 706 μὲν
1540 655 1695 704 πολλὰς

263 715 408 771 ὕβρεις
438 720 633 769 κατέχεον
659 718 733 757 καί
760 717 970 772 λοιδορίας
999 717 1072 758 καί
1095 720 1254 770 μᾶλλον
1274 716 1441 773 ἔφασαν
1457 721 1597 775 ἐκείνῳ
1619 734 1696 760 πε-

265 779 312 834 ρὶ
334 778 489 821 ἑαυτοῦ
513 782 584 822 καί
610 782 692 822 τῶν
714 780 922 823 συνόντων
949 783 1194 834 βουλευτέον
1223 779 1274 823 ἂν
1302 780 1365 837 εἴη
1396 779 1476 837 ὅπη
1503 782 1694 838 σωθήσε-

264 862 358 898 ται,
392 841 418 899 ἦ·
454 847 551 900 περί
588 845 720 900 ἡμῶν.
789 845 860 889 τὸν
898 849 944 888 δὲ
981 846 1237 902 πρεσβευτὴν
1269 847 1581 903 ἀποσφάξαντες
1618 848 1747 894 uafro

265 907 468 958 διελόντες
509 911 688 966 τετραχῇ
724 913 946 966 θηριωδῶς
972 912 1044 953 καί
1071 912 1381 966 ἀπανθρώπως,
1420 910 1470 953 τοὶ
1499 910 1696 967 τμήματα

267 977 435 1029 α’νῆψαν
472 977 713 1025 καλλωδίοις
751 978 797 1018 ἐν
825 981 908 1028 τοῖς
941 977 1126 1032 πύργοις.
1196 976 1225 1018 ἂ
1249 975 1448 1030 βασιλεὺς
1473 979 1551 1029 μὲν
1578 975 1693 1019 δεινοὶ

266 1038 400 1094 ἦγεῖτο
429 1043 502 1085 καί
527 1039 678 1096 πολλὴν
704 1043 785 1083 τῶν
812 1042 977 1097 ἀνδρῶν
1002 1043 1305 1097 ἀπανθρωπίαν
1331 1045 1598 1097 κατεγίνωσκε
1623 1044 1697 1085 καὶ

223 1106 491 1157 οοίβουλάιν,
527 1104 682 1158 ἔπεμπε
720 1108 766 1148 δὲ
788 1109 862 1148 καί
884 1104 1282 1161 γράμματα-αὔτοῖς
1309 1106 1380 1148 διά
1409 1123 1519 1156 τινος
1548 1109 1588 1149 Γ
1585 1123 1692 1163 εωρ-

266 1171 358 1223 γίου
397 1168 476 1220 ἔξω
514 1172 856 1226 συλληφθέντος,
892 1170 968 1226 τήν
994 1187 1037 1213 τε
1069 1171 1259 1226 ω’μότητα
1292 1173 1365 1212 καί
1387 1171 1465 1226 την
1494 1175 1751 1225 κακοβου-ιΕ

265 1234 361 1275 λίαν
387 1232 641 1285 ὀνειδίζοντα
668 1237 741 1276 καί
765 1238 924 1278 πολλῶν
952 1238 1337 1291 προαναφωνοῦντα
1364 1238 1509 1279 <istudne
1537 1237 1698 1290 ἐπαγω-

266 1297 359 1352 γὴν,
388 1301 460 1340 καί
489 1299 546 1348 ὥς
572 1297 664 1341 τότε
690 1300 761 1355 τῆς
783 1305 882 1356 παρ’
910 1303 1039 1343 αὐτοῦ
1063 1298 1278 1356 δεήσονται
1293 1303 1544 1357 ἐπικουρίας,
1573 1302 1696 1356 ἡνίκα

265 1366 367 1418 μηδ’
382 1360 495 1421 αὖτῷ
505 1365 579 1406 τοῦ
594 1366 699 1420 ὑπὲρ
718 1367 857 1408 αὐτῶν
875 1366 1078 1408 ἀνιᾶσθαι
1091 1369 1213 1408 πλέον
1226 1383 1267 1408 τι
1279 1367 1456 1416 ἐξέσται.
1487 1367 1525 1408 οἱ
1543 1368 1589 1408 δὲ
1599 1382 1697 1408 συν-

269 1426 385 1478 όντες
415 1429 615 1481 Ῥωμαῖοι
641 1431 685 1471 έν
711 1429 820 1486 πάσῃ
849 1427 930 1484 ἤδη
960 1433 1225 1472 καθέστασαν
1253 1433 1468 1488 ἀμηχανίᾳ
1494 1433 1567 1473 καί
1593 1426 1697 1472 ὅπο-

271 1509 344 1548 ρον
384 1494 645 1535 παντάπασιν
680 1494 854 1548 ἡγοῦντο
893 1493 1013 1536 πόλιν
1052 1499 1225 1548 βασιλεῖ’
1252 1493 1398 1550 ἑτέραν
1426 1499 1669 1551 προσελθεῖν
1683 1512 1756 1549 ,αα

269 1559 463 1612 Φεραίων
498 1560 672 1599 τοιαῦτα
709 1557 1026 1614 τετολμηκότων.
1082 1556 1183 1602 ὅθεν
1209 1561 1282 1601 καί
1303 1561 1464 1602 ἐδέοντο
1490 1561 1697 1613 βασιλέως

270 1622 538 1674 συνελθόντες
557 1624 702 1676 μηκέτι
728 1624 911 1676 μέλλειν,
940 1625 1047 1678 μηδὲ
1074 1626 1340 1679 κατατρίβειν
1365 1623 1437 1666 τὸν
1465 1623 1610 1680 καιρὸν
1645 1626 1695 1666 α’-

268 1688 426 1740 νήνυτα
452 1687 690 1740 πονοῦντας,
720 1688 809 1729 ἀλλ’
835 1690 894 1738 εἰς
926 1686 1232 1743 Διδυμότειχον
1258 1691 1492 1743 ἐπείγεσθαι
1508 1721 1522 1743 ,
1562 1687 1619 1740 ὥς
1645 1685 1695 1731 o‘c'-

263 1835 368 1869 agere
393 1823 563 1864 desierit,
588 1828 664 1856 tum
689 1825 745 1858 vel
780 1826 825 1858 ad
850 1826 1098 1870 imperatorem
1123 1827 1318 1860 Romanum
1351 1838 1388 1861 se
1415 1827 1610 1872 applicent,
1643 1827 1692 1871 (si

264 1871 358 1905 sorte
382 1869 427 1903 ab
450 1870 615 1902 hostibus
641 1880 701 1903 eos
725 1871 881 1905 liberare
907 1873 1043 1917 queat‚)
1079 1877 1142 1905 aut
1164 1873 1344 1906 frumento
1367 1878 1404 1906 et
1426 1874 1566 1919 reliquo
1597 1883 1695 1906 com-2

263 1922 385 1950 meatu
415 1915 692 1961 suppeditante,
718 1917 943 1952 obsidionem
969 1919 1138 1955 tolerent.
1185 1920 1288 1952 Nunc
1319 1929 1365 1951 ne
1388 1918 1478 1951 adeo
1503 1918 1547 1951 de
1581 1922 1693 1952 semet

262 1966 467 1996 mereantur
491 1962 609 2002 male,
642 1968 683 1996 ut
718 1973 797 1996 cum
830 1964 935 1998 salvis
962 1970 998 1997 et
1029 1964 1268 1998 incolumibus
1299 1975 1362 2011 per
1395 1964 1622 2009 prudentiam
1655 1968 1694 1997 et

263 2008 461 2041 sollertiam
489 2019 565 2041 esse
591 2009 723 2050 liceat,
749 2011 842 2043 ultro
869 2010 1068 2054 perniciem
1093 2022 1193 2048 suam
1216 2022 1295 2044 cum
1326 2010 1483 2047 hostium
1517 2011 1622 2044 armis
1644 2010 1692 2044 ad

266 2065 305 2088 se
330 2054 523 2087 attrahant.
571 2055 669 2088 Haec
692 2056 884 2100 imperator
906 2056 1074 2089 Pheraeis
1098 2057 1270 2090 suadebat
1297 2062 1351 2096 et,
1377 2063 1417 2089 ut
1439 2058 1484 2090 iis
1508 2062 1693 2103 tamquam

261 2102 368 2134 valde
392 2099 683 2137 conducibilibus
708 2106 894 2148 parerent,
921 2102 1082 2147 rogabat.
1130 2103 1271 2147 Quibus
1295 2102 1351 2135 illi
1375 2102 1531 2144 auditis,
1559 2108 1690 2137 contu-

263 2148 390 2181 melias
414 2151 451 2179 et
474 2146 665 2179 maledieta
694 2147 733 2179 in
757 2159 838 2180 eum
865 2149 999 2181 affatim
1033 2154 1202 2182 evomunt
1235 2149 1336 2181 aiunt
1364 2160 1431 2189 ue,
1464 2150 1573 2194 magis
1609 2159 1692 2183 eum

263 2194 320 2226 sui
352 2192 465 2236 ipsius
491 2202 731 2237 suorumque,
762 2204 869 2238 quam
902 2194 1137 2230 Pheraeorum
1168 2194 1274 2226 saluti
1304 2194 1349 2227 de
1379 2205 1438 2227 ere
1471 2196 1688 2239 prospicere.

265 2238 367 2282 Quin
403 2244 441 2270 et
469 2238 624 2281 legatum
664 2241 906 2280 interficiunt,
944 2251 1072 2285 eorpus
1115 2240 1365 2285 quadrifariam
1400 2241 1546 2274 immani
1579 2239 1690 2274 modo

263 2284 460 2317 dissecant:
487 2288 604 2328 partes
629 2285 777 2318 funibus
802 2297 866 2330 per
893 2291 1007 2320 turres
1032 2286 1264 2330 suspendunt.
1292 2286 1441 2331 Indigne
1465 2287 1551 2319 tulit
1572 2287 1689 2330 impe-

265 2336 365 2363 rator
395 2329 596 2374 fecisseque
633 2342 706 2364 rem
739 2332 960 2366 crudelitatis
986 2338 1023 2366 et
1056 2332 1310 2376 incogitantiae
1334 2334 1479 2379 plenam
1505 2332 1688 2366 iudicavit.

265 2377 332 2410 Per
367 2375 546 2420 quendam
574 2377 766 2421 Georgium
800 2390 948 2425 quoque
978 2379 1064 2412 foris
1096 2376 1332 2423 interceptum
1371 2380 1507 2412 litteras
1541 2379 1586 2412 ad
1625 2389 1689 2412 eos

262 2423 385 2461 misit,
418 2421 550 2467 quibus
575 2423 833 2457 immanitatem
867 2427 917 2458 eis
952 2430 989 2458 et
1020 2423 1162 2457 consilii
1196 2426 1406 2468 pravitatem
1441 2424 1690 2471 exprobravit,

266 2468 564 2512 calamitatesque
592 2470 720 2502 multas
745 2471 831 2514 ipsis
860 2470 1102 2514 importandas
1135 2472 1423 2514 praenuntiavit,
1464 2476 1501 2504 et
1530 2476 1616 2504 tunc
1638 2469 1685 2502 ab

266 2524 304 2546 se
332 2515 580 2557 imploraturos
610 2516 805 2556 auxilium,
842 2517 986 2563 quando
1019 2516 1090 2549 sibi
1120 2516 1240 2557 aliud,
1274 2529 1380 2562 quam
1413 2528 1535 2550 eorum
1569 2516 1684 2550 vicem

266 2558 410 2599 dolere,
445 2560 498 2592 fas
522 2571 595 2593 non
620 2563 698 2595 erit.
751 2563 899 2596 Romani
926 2572 1060 2595 summa
1086 2561 1335 2607 desperatione
1361 2562 1683 2601 conflictabantur,

265 2604 318 2636 sic
346 2616 463 2638 secum
492 2608 758 2641 ratiocinantes.
807 2610 902 2655 Quia
925 2608 1071 2641 Pheraei
1094 2613 1167 2642 tam
1194 2610 1386 2643 nefandum
1419 2609 1533 2642 scelus
1565 2612 1690 2645 essent?

267 2650 370 2691 ausi,
389 2652 434 2684 ad
459 2652 562 2685 aliam
584 2654 708 2687 urbem
733 2655 940 2699 imperatori
965 2654 1057 2686 viam
1080 2664 1223 2697 prorsus
1249 2656 1319 2689 iam
1347 2656 1566 2701 praeclusam
1592 2663 1680 2686 esse.

268 2695 367 2729 Unde
393 2708 473 2730 eum
502 2697 673 2732 adeuntes
699 2700 907 2742 obsecrant,
942 2710 988 2732 ne
1021 2699 1158 2733 diutius
1186 2707 1394 2740 cunctetur,
1425 2711 1514 2735 neve
1548 2700 1679 2734 frustra

266 2741 489 2785 laborantes,
513 2750 650 2789 tempus
676 2752 858 2786 conterere
881 2747 1058 2792 patiatur,
1087 2747 1149 2780 sed
1174 2747 1464 2792 Didymotiehum
1489 2746 1683 2786 femineum
