1800 3132
531 172 907 215 111s'romARm1
947 178 1019 216 111.
1058 178 1128 222 52.
1439 158 1549 218 305

110 271 344 328 συμφοράς.
403 270 662 323 ’.Απόκαυκος
705 275 751 316 δὲ
780 271 802 314 ὅ
837 276 968 328 μέγας
1000 276 1099 326 δοὺξ
1125 277 1229 328 μετὰ
1257 280 1339 319 τῶν
1366 280 1736 331 ΣκυθῶνΑ.ῦ.ι34·ι

108 338 183 393 τήν
220 336 408 393 εἰσβολὴν
438 336 707 392 Ἀνδρόνικον
734 340 1030 394 Παλαιολόγον
1071 340 1142 383 τὸν
1172 342 1520 398 πρωτοστροίτορα
1537 376 1551 398 ,

109 400 156 451 ὃς
183 398 234 457 ἦν
259 402 445 456 γαμβρὸς
476 403 600 460 αὐτῷ,
634 399 818 459 ἄρχοντα
846 405 1065 461 συμπάσης
1096 406 1317 458 ἀποδειξας
1334 410 1406 462 τῆς
1424 425 1553 462 στρα-

107 471 200 516 τιᾶς
227 469 298 509 καί
334 466 406 510 τὸν
435 467 541 524 πρὸς
566 468 873 524 Διδυμότειχον
912 473 1143 525 ἐπιτρέψας
1181 472 1376 526 πόλεμον,
1423 473 1554 522 αῦτὸς

83 535 167 582 5εἰς
202 532 437 584 Βυζάντιον
471 532 663 588 ἐπανῆκε.
728 534 1056 591 πρωτοστράτωρ
1101 540 1147 579 δὲ
1187 538 1345 591 συχνὰς
1373 539 1552 580 ἐποιεῖτο

105 598 213 640 κατὰ
242 601 557 653 Διδυμοτείχου
601 599 808 655 ἐκδρομὰς
846 603 920 642 καί
955 601 1079 644 πάλιν
1117 602 1343 658 ἀνέστρεφε
1372 605 1583 657 ταχέως.1)

106 667 160 705 ου’
176 664 254 719 γὰρ
275 661 342 719 ἦν,
375 662 454 718 δ’,τι
488 663 690 707 κακώσειε
720 668 999 721 διαφθειρας,
1030 664 1198 716 οὐδενὸς
1218 662 1332 716 ὄντος
1358 667 1438 717 ἔξω
1467 685 1552 710 τει-

103 733 206 784 χῶν.
273 728 312 771 οἱ
355 732 401 771 δὲ
430 729 548 772 ἔνδον
591 733 868 785 στρατιῶται,
916 732 1044 773 αὐτοῦ
1073 731 1419 787 ἀναχωροῦντος,
1449 732 1551 783 τούς

102 794 335 850 περιοίκους
362 793 599 850 ληϊζόμενοι
626 796 699 838 καί
725 802 836 838 σῖτον
865 798 1161 852 διαρπάζοντες
1189 799 1261 839 καί
1286 800 1548 853 βοσκήματα,

57 862 299 917 ιοδιέφερον
342 860 414 903 ’τὸν
449 860 650 914 πόλεμον,
689 861 811 903 οὐδὲν
840 862 1006 916 ἀγεννὲς
1048 857 1141 904 οὔτε
1176 865 1422 917 πράξαντες,
1451 863 1549 905 οὔτε

85 943 87 945 ·
100 925 382 982 μελλήσαντες
411 926 482 968 διά
514 925 589 981 τὴν
614 925 792 969 ἔνδειαν.
845 925 1093 976 ἐπελθόντος
1113 930 1158 969 δὲ
1179 925 1322 978 αὐτοῖς
1343 930 1418 970 τοῦ
1434 946 1549 984 πρω-

99 989 376 1047 τοστροίτορός
404 1007 516 1045 ποτε,
548 992 720 1046 πέμψας
752 989 775 1032 ὅ
802 995 1105 1047 μητροπολίτης
1132 991 1282 1047 ἐδήλου
1312 993 1382 1036 διιὶ
1412 1010 1547 1049 γραμ-

99 1057 266 1111 μάτων,
295 1058 352 1106 (ὃς
379 1053 555 1112 ἀνόνητα
583 1055 803 1099 κόπτονται
828 1056 904 1098 καί
930 1060 1243 1114 ταλαιπωροῦσι
1263 1057 1334 1099 διὰ
1352 1057 1424 1100 τὸν
1443 1057 1550 1114 πρὸς

98 1124 275 1175 βασιλέα
304 1121 508 1175 πόλεμον,
537 1117 572 1182 ᾧ
599 1122 874 1164 δουλεύσουσι
902 1124 1064 1172 πάντως
1090 1121 1196 1175 μετὰ
1225 1122 1390 1179 μικρὸν,
1426 1123 1554 1165 αῦτοί

48 1189 141 1229 ’ὅτε
170 1188 385 1244 ἀπέραντα
411 1190 629 1237 πονοῦντες
655 1190 728 1229 καί
752 1194 839 1237 τοῖς
866 1184 1009 1237 ἄλλοις
1036 1186 1164 1229 αἴτιοι
1190 1186 1400 1242 γινόμενοι
1415 1183 1548 1242 μεγά-

97 1258 180 1295 λων
218 1254 461 1310 συμφορῶν.
514 1250 695 1310 παρῄνει
721 1270 789 1307 τε,
821 1254 936 1311 αὐτῷ
971 1255 1243 1306 πειθομένους
1280 1256 1364 1294 τῶν
1406 1255 1544 1294 κακῶν

97 1320 346 1372 ἀπέχεσθαι.
399 1322 441 1360 εἰ
467 1317 546 1374 γὰρ
578 1315 654 1360 οῦκ
683 1319 868 1373 ἀποβαίη
895 1320 1098 1372 τοιαῦτα,
1144 1313 1213 1359 οἷα
1242 1316 1322 1371 ἐγώ
1352 1320 1473 1372 λέγω,
1503 1316 1664 1365 ἔ-Ρ.5ι8

96 1400 254 1439 φασκεν
274 1417 286 1436 ,
318 1384 367 1424 οὔ
397 1381 593 1438 λελάληκε
621 1382 669 1425 τὸ
698 1386 865 1436 πνεῦμα
892 1381 939 1424 τὸ
973 1380 1090 1436 ἅγιον
1118 1384 1162 1424 ἐν
1189 1385 1297 1435 ε’μοί.
1327 1385 1404 1424 τοῦ
1432 1379 1541 1435 πεμ-

98 1450 279 1501 πομένου
323 1450 370 1489 δὲ
407 1445 737 1502 ἀπαγορεύοντος
787 1452 865 1504 τήν
900 1443 1044 1504 ἄφιξιν
1088 1445 1158 1489 διὰ
1197 1444 1245 1487 τὸ
1290 1448 1534 1499 δεδοικέναι,

39 1512 150 1568 20μὴ
192 1515 328 1563 κακῶς
363 1514 434 1554 ὑπ’
471 1515 638 1555 ἐκείνων
676 1513 791 1570 πάθῃ
818 1517 993 1555 τοιαῦτα
1030 1513 1322 1566 ἀπαγγέλλων,
1369 1514 1535 1554 ἐκέλευε

91 1577 295 1635 θαρᾘεῖν,
326 1576 381 1627 ὥς
411 1574 534 1620 οῦδὲν
562 1577 915 1632 ὑποστησάμενον,
955 1574 987 1631 ἢ
1011 1575 1170 1632 πληγὰς
1199 1577 1353 1630 ὅλίγας.
1409 1576 1438 1618 ιῖ
1463 1577 1538 1619 καὶ

92 1644 329 1698 ἀπέβαινεν,
357 1640 385 1700 ᾗ
411 1645 566 1692 ἐκεῖνος
594 1641 886 1698 προηγόρευεν.

199 1709 276 1764 νβ’.
308 1707 451 1752 ,”Λννα
481 1711 528 1751 δὲ
565 1708 591 1764 ἦ
618 1710 785 1762 βασιλίς
800 1740 814 1760 ,
841 1709 932 1749 ἐπεὶ
967 1706 1144 1749 πύθοιτο
1175 1705 1562 1760 ΚαντακουζηνὸνΒ

88 1772 160 1817 τὸν
186 1777 365 1829 βασιλέα
391 1775 542 1829 πολλῆς
583 1773 748 1821 εὐνοίας
786 1773 1052 1814 ἀπολαύοντα
1079 1770 1193 1826 παρὰ
1235 1769 1388 1828 Κράλῃ
1410 1803 1422 1826 ,
1448 1788 1530 1814 πα-

179 1898 210 1931 7.
235 1884 398 1918 κακώσει
426 1886 461 1920 Ρ.
489 1889 527 1918 et
551 1884 598 1918 M.
698 1886 748 1919 18.
774 1885 1021 1930 πεμπομένου
1051 1883 1111 1924 Μ.,
1136 1883 1414 1927 πεπαγωμένου
1437 1882 1476 1916 Ρ.

84 1981 247 2013 stratore,
269 1985 400 2019 genero
423 1986 502 2016 suo,
521 1986 688 2020 supremo
708 1976 885 2009 exercitus
911 1974 1002 2008 duce
1031 1973 1237 2018 designato,
1262 1978 1300 2007 et
1321 1973 1526 2015 DidymotI·

85 2024 206 2058 chensi
233 2022 331 2055 bello
356 2023 391 2054 ei
416 2022 663 2055 commendato
678 2047 688 2062 ,
723 2023 932 2064 Byzantium
957 2022 1101 2066 repetit.
1148 2019 1380 2063 palaeologus
1405 2019 1524 2062 Didy-

83 2068 281 2105 motichum
306 2069 514 2114 frequenter
543 2068 724 2101 incursare
750 2074 787 2101 et
807 2069 929 2101 subito
954 2078 992 2100 se
1017 2067 1193 2111 recipere:
1229 2077 1296 2098 nec
1320 2066 1417 2098 enim
1440 2070 1519 2098 erat

83 2116 214 2151 incolis
235 2113 390 2148 nocendi
418 2114 576 2155 occasio,
603 2126 684 2148 cum
709 2121 808 2148 extra
837 2125 956 2147 muros
981 2113 1076 2146 nihil
1096 2117 1308 2156 superesset.
1336 2111 1384 2143 At
1415 2120 1522 2154 prae-

84 2161 246 2200 sidiarii,
271 2163 348 2206 ipso
373 2161 577 2200 recedente,
602 2161 739 2194 vicinos
764 2159 1019 2205 depopulando
1044 2168 1298 2202 annonamque
1323 2167 1365 2189 ac
1387 2167 1521 2200 pecora

84 2207 291 2253 diripiendo
316 2207 452 2240 bellum
477 2206 701 2242 tolerabant:
736 2218 804 2240 nec
828 2207 874 2240 ob
899 2207 1060 2251 inopiam
1086 2207 1201 2238 victus
1227 2203 1425 2248 quidquam
1447 2214 1519 2247 pa-

82 2267 161 2289 rum
185 2254 290 2287 virile
324 2260 386 2286 aut
415 2253 599 2287 faciebant
624 2255 687 2287 aut
711 2254 842 2287 facturi
868 2260 980 2286 erant.
1031 2251 1121 2285 Cum
1145 2249 1342 2296 aliquando
1367 2247 1516 2283 adortus

82 2306 177 2335 esset
202 2300 285 2334 illos
308 2305 568 2343 protostrator,
594 2311 658 2344 per
681 2300 871 2345 epistolam
896 2299 1128 2342 metropolita
1161 2297 1323 2335 monuit,
1349 2305 1410 2328 eos
1433 2295 1515 2328 bel-

80 2346 268 2393 ligerando
304 2356 383 2379 mm
413 2346 642 2391 imperatore,
665 2348 703 2380 in
740 2347 841 2379 cuius
867 2350 1048 2390 potestate
1075 2343 1244 2382 omnino,
1272 2353 1340 2374 nec
1366 2341 1420 2374 ita
1444 2341 1510 2375 diu

80 2400 165 2439 post
187 2393 300 2426 futuri
329 2393 422 2432 sint,
446 2392 546 2426 inani
570 2392 694 2426 labore
719 2392 926 2438 defatigari:
952 2402 1019 2425 nec
1043 2390 1089 2423 ad
1113 2391 1220 2422 finem
1244 2389 1399 2432 cogitata
1422 2398 1509 2431 per-

82 2441 274 2479 ducturas,
309 2448 389 2471 cum
415 2439 560 2472 iuterim
592 2438 756 2472 laborare
780 2449 856 2472 non
880 2439 1048 2472 desinant
1072 2441 1108 2469 et
1133 2436 1213 2468 aliis
1238 2444 1364 2479 magna
1392 2433 1509 2467 detri-

80 2492 203 2519 menta
225 2484 409 2520 invehant.
458 2484 679 2519 Hortabatur
704 2485 816 2529 igitur
831 2508 841 2526 ‚
865 2491 907 2518 ut
930 2485 1001 2518 sibi
1027 2482 1292 2526 obsequentes,
1331 2480 1509 2514 maleficia

82 2533 300 2566 omitterent.
349 2531 388 2564 Si
412 2531 509 2564 enim
533 2542 607 2565 non
631 2531 836 2571 evenerint,
859 2542 953 2576 quae
979 2541 1043 2575 ego
1069 2529 1149 2561 dico
1165 2553 1175 2568 ‚
1199 2527 1332 2572 inquit,
1356 2537 1429 2561 non
1454 2531 1509 2560 est

62 2578 222 2616 ‚locutus
246 2578 284 2611 in
313 2588 369 2610 me
396 2576 559 2621 Spiritus·
578 2584 731 2611 sanctus.
781 2577 990 2610 Tabellario
1018 2577 1087 2608 iter
1115 2573 1298 2607 abnuente
1323 2571 1369 2606 ob
1396 2573 1510 2606 timo-

83 2634 180 2664 rem,
217 2636 263 2658 ne
296 2625 364 2656 ista
397 2622 442 2654 de
467 2634 569 2656 causa
593 2623 790 2658 haberetur
814 2625 907 2656 male
924 2649 933 2663 ,
969 2623 1157 2667 episcopus
1183 2621 1288 2653 iussit
1310 2630 1386 2653 esse
1408 2619 1508 2652 bono

83 2672 228 2703 animo:
270 2668 520 2703 tantummodo
560 2671 657 2702 enim
691 2670 834 2714 aliquot
872 2670 993 2714 plagas
1022 2668 1227 2701 relaturum.
1275 2665 1394 2712 Atque
1418 2666 1509 2699 haec

82 2722 123 2750 ut
145 2717 327 2761 praedicta
354 2716 521 2756 fuerant,
543 2716 593 2749 ita
618 2720 826 2749 evenerunt.
1642 2727 1657 2745 ι

173 2766 226 2798 52.
289 2763 390 2794 Anna
430 2769 512 2795 vero
545 2762 783 2807 imperatrix,
822 2765 862 2794 ut
901 2759 1188 2793 Cantacuzenum
1230 2758 1327 2803 apud
1368 2757 1508 2792 Cralem

129 2830 397 2864 cancacuzenus
422 2830 466 2863 ΙΙ.
1201 2836 1245 2859 2⁰
