1800 3132
540 181 919 226 HISTORIARUM
959 185 1032 224 111.
1061 183 1125 230 56,
1156 237 1169 249 „
1441 163 1509 229 34
1529 183 1544 217 ι

121 287 322 339 σομένας,
350 284 471 326 ἵλεων
501 283 645 331 αὐτοῖς
675 283 976 335 ἑπιβλέψαντος
1003 284 1118 328 θεοῦ.
1158 280 1253 330 τούς
1283 281 1361 335 γὰρ
1392 285 1637 338 nemoy-AC.
1658 287 1742 331 ¹34²

121 353 294 401 κοῦντας
313 349 474 398 τούτοις
495 347 692 400 Μυσούς,
722 350 766 389 ἐν
796 345 1061 402 προσχήματι
1089 350 1231 403 φιλίας
1263 350 1335 388 καί
1361 346 1437 402 τὴν
1468 364 1548 388 πα-

121 420 279 472 ροῦσαν
300 414 462 458 ἔνδειαν
487 410 780 468 ἐπαγαγόντας,
809 414 854 454 ἐν
885 409 984 453 ἑπτὰ
1013 418 1102 460 ταῖς
1130 413 1344 465 ἐσομέναις
1371 413 1551 465 μάλιστα

118 481 294 537 ἡμέραις
321 481 640 532 συμπατοῦντας
665 473 824 530 ὄψεσθε
849 474 1049 532 α’λλὴλους
1076 479 1148 518 καί
1174 478 1289 533 φυγῇ
1315 476 1391 531 τὴν
1418 494 1552 531 σωτη-

94 548 215 600 ὅρίαν
257 546 551 601 ποριζομένους
591 545 664 584 καί
697 544 780 584 τῶν
817 540 1100 596 περισχόντων
1136 542 1423 591 ἀπαλλάξεσθε
1467 543 1552 583 δει-

119 612 216 652 νῶν.
269 609 292 651 ὅ
331 611 408 661 μὲν
438 605 512 650 οὖν
540 609 835 662 μετροπολίτης
861 608 1033 648 τοιαῦτα
1062 602 1174 647 εἶπε·
1214 609 1317 648 πᾶσι
1344 609 1389 648 δὲ
1418 602 1548 654 εὖθύς

117 676 275 728 ἐπῆλθε
311 672 456 727 βελτίω
495 673 728 729 προσὸόκᾷν
769 670 841 712 καί
879 674 951 724 τῆς
997 671 1184 724 ἀθυμίας
1213 669 1586 726 α’πηλλάττοντοῚ)

116 736 270 796 ᾔδεσαν
299 738 380 794 γὰρ
409 736 536 780 αὐτὸν
564 737 614 780 τὰ
645 739 846 790 μέλλοντα
873 738 1030 778 εἰδέναι
1054 739 1211 789 μᾶλλον
1229 769 1239 787 ,
1285 732 1313 791 ἢ
1338 735 1388 778 τοὶ
1418 752 1551 790 παρε-

117 802 329 860 ληλυθότα
367 806 526 858 ἕτερον·
565 805 636 844 καί
665 802 720 851 ὡς
746 799 1052 858 προφητεύοντι
1088 806 1306 855 προσεῖχον
1339 803 1546 857 φανερῶς.

70 869 346 924 ιοὸιηπόρουν
366 871 411 911 δὲ
441 866 477 922 ὅ,
507 885 547 910 τι
569 866 620 908 ἂν
653 868 719 922 εἴη
749 866 796 909 τὸ
828 870 998 915 ΙΠυσοῖς
1026 865 1154 908 αἴτιον
1173 864 1368 919 ἐσόμενον
1401 869 1549 922 φυγῆς.

117 933 138 976 ὅ
168 936 208 976 δ’
240 932 366 982 αύτὸς
392 931 614 989 ἀρχιερεύς
649 934 722 973 καί
754 932 1006 989 Ἀποκαύκῳ
1043 933 1099 988 τιῖί
1135 931 1303 989 μεγάλῳ
1344 933 1464 972 dom*
1508 930 1549 971 ἔ-

114 1011 252 1056 γραψε
271 1001 463 1051 τοιαῦτα,
486 998 542 1047 ὥς
575 999 767 1052 ἀποροίη,
788 995 883 1038 ὅτου
913 999 1034 1039 ἕνεκα
1062 1002 1210 1052 πεῖραν
1237 994 1366 1038 αὐτοῦ
1397 994 1550 1038 πολλά-

115 1082 179 1114 κις
210 1067 258 1108 ἐν
293 1064 459 1112 πολλοῖς
482 1061 684 1119 πρότερον
723 1061 936 1117 ἐσχηκώς,
982 1062 1056 1104 καί
1092 1064 1174 1104 τῶν
1211 1063 1437 1116 εἰρημένων
1474 1061 1548 1115 τήν

114 1131 284 1184 ἔκβασιν
310 1129 384 1170 οὐκ
414 1131 474 1177 εἰς
500 1126 692 1184 μακρὰν,
722 1129 815 1168 οὐδ’
844 1129 904 1176 εἰς
928 1125 1066 1182 ἕτερόν
1097 1143 1207 1179 τινα,
1239 1127 1328 1167 α’λλ’
1361 1127 1421 1174 εἰς
1448 1122 1549 1167 ἑαυ-

66 1193 185 1238 ιότὸν
222 1193 324 1237 ἰδών
361 1195 602 1249 σαφέστατα
640 1194 934 1247 γεγενημένην,
980 1196 1054 1235 νῦν
1082 1189 1273 1246 ἆπιστοιή
1311 1189 1548 1232 παντάπασι

112 1260 186 1303 καὶ
213 1261 357 1314 λόγους
400 1259 524 1301 οἴοιτο
567 1259 656 1315 εἰκῇ
689 1259 933 1312 λεγομένους
974 1257 1025 1299 τά
1064 1258 1259 1312 εἰρημένα
1297 1256 1367 1298 ὑπ’
1405 1257 1550 1297 αιῖτοῦ.

113 1323 240 1375 αὐτὸς
273 1326 319 1366 δὲ
345 1324 479 1366 καίτοι
505 1321 565 1377 μὴ
593 1324 833 1379 βουλομένῳ
865 1324 1114 1372 πείθεσθαι,
1150 1322 1272 1362 οὐδὲν
1291 1316 1412 1376 ἦττον
1440 1337 1550 1372 συμο

111 1389 379 1443 βουλεύσειν,
419 1387 448 1429 ἃ
493 1389 603 1445 αὐτῷ
635 1403 681 1429 τε
717 1389 789 1428 καί
820 1387 1050 1440 ίΡωμαιόις
1090 1384 1223 1428 ἅπασι
1267 1383 1549 1439 λυσιτελήσειν
1561 1392 1594 1424 Ρ.
1608 1393 1675 1438 539

113 1454 256 1496 οἴεται.
310 1455 627 1508 ἑκκαλυφθῆναι
653 1451 734 1506 γὰρ
767 1450 893 1509 αύτῷ
909 1451 1023 1506 παρὰ
1050 1453 1178 1504 θεοῦ,
1220 1449 1276 1498 ὥς
1304 1451 1378 1490 ούκ
1410 1451 1548 1506 ἐκείνῳ

58 1523 267 1573 αομᾶλλον
281 1549 293 1572 ,
327 1515 432 1559 α’λλοὶ
447 1518 797 1572 Καντακουζηνῷ,
825 1519 882 1572 τῷ
899 1516 997 1568 πρίν
1021 1518 1100 1568 μὲν
1115 1514 1282 1572 μεγάλῳ
1302 1516 1548 1570 ὃομεστίκῳ,

110 1585 204 1627 νυνὶ
237 1585 282 1624 δὲ
311 1586 481 1635 βασιλεῖ
516 1580 790 1636 γεγενημένῳ,
841 1578 887 1620 τὸ
916 1586 999 1628 τοῖς
1029 1582 1234 1632 βασιλέως
1272 1578 1415 1620 παισίν
1458 1582 1549 1619 ε’πι-

109 1646 324 1703 τροπεύειν
361 1647 434 1688 καί
475 1641 801 1697 συμβασιλεύειν
848 1642 1058 1698 προσήκει.
1126 1643 1191 1684 διὸ
1235 1645 1308 1684 καί
1346 1643 1548 1684 δεδόσθαι

110 1711 226 1766 παρὰ
256 1714 371 1754 θεοῦ·
404 1712 541 1767 ἐκείνῳ
570 1711 616 1750 δὲ
646 1705 716 1749 ὑπ’
741 1709 897 1749 ἐκεῖνον
925 1705 1033 1749 εἶναι
1063 1709 1135 1749 καί
1162 1706 1262 1762 περί
1285 1709 1387 1756 ναῦς
1417 1709 1547 1759 α’σχο-

109 1781 275 1820 λεῖσθαι
311 1778 384 1818 καί
421 1778 790 1828 θαλασσοκρατεῖν,
845 1770 1122 1826 συνεβούλευέ
1160 1788 1205 1814 τε
1249 1770 1424 1826 ἔχεσθαι
1465 1774 1547 1813 τῶν

108 1904 217 1941 stant,
243 1911 347 1945 quae,
375 1899 449 1931 Deo
466 1895 635 1942 propitiis
663 1894 776 1927 oculis
797 1893 1032 1939 respiciente,
1058 1894 1158 1928 brevi
1185 1895 1223 1927 in
1245 1894 1401 1927 nibilum
1420 1904 1544 1927 casura

108 1948 192 1980 sint.
239 1946 381 1979 Moesos
406 1945 541 1990 quippe
566 1943 654 1975 istos
689 1941 892 1973 obsessores
919 1946 956 1972 et
983 1940 1135 1973 obtentu
1164 1940 1344 1973 amicitiae
1370 1951 1544 1984 praesen-

108 1993 155 2026 tis
190 1998 353 2026 auctores
393 1991 559 2033 inopiae,
597 1992 731 2031 septem
767 1987 913 2020 omnino
952 1985 1082 2019 diebus
1115 1987 1245 2020 futuris
1275 1986 1358 2031 suga
1388 1987 1542 2019 salutem

107 2043 271 2084 petentes
296 2044 405 2084 atque
434 2036 529 2068 inter
554 2044 591 2067 se
623 2033 875 2066 conculcantes
906 2033 1064 2066 visuros:
1097 2036 1134 2064 et
1169 2033 1302 2078 quibus
1338 2043 1435 2065 nunc
1472 2033 1543 2064 cir-

108 2084 320 2118 cumdentur
343 2083 459 2123 malis,
482 2081 558 2114 sore
582 2079 728 2112 liberos.
765 2079 862 2112 Haec
885 2083 927 2110 ut
950 2079 1180 2123 metropolita
1205 2079 1388 2118 disseruit,
1417 2088 1541 2110 omnes

109 2131 297 2163 confestim
322 2131 438 2174 posita
463 2126 634 2166 tristitia,
658 2136 757 2168 spem
782 2123 951 2158 fortunae
975 2126 1135 2158 melioris
1159 2124 1309 2170 ingressi
1331 2128 1425 2156 sunt.
1463 2123 1541 2156 No-

108 2182 191 2210 rant
214 2175 412 2222 siquidem‚
449 2173 692 2218 perspectiora
716 2182 792 2204 esse
819 2170 876 2203 illi
904 2170 1047 2210 futura,
1081 2182 1189 2214 quam
1216 2171 1296 2204 aliis
1322 2171 1540 2214 praeterita:

109 2227 147 2256 et
172 2228 351 2267 tamquam
379 2221 453 2255 vati
477 2221 616 2252 animos
642 2217 758 2250 eidem
783 2217 901 2260 palam
925 2216 1171 2250 attendebant.
1221 2216 1292 2249 Cur
1315 2226 1398 2249 vero
1423 2217 1540 2249 Moesi

108 2268 224 2313 fugam
249 2267 380 2301 facturi
406 2270 549 2306 essent,
575 2263 619 2296 de
644 2263 712 2296 hoc
735 2263 976 2306 ambigebant.
1025 2264 1122 2296 Idem
1149 2263 1299 2296 antistes
1324 2262 1540 2306 Apocaucho

108 2325 237 2358 magno
268 2313 351 2347 duci
383 2313 422 2346 in
451 2311 545 2344 hanc
576 2309 793 2343 sententiam
831 2309 983 2354 scripsit.
1041 2311 1121 2343 Non
1160 2309 1282 2341 videre
1315 2318 1375 2347 se,
1409 2318 1540 2353 quam-

109 2361 233 2394 obrem
262 2361 319 2392 cui
345 2360 399 2392 sui
433 2359 647 2392 documenta
678 2365 784 2398 saepe
819 2355 859 2387 in
894 2355 1018 2388 multis
1051 2355 1258 2394 habuisset,
1289 2353 1538 2399 dictorumque

109 2418 253 2440 suorum
280 2410 444 2441 eventum
468 2414 541 2436 non
564 2403 603 2435 in
627 2402 772 2444 longum
799 2400 969 2441 dilatum,
1009 2411 1076 2433 nec
1107 2400 1151 2433 ad
1186 2401 1297 2439 alios,
1331 2399 1395 2433 sed
1423 2400 1469 2432 ad
1499 2411 1538 2434 se

109 2452 328 2497 pertinuisse
353 2448 642 2483 manifestissime
666 2448 796 2487 sciret,
831 2458 927 2479 nunc
956 2448 1100 2490 penitus
1120 2446 1225 2479 fidem
1251 2446 1322 2479 sibi
1345 2446 1539 2491 denegaret

111 2504 149 2532 et
171 2510 236 2543 pro
260 2498 377 2531 verbis
403 2495 572 2530 inanibus
598 2493 769 2532 duceret,
806 2503 898 2537 quae
924 2493 1142 2526 dicerentur.
1192 2493 1299 2526 Porro
1323 2504 1383 2532 se,
1408 2503 1538 2537 quam-

112 2555 219 2590 quam
244 2542 459 2588 refraganti,
482 2540 597 2573 nihilo
622 2539 741 2571 minus
763 2549 852 2583 quae
881 2549 958 2570 cum
986 2540 1069 2582 ipsi,
1096 2544 1170 2570 tum
1199 2540 1356 2571 Romano
1382 2537 1536 2582 imperio

112 2591 278 2623 universo
300 2588 497 2621 conducere
522 2586 691 2624 sentiret,
716 2585 867 2617 suadere
891 2586 996 2621 velle.
1054 2584 1131 2616 Sibi
1166 2585 1261 2617 enim
1285 2595 1305 2616 a
1329 2584 1406 2618 Deo
1438 2584 1537 2617 indi-

114 2641 254 2676 catum,
290 2647 363 2668 non
397 2635 486 2678 ipsi,
521 2641 641 2664 verum
675 2631 949 2669 CantacuzenO,
984 2631 1044 2674 qui
1077 2631 1177 2674 prius
1203 2631 1321 2675 magni
1348 2629 1536 2664 domestici

113 2693 242 2714 munus
278 2682 462 2726 gessisset,
487 2688 583 2711 nunc
605 2677 811 2720 imperatori
842 2678 1071 2714 renuntiato,
1096 2677 1287 2710 convenire
1309 2677 1536 2722 imperatoris

115 2727 277 2760 defuncti
313 2727 437 2760 liberis
471 2729 624 2757 tutorem
667 2732 745 2754 esse
783 2728 819 2755 et
844 2732 913 2754 una
941 2732 1017 2754 cum
1042 2722 1115 2754 illis
1140 2722 1325 2766 imperare.
1374 2722 1476 2755 Unde
1500 2728 1537 2755 et

112 2773 181 2807 hoc
213 2775 247 2808 ei
279 2772 454 2807 divinitus
481 2771 622 2805 datum:
661 2768 732 2813 ipsi
758 2773 878 2802 autem
903 2767 1020 2802 eidem
1049 2767 1195 2802 subesse
1218 2773 1255 2803 et
1278 2779 1351 2804 rem
1375 2769 1535 2807 navalem
