1800 3138
291 190 400 244 206
823 202 1191 246 CANTACUZENJ
1249 226 1251 229 -

93 312 279 365 A.c.134'2
296 310 336 350 εἰ
370 307 510 364 γνώμῃ
550 306 659 362 κοινῇ
700 304 866 346 πάντων
905 303 1078 359 ἦμῶνῆ
1120 303 1259 358 εἰρήνη
1299 303 1616 357 ἐπιψηφισθειή.
1670 302 1722 344 τὰ

287 372 368 428 γὰρ
416 369 497 413 ὖπό
538 371 700 412 πολλῶν
743 369 1046 423 ὃοκιμαζόμενα
1085 365 1232 422 ἥκιστα
1276 364 1633 422 ἂνήᾶμαρτηθείη.
1688 368 1727 408 εἰ

284 440 363 491 μὲν
391 431 464 479 οὖν
492 433 628 491 ὥσπερ
672 432 905 489 ἐγνώκαμεν
924 467 936 488 ,
981 431 1088 488 αὕτη
1135 449 1179 474 τε
1208 436 1331 489 πείθῃ
1359 432 1429 473 καί
1453 432 1528 486 την
1554 432 1723 482 ἀξίωσιν

286 502 410 556 ἡμῶν
454 499 510 551 ὥς
556 502 722 542 δικαίαν
763 501 1011 556 παραδέχῃ,
1057 496 1173 538 πάντ’
1204 494 1254 540 ἂν
1282 496 1372 551 ἔχοι
1400 491 1566 551 ἄριστα.
1620 497 1725 538 εἶδ’

286 562 371 622 ἄρα
408 564 557 621 ἑτέρως
597 564 773 620 ἔγνωκας
800 563 931 620 αὕτη,
992 564 1086 605 ἄλλ’
1110 563 1210 617 ἡμῖν
1238 578 1284 616 γε
1314 563 1473 618 φράσον
1502 563 1692 616 φανερῶς
1710 565 1750 616 ,5

288 632 342 674 ἵν’
371 631 558 686 ἕκαστος,
587 631 643 680 (ὃς
671 626 722 672 ἂν
749 629 933 683 μάλιστα
970 626 1102 671 οἷὸστε
1146 622 1198 684 ᾗ,
1243 626 1317 683 τὴν
1355 629 1564 681 σωτηρίαν
1601 628 1723 667 ἐκπο-

165 708 200 741 Ρ.
214 700 382 754 46οριζῃ
410 696 563 755 ἑαυτῷ.
622 695 769 744 πάντες
797 697 841 737 δὲ
871 690 938 736 οἷα
977 692 1102 748 πατρὶ
1139 686 1398 747 πνευματικῷ
1425 693 1482 748 τῷ
1520 688 1725 747 πατριάρ-

283 778 340 819 χῃ
375 761 428 816 ἢν
455 759 544 815 ἔχει
570 758 735 815 γνώμην
763 759 935 808 ἕκαστος
966 760 1065 813 περὶ
1089 755 1139 798 τὰ
1171 756 1357 812 παρόντα
1387 757 1649 809 ἀνεθὲμεθα,
1679 756 1724 806 ἐξ

284 823 340 868 05
367 824 523 884 δυνήσῃ
538 829 693 878 μαθεῖν
709 826 968 881 σαφέστερον
985 821 1038 864 τὰ
1057 824 1152 863 καθ’
1180 821 1329 875 ἦμᾶς.”
1372 816 1503 868 οὕτως
1521 819 1722 873 εἰπόντας,

286 884 471 934 ἐκέλευεν
498 888 630 939 εὖθύς
659 889 682 931 ὁ
709 887 969 944 πατριάρχης
998 888 1257 941 ὑποχωρεῖν·
1311 882 1436 938 μόνος
1459 886 1505 926 δὲ
1526 883 1628 941 πρὸς
1643 884 1777 937 μό-ιο

285 973 359 1012 νην
384 955 458 1011 τὴν
490 956 688 1009 βασιλίδα
716 954 1006 1007 ὑπολειφθεὶς,
1039 953 1158 1004 ,,τι’ς”
1186 950 1342 1006 ἔφασκε
1369 947 1602 1003 ,βάσκανος
1629 950 1721 990 δαί-

284 1038 376 1076 μων
401 1022 574 1062 τοιαῦτα
601 1020 765 1060 πέπεικε
795 1019 1057 1071 λογίζεσθαι,
1089 1013 1164 1057 οὔκ
1196 1015 1418 1069 ἀλυσιτελῆ
1448 1015 1587 1067 μόνον,
1616 1011 1722 1055 α’λλοὶ

285 1085 358 1129 καί
382 1085 566 1127 ἀδύνατα
610 1081 784 1138 σχεδόν,
822 1084 904 1124 τίσι
934 1084 980 1123 δὲ
1004 1082 1199 1137 χρωμένη
1228 1085 1447 1134 λογισμοῖς,
1475 1082 1722 1121 Καντακου-

288 1149 409 1206 ζηνόν
431 1146 575 1208 ᾠήθης
599 1150 703 1205 φίλα
731 1148 801 1190 σοι’
823 1163 865 1188 τε
892 1147 965 1188 καί
991 1146 1114 1188 παισί
1142 1145 1468 1187 ὃύνασθαίποτε
1487 1142 1724 1200 φρονήσειν,-

287 1215 333 1265 ὃς
363 1215 445 1271 γάρ
473 1213 574 1269 μήθ’
603 1212 684 1255 ὑπὸ
714 1214 946 1266 βασιλέως,
991 1210 1095 1266 μήτε
1132 1211 1212 1253 σοῦ’
1241 1208 1442 1266 πρότερον
1471 1211 1603 1264 μηδὲν
1629 1209 1775 1252 ἄδι-15

153 1290 195 1325 v.
210 1290 270 1333 37¹
288 1278 444 1335 κηθείς,
472 1276 576 1320 ἀλλά
605 1279 767 1320 πολλῶν
795 1277 864 1318 ε’πί
889 1281 1076 1318 πλεῖστον
1099 1274 1254 1330 χρόνον
1275 1275 1518 1323 α’πολαύσας
1536 1274 1722 1327 α’γαθῶν,

252 1343 452 1387 Βπάντων
487 1344 801 1398 ἐπιλελησμένος
838 1343 882 1383 ἐν
919 1345 1084 1396 βραχεῖ’,
1116 1336 1166 1382 οὗ
1195 1341 1294 1395 περὶ
1317 1343 1389 1394 τῆς
1417 1341 1550 1394 ἀρχῆς
1575 1338 1722 1392 μόνον,

291 1407 398 1450 α’λλὰ
428 1409 502 1449 καί
530 1406 626 1463 περὶ
653 1409 857 1461 σωτηρίας
892 1406 1191 1459 ἐπεβούλευσε,
1239 1407 1326 1453 πῶς
1370 1399 1422 1445 ἂν
1463 1403 1526 1458 εἴη
1565 1405 1723 1451 δίκαιος

285 1472 556 1516 πιστεύεσθαι
589 1471 689 1528 περὶ
711 1473 795 1513 τῶν
822 1471 1074 1524 μελλόντων,-
1105 1473 1176 1512 nac*
1200 1473 1336 1512 ταῦτα
1366 1470 1438 1510 οὐκ
1468 1465 1617 1522 ὀλίγων
1642 1474 1724 1509 πα-

285 1537 339 1593 ρὰ
367 1536 437 1579 τὸν
465 1537 539 1579 τοῦ
563 1537 744 1590 πολέμου
770 1535 922 1591 χρόνον
951 1537 1034 1576 τῶν
1061 1533 1288 1576 δοκούντων
1316 1534 1579 1588 ἐφυβρίστων
1619 1531 1775 1588 πρὸςπο

286 1599 414 1644 αὖτὸν
451 1602 741 1656 γεγενημένων.
813 1597 938 1642 οἶσθα
980 1601 1029 1653 δ’,
1061 1599 1117 1648 ὥς
1153 1604 1250 1651 τοῖς,
1280 1598 1533 1650 εἰθισμένοις
1574 1591 1722 1653 ἄρχειν

286 1670 360 1709 καί
404 1669 612 1720 τιμᾶσθαι
648 1664 764 1721 παρὰ
807 1663 967 1707 πάντων
1016 1667 1187 1707 τοιαῦτα
1227 1663 1409 1716 μάλιστα
1451 1663 1526 1702 ουἰι
1555 1658 1716 1705 οἷνεκτοέ.

285 1734 327 1774 εἰ
354 1733 393 1773 δ’
420 1727 504 1787 ἄρα
531 1733 607 1773 τοῦ
630 1729 783 1786 χρόνου
816 1731 1087 1787 τριβομένου,
1133 1730 1159 1784 ἦ
1202 1728 1303 1785 πρὸς
1338 1731 1489 1770 ἐκεῖνον
1534 1727 1721 1782 φαίνοιτο

284 1918 338 1951 tia
367 1917 613 1951 confirmetur:
650 1926 669 1949 a
695 1915 817 1951 multis
845 1916 940 1950 enim
966 1915 1163 1961 approbata
1202 1915 1350 1949 minime
1382 1914 1582 1960 decipiunt.
1628 1914 1721 1958 Ergo

284 1965 318 1997 si
347 1964 442 2008 quod
466 1974 531 1996 nos
556 1964 750 2004 sentimus,
785 1968 824 1996 tu
851 1974 923 2007 quo
953 1974 995 1995 ue
1026 1963 1178 1996 senseris
1202 1961 1447 2007 petitionique
1471 1966 1636 2001 nostrae,
1678 1964 1721 1992 ut

285 2011 402 2042 iustae
418 2034 430 2051 ,
454 2010 572 2042 locum
595 2009 806 2054 reliqueris,
847 1974 1028 2042 flore‘iunt
1053 2008 1182 2041 omnia.
1233 2008 1297 2040 Sin
1321 2007 1414 2039 forte
1441 2006 1541 2039 aliud
1571 2007 1721 2047 statuis,

285 2055 391 2088 nobis
416 2060 539 2100 aperte
571 2055 713 2097 indica,
749 2060 790 2088 ut
814 2054 990 2099 quisque,
1024 2065 1131 2099 quam
1157 2054 1293 2098 optime
1317 2053 1465 2093 licebit,
1500 2052 1609 2085 saluti
1633 2061 1721 2086 suae

284 2108 511 2146 prospectum
537 2105 604 2133 eat.
653 2101 786 2134 Omnes
815 2105 933 2134 autem
971 2110 1094 2133 sensus
1125 2106 1264 2133 nostros
1299 2097 1344 2131 de
1379 2100 1563 2143 praesenti
1601 2107 1720 2132 rerum

285 2151 381 2180 statu
413 2146 659 2192 patriarchae,
700 2153 881 2191 tamquam
905 2146 997 2189 patri
1029 2145 1229 2190 spirituali,
1270 2145 1532 2186 commisimus,
1569 2154 1613 2177 ex
1646 2152 1718 2190 quo

285 2193 438 2234 clarius,
475 2192 564 2238 quid
593 2192 760 2232 velimus,
793 2193 978 2236 percipere
1001 2192 1144 2236 poteris.
1195 2191 1293 2225 Haec
1324 2190 1388 2223 ubi
1428 2190 1617 2230 dixerunt,
1650 2200 1720 2236 pa*-

286 2239 442 2272 triarcha
466 2239 629 2283 protinus
654 2238 742 2272 alios
767 2239 933 2271 secedere
957 2239 1086 2279 iussit,
1112 2237 1281 2282 solusque
1305 2236 1403 2280 apud
1426 2237 1540 2270 solam
1564 2237 1720 2282 impera-

286 2286 413 2319 tricem
450 2295 655 2319 remanens:
693 2283 783 2328 Quis
809 2290 878 2318 tam
906 2284 1049 2317 invidus
1073 2283 1244 2323 daemon,
1280 2283 1423 2328 inquit,
1463 2282 1508 2316 ad
1532 2282 1622 2316 haec
1645 2292 1719 2316 non

288 2331 396 2365 modo
421 2331 660 2370 infructuosa,
685 2329 748 2363 sed
771 2330 867 2363 sactu
891 2331 997 2363 etiam
1022 2330 1280 2374 propemodum
1306 2329 1546 2373 impossibilia
1569 2328 1721 2362 volven-

289 2377 335 2410 da
355 2382 390 2408 te
420 2375 590 2409 induxit?
614 2376 800 2419 Quaenam
827 2376 984 2409 rationes
1009 2380 1045 2408 te
1069 2380 1236 2416 movent,
1269 2381 1311 2408 ut
1336 2375 1619 2409 Cantacuzenum
1648 2372 1718 2407 tirsi

289 2434 330 2455 ac
352 2423 476 2455 liberis
502 2423 572 2455 tuis
596 2433 753 2467 unquam
778 2421 929 2455 amicum
956 2431 1030 2455 esse
1056 2432 1162 2466 posse
1188 2421 1396 2456 existimes?
1435 2421 1507 2465 Qui
1535 2420 1630 2453 enim
1652 2430 1718 2453 ne·

288 2478 359 2546 guo
384 2468 429 2501 ab
455 2470 690 2513 imperatore,
724 2479 844 2513 neque
878 2467 941 2500 abs
979 2473 1016 2501 te
1052 2467 1151 2512 prius
1178 2468 1251 2500 ulla
1291 2469 1329 2500 in
1362 2478 1401 2501 re
1441 2469 1617 2506 offensus,
1654 2464 1719 2498 sed

315 2514 492 2547 iutissime
516 2514 637 2547 multis
662 2514 767 2548 bonis
792 2514 1014 2554 cumulatus,
1046 2513 1146 2546 brevi
1173 2513 1330 2546 omnium
1357 2513 1514 2554 oblitus,
1551 2521 1624 2545 non
1647 2512 1718 2545 im-

314 2560 389 2592 erio
414 2560 526 2592 solum
543 2585 551 2600 ,
586 2559 648 2593 sed
674 2560 781 2593 saluti
806 2560 912 2594 etiam
936 2564 1072 2593 vestrae
1096 2559 1285 2592 insidiatus
1311 2565 1385 2599 est,
1423 2570 1493 2605 quo
1524 2561 1629 2604 pacto
1660 2557 1717 2590 illi

315 2605 376 2637 d'es
403 2606 441 2638 in
465 2606 623 2639 futurum
650 2607 726 2639 iure
758 2606 976 2640 habebitur?
1010 2605 1121 2683 ldcdue
1148 2616 1226 2639 cum
1255 2617 1326 2639 non
1356 2606 1462 2650 pauci
1485 2615 1550 2650 per
1574 2607 1716 2648 tempus

285 2651 378 2684 belli
403 2651 441 2683 in
474 2662 555 2683 cum
592 2652 842 2686 contumeliosi
877 2651 987 2685 fuisse
1016 2652 1051 2686 vi
1079 2657 1216 2684 eantur.
1265 2650 1345 2685 Non
1378 2657 1416 2684 te
1451 2656 1569 2684 autem
1605 2648 1717 2695 fugisti,

287 2707 396 2741 quam
428 2697 496 2736 iis,
533 2698 596 2742 qui
621 2698 703 2731 aliis
736 2699 944 2743 imperitare
971 2701 1006 2731 et
1029 2697 1176 2742 publice
1205 2698 1273 2731 coli
1303 2709 1344 2731 ac
1374 2696 1541 2731 honorari
1566 2703 1717 2728 consue-

287 2746 434 2782 verunt,
459 2742 664 2776 huiusmodi
690 2745 843 2778 iniuriae
865 2743 1111 2777 intolerabiles
1137 2745 1218 2777 sint.
1253 2745 1290 2777 Si
1317 2749 1479 2788 tempore
1502 2740 1720 2787 procedente

287 2798 357 2833 pax
382 2799 461 2823 cum
486 2789 551 2822 illo
577 2791 774 2825 neccssaria
800 2789 1022 2824 iudicabitur
1039 2814 1049 2832 ,
1081 2791 1281 2835 praestabit
1305 2789 1349 2825 de
1375 2790 1533 2825 omnium
1557 2791 1720 2821 nostrum
