1806 3152
511 122 888 188 HISTORIARUM
928 149 1000 186 111.
1030 146 1102 193 96.
1211 141 1213 149 ’
1414 126 1524 199 593

89 249 178 287 κατ’
205 246 348 288 αὕτοῧ.
383 239 516 297 [ὅμως
547 247 594 287 δέ
625 261 738 293 τινας
765 244 840 287 καί
863 247 1149 300 χρηστοτέρας
1175 247 1426 300 παρείχοντο
1460 245 1608 293 §Lao
1630 254 1716 299 1346

88 312 229 359 πίὸας.
286 309 325 351 οἱ
362 313 433 364 τῆς
474 310 630 364 Ἀμούρ
669 312 714 351 δὲ
753 313 953 365 στρατιᾶς
988 309 1210 366 ἡγούμενοι
1256 308 1437 367 ἐμήνυον
1483 312 1531 354 τὸ

88 375 330 432 ἆπόρῥητον
369 379 427 434 τῷ
451 379 624 428 βασιλεῖ’
662 375 735 418 καί
767 376 977 433 παρῄνουν
1004 393 1050 418 τε
1081 376 1256 433 θαρρεῖν
1283 377 1354 419 καί
1394 394 1530 434 παρα-

86 440 369 492 σκευάζεσθαι
409 439 514 495 πρὸς
549 443 716 495 μάχην,
750 439 816 483 ἄν’
842 440 1026 484 ἐπίωσιν.
1058 442 1098 483 οἱ
1122 445 1203 496 μὲν
1233 438 1308 485 οὖν
1334 446 1531 499 πρέσβεις

62 506 269 560 ὄτάχιστα
291 504 589 555 ἐπανελθόντες
617 508 871 562 (ἐπήγγελλον
889 512 1059 587 βασιλεῖ
1080 506 1131 550 τὰ
1158 506 1275 564 παρὰ
1304 511 1387 550 τῶν
1408 513 1565 564 Περ-Β

88 574 184 614 σῶν.
241 573 315 614 καί
354 572 684 626 παρεσκευάζετο
713 590 782 615 και
815 572 942 622 αὐτὸς
970 590 1027 623 ως
1051 575 1335 629 μαχούμενος,
1365 570 1418 630 ἢν
1445 576 1533 633 δέη

88 634 240 680 οὗδένα
270 637 349 693 γὰρ
391 632 471 693 ἤδη
511 641 594 680 τῶν
622 635 762 680 αλλων
790 641 969 681 ἐποιεῖτο
998 640 1142 694 λόγον,
1171 638 1404 693 μελλόντων
1432 642 1534 682 ἐκεί-

87 721 172 747 νων
212 702 317 759 πρός
360 703 486 746 αὐτὸν
519 704 811 757 μεθίστασθαι
851 705 923 747 ἐπι
961 708 1035 761 τῆς
1072 706 1354 761 παρατάξεως.
1427 704 1533 759 μετά

87 768 239 825 μικρὸν
282 771 328 811 δὲ
364 772 438 813 καί
479 769 516 812 οἱ
557 766 675 812 ἄλλοι
722 769 1075 827 συμφωνήσαντες
1114 771 1252 827 κοινην
1288 773 1535 827 ἐποιήσαντο

40 839 313 891 ιοπρεσβείαν
333 836 440 892 πρὸς
471 839 545 879 τὸν
571 838 775 891 βασιλέα,
805 836 1030 893 φάσκοντες
1057 835 1252 894 θαρρεῖν,
1280 838 1338 887 ὥς
1369 836 1537 880 ἔσονται

87 901 310 956 σύμμαχοι
346 902 421 944 καί
453 902 583 959 φίλοι.
654 904 817 945 ἐδέοντο
850 905 896 945 δὲ
926 900 1058 945 αὐτοῦ
1088 902 1148 958 μη
1176 902 1222 944 τὸ
1255 905 1330 945 νῦν
1357 902 1453 957 ἔχον
1487 904 1535 944 ἆ-

86 967 306 1021 ναγκάζειν
334 965 446 1024 ἥκειν
472 967 578 1023 πρὸς
606 967 756 1010 αὐτόν·
815 965 906 1010 ἀλλ’
926 967 1184 1018 ἀπελθόντας
1211 970 1270 1017 εἷς
1296 967 1534 1020 Βυζάντιον
1548 968 1673 1014 V·548

86 1032 193 1088 πρὸς
237 1036 438 1086 βασιλίδα
474 1037 548 1076 καί
587 1037 701 1089 δῶρα
739 1036 988 1087 δεξαμένους
1036 1037 1108 1076 καί
1159 1034 1211 1076 τά
1253 1035 1534 1089 ἐπηγγελμένα

85 1099 286 1155 χρήματα
313 1102 372 1158 τῷ
400 1103 521 1156 σφῶν
548 1102 743 1157 σατράπῃ
773 1099 998 1155 ἐπανήκειν
1017 1101 1122 1156 πρὸς
1140 1098 1293 1153 αὖτὸν,
1326 1100 1400 1142 καί
1427 1100 1533 1142 πάν-

40 1165 139 1208 15τα
168 1164 221 1207 τά
249 1166 500 1219 κελευόμενα
528 1173 674 1212 ποιεῖν.
707 1165 747 1208 οἱ
771 1169 850 1219 μὲν
878 1161 950 1208 οὖν
976 1166 1187 1222 βάρβαροι
1214 1166 1380 1222 γνώμην
1408 1162 1564 1221 ἔχον-Ὀ

88 1247 158 1281 τες
184 1233 380 1286 τοιαύτην
407 1226 504 1286 ἧκον
527 1233 586 1280 εἰς
613 1230 862 1283 Βυζάντιον.
907 1235 979 1274 καί
1007 1231 1046 1274 οἱ
1073 1231 1298 1286 στρατηγοί
1328 1230 1430 1287 πρὸς
1456 1236 1536 1286 βα-

90 1300 231 1339 σιλίδα
261 1295 515 1347 εἰσελθόντες
557 1297 838 1353 προσεκύνουν
879 1314 925 1339 τε
958 1297 1032 1340 καί
1061 1300 1255 1352 ἐδέχοντο
1289 1301 1407 1355 δῶρα
1436 1301 1534 1354 παρ’

90 1363 247 1418 ἐκείνης
275 1367 525 1419 φιλοτιζιιως,
555 1361 802 1417 συνέβαινόν
840 1380 886 1406 τε
916 1363 955 1406 οἱ
984 1367 1068 1407 τῶν
1094 1366 1344 1415 Βυζαντίων
1381 1361 1536 1422 ἄρχον-

90 1445 159 1479 τες
185 1435 272 1478 τοῖς
300 1432 516 1482 Πέρσαις,
557 1430 609 1471 ἵν’
628 1427 754 1471 αὐτοὶ
778 1431 858 1483 μὲν
898 1432 943 1472 έκ
968 1431 1188 1486 θαλάσσης
1216 1433 1403 1487 τριήρεις
1430 1434 1537 1484 πέμ-

39 1506 248 1548 ποψαντες
292 1496 540 1537 κωλύσωσιν
563 1490 767 1550 Ὀρχάνην
805 1499 977 1548 βασιλεῖ
999 1494 1058 1550 μή
1089 1499 1283 1551 βοηθεῖν,
1324 1497 1450 1538 αὐτοὶ
1488 1499 1536 1539 δὲ

89 1561 135 1602 ἐκ
162 1563 234 1616 τῆς
259 1558 435 1615 ἠπείρου
464 1559 1023 1616 περιστρατοπεδευσάμενοι
1043 1563 1316 1617 Σηλυμβρίαν
1345 1565 1535 1616 πολεμῶ-

89 1642 180 1680 σιν,
211 1621 334 1681 ἄχρις
350 1622 403 1668 ἂν
421 1625 798 1680 ἐκπολιορκησωσιν
827 1625 957 1681 αὐτην
984 1626 1059 1667 καί
1083 1625 1181 1676 τούς
1209 1626 1422 1677 συνόντας.
1458 1623 1535 1683 ἦλ-

87 1694 209 1742 πιζον
236 1691 317 1746 γάρ
349 1691 421 1733 καί
447 1690 815 1747 Σηλυμβριανοὺς,
844 1688 896 1733 ἂν
936 1690 1119 1747 μεγάλην
1159 1692 1336 1745 δύναμιν
1376 1695 1422 1735 ἐκ
1459 1696 1535 1749 γῆς

90 1760 163 1799 καί
203 1760 414 1812 θαλάττης
453 1757 599 1810 ἴδωσι,
644 1756 958 1799 διαστασιάσειν
1000 1757 1107 1813 πρὸς
1133 1761 1311 1811 βασιλέα
1355 1757 1429 1801 καί
1457 1759 1534 1813 τὴν

36 1822 207 1869 αόπόλιν
235 1825 404 1873 ἐκείνοις
431 1821 710 1880 παραδώσειν.
738 1823 812 1865 καί
833 1823 1056 1875 ὡπλίζοντο
1085 1825 1238 1867 αὐτίκα
1266 1823 1311 1867 αἱ
1338 1823 1535 1882 τριήρεις.

92 1958 277 2003 copiarum
302 1958 441 1992 Amurii
467 1964 503 1993 et
527 1963 703 1993 secretum
729 1960 986 2004 imperatorum
1011 1960 1242 1994 reserabant:
1266 1965 1303 1993 et
1330 1961 1360 1994 si
1387 1964 1533 2004 petere-

91 2010 173 2045 tur,
215 2006 261 2039 ad
284 2016 438 2051 pugnam
470 2007 626 2040 vicissim
652 2008 790 2051 accingi
814 2006 1065 2041 hortabantur.
1122 2008 1247 2051 Legati
1279 2006 1446 2041 ocissime
1475 2018 1534 2040 re·

89 2052 182 2086 versi
221 2058 351 2086 statum
387 2064 506 2086 rerum
539 2053 635 2098 apud
663 2053 784 2086 Persas
819 2058 1016 2097 exponunt.
1080 2055 1173 2087 Tum
1200 2056 1278 2099 ipse
1303 2065 1450 2107 quoque
1474 2054 1534 2087 di-

90 2099 293 2139 micationi,
320 2099 351 2131 si
375 2110 466 2144 opus
493 2100 556 2140 sit,
579 2112 616 2133 se
641 2100 801 2139 instruit,
828 2101 918 2133 alios
942 2100 1045 2134 flocci
1079 2100 1232 2145 pendit,
1256 2100 1461 2134 Amurianis
1487 2112 1534 2134 ex

90 2145 169 2193 ipsa
195 2146 273 2179 acie
298 2145 344 2179 ad
368 2157 406 2179 se
431 2148 647 2180 transituris.
699 2147 808 2179 Paulo
833 2152 915 2191 post
940 2153 976 2180 et
1002 2147 1238 2181 Sarchaniani
1283 2149 1532 2191 conspirantes

92 2203 342 2226 communem
358 2192 577 2236 legationem
618 2192 663 2225 ad
700 2193 950 2236 imperatorem
976 2194 1150 2234 mittunt,
1183 2194 1280 2227 bono
1305 2195 1425 2227 animo
1453 2204 1531 2226 esse

95 2239 246 2272 iubent:
277 2250 314 2271 se
341 2238 511 2284 deinceps
536 2240 651 2273 socios
678 2240 777 2272 illius
815 2246 853 2273 et
888 2242 1021 2272 amicos
1046 2241 1134 2273 fore.
1184 2239 1373 2284 Rogabant
1396 2245 1532 2282 tamen,

91 2296 138 2319 ne
163 2288 203 2320 in
237 2297 405 2330 praesens
442 2286 490 2318 ad
514 2298 551 2320 se
578 2287 698 2319 venire
728 2290 882 2330 cogeret,
909 2287 972 2320 sed
998 2288 1210 2330 Byzantium
1239 2287 1341 2328 abire
1367 2287 1532 2321 sineret:

92 2332 172 2366 illic
205 2333 363 2377 acceptis
398 2333 501 2366 donis
538 2338 584 2374 et¹
605 2333 788 2380 promissis
823 2338 988 2376 satrapae
1020 2344 1084 2365 suo
1109 2334 1301 2378 pecuniis,
1328 2344 1532 2368 reversuros

92 2383 130 2411 et
153 2390 245 2425 quae
272 2380 492 2424 imperaret,
517 2382 704 2413 effecturos
728 2380 861 2416 omnia,
909 2381 990 2413 Tali
1015 2390 1122 2425 scopo
1150 2381 1294 2414 barbari
1319 2381 1532 2424 Byzantium

91 2430 291 2465 venerunt,
329 2426 555 2471 ingressique
584 2426 630 2458 ad
664 2426 927 2470 imperatricem
963 2427 1071 2460 duces
1118 2438 1196 2460 eam
1233 2427 1431 2460 adorarunt
1463 2427 1532 2461 ho-

91 2472 315 2517 norifieaque
355 2473 450 2506 dona
488 2479 714 2517 acceperunt.
784 2472 963 2506 Convenit
995 2483 1102 2517 porro
1139 2476 1235 2507 inter
1266 2473 1455 2507 archontas
1495 2479 1533 2508 et

91 2518 238 2559 Persas,
264 2523 305 2550 ut
329 2519 398 2563 ipsi
425 2519 571 2564 quidem
597 2520 713 2552 missis
739 2518 949 2552 triremibus
975 2530 994 2551 e
1022 2521 1111 2552 mari
1142 2520 1343 2553 Orchancm
1371 2521 1530 2565 impera-

91 2566 165 2598 tori
190 2576 438 2599 succursurum
468 2565 704 2609 impedirent.
728 2565 767 2598 hi
797 2577 816 2597 a
841 2567 1043 2599 continenti
1068 2566 1269 2609 Selybriam
1292 2566 1429 2600 tamdiu
1457 2568 1529 2600 ob-

92 2610 272 2651 siderent,
318 2611 438 2656 quoad
465 2612 578 2654 ipsam
614 2624 695 2645 cum
735 2611 944 2645 adventitiis
983 2618 1264 2666 expugnassent.
1324 2614 1529 2659 sperabant

95 2657 206 2699 enim,
229 2662 266 2690 et
287 2658 532 2701 Selybrianos‚
558 2659 588 2692 si
615 2669 758 2703 magnas
785 2663 879 2691 terra
903 2658 1067 2704 marique
1094 2660 1214 2704 copias
1237 2659 1424 2701 vidissent,
1451 2661 1530 2694 dis-

93 2704 189 2738 sidio
224 2704 269 2738 ab
305 2705 522 2749 imperatore
566 2705 691 2740 urbem
724 2705 810 2750 ipsis
844 2704 1056 2744 tradituros.
1119 2706 1299 2741 Triremes
1324 2709 1402 2742 siue
1430 2717 1529 2743 mora

138 2773 413 2810 Cantacuzenus
438 2774 485 2809 11.
1223 2776 1267 2810 38
