1754 3146
201 155 238 209 6
799 174 1074 217 PEmoan

204 274 397 316 Thessali,
430 274 663 311 Acarnanes,
699 273 846 319 reliqua
872 275 958 308 item
977 277 1171 310 continens
1199 278 1240 311 in
1271 284 1485 321 potestatem
1514 277 1650 312 veniat.

204 318 359 363 Quidam
406 319 748 352 Thessalonicenses
781 318 969 367 deficiunt.
1031 324 1234 367 byzantini
1265 323 1405 356 nobiles
1432 324 1538 358 rebus
1573 325 1651 356 suis

202 374 421 404 metuentes,
465 365 538 397 iter
572 365 650 397 eius
690 376 874 399 conantur
907 367 1091 412 impedire.
1155 371 1269 403 Attius
1290 369 1442 415 fluvius
1474 367 1652 404 exundat.

200 412 398 446 Exercitus
424 411 758 451 Gynaecocastrum
790 411 888 445 redit
916 413 1003 459 (39).
1063 415 1303 460 Apocaucbus
1326 414 1377 448 ad
1391 414 1652 449 ostendendam

197 457 402 504 potentiam
434 457 575 489 insulas
603 456 869 492 circumvectus
882 484 895 499 ,
930 460 974 493 ob
999 459 1042 494 id
1061 461 1174 506 ipsum
1205 461 1503 496 Thessalonicam
1530 460 1652 494 adna-

199 506 317 549 viget.
367 504 619 536 Protostrator
637 501 689 535 ad
713 516 791 537 eum
810 504 991 544 desciscit.
1039 508 1125 552 Imp.
1154 509 1196 540 in
1224 506 1462 548 desertores,
1488 515 1526 540 ut
1545 518 1653 552 tgna·-

199 563 280 589 vos,
307 549 510 583 invehitur.
556 550 769 593 Apelmenes
799 553 968 596 ingratus
998 560 1032 585 et
1059 553 1234 595 superbus
1259 553 1349 597 (4ο).
1398 554 1652 588 Protostrator

199 597 439 638 obiurgatur,
474 595 536 628 cui
549 607 642 639 puer
658 598 795 629 Asanes
817 597 1099 632 commendatur.
1150 598 1315 633 Ostendit
1331 600 1434 645 Imp.,
1469 600 1511 633 in
1532 610 1652 646 quan-

201 643 250 675 'tis
268 641 308 674 di
304 641 552 687 fficultatibus
572 651 762 677 versetur:
786 644 942 677 militum
960 646 1102 678 animos
1121 646 1252 687 erigit:
1277 644 1328 678 ad
1342 646 1547 692 principem
1565 645 1652 679 Tri-

201 689 385 721 ballorum
414 700 483 733 pro
513 688 657 721 auxilio
692 687 847 722 eundum
873 689 1012 723 suadet.
1068 690 1303 726 Discedentes
1324 692 1562 737 Apocauchus
1589 691 1652 725 in-

201 734 389 781 sequitur,
408 746 484 767 non
506 741 628 769 tamen
643 743 840 779 pugnatur.
880 736 1110 782 Transfugas
1139 739 1222 783 Imp.
1256 738 1390 783 excipit
1437 739 1580 784 equites
1601 737 1650 771 ab

201 779 428 826 Apocauclzo
456 780 543 825 (41).
595 780 771 813 Edessam
798 781 989 816 obsidione
1035 783 1282 818 Triballorum
1305 785 1452 820 liberat.
1500 784 1652 828 Zimpa-

202 838 273 861 nus
297 825 448 873 quidam
476 827 675 870 pecuarius
697 828 782 870 Imp.
809 828 952 872 legatos
978 829 1125 863 vinctos
1149 830 1366 875 Apocaucho
1387 829 1499 864 dedit.
1550 827 1654 871 Quid

198 874 302 918 passi
321 874 407 906 sint.
455 872 635 916 Munifice
665 885 710 907 ac
737 872 1014 917 perhumaniter
1037 887 1061 910 a
1099 875 1238 910 duobus
1271 875 1438 921 dynastis
1466 876 1652 920 accipitur

200 920 420 964 Imperator.
470 919 638 964 Scopiam
663 920 769 952 venit
801 919 887 965 (42).
948 921 1117 956 Eundem
1151 923 1303 956 Liberus
1331 923 1519 957 Triballus
1545 921 1654 956 Grata·

202 965 392 999 conciliat.
441 965 477 999 Is
513 976 591 998 cum
621 977 734 998 uxore
770 978 987 1007 occurrens,
1023 980 1154 1014 magno
1186 969 1291 1003 illum
1324 969 1463 1003 honore
1498 968 1653 1012 suscipit

201 1019 235 1046 et
266 1012 445 1057 regaliter
478 1019 628 1044 tractat.
683 1011 735 1043 Ab
770 1023 813 1046 eo
847 1014 1029 1047 auxilium
1050 1015 1166 1058 petit.-
1208 1016 1272 1049 ille
1296 1015 1488 1049 societatis
1512 1024 1648 1047 merce-

202 1056 282 1091 dem
316 1058 424 1091 urbes
446 1056 648 1091 occidentis
671 1069 783 1098 usque
810 1070 833 1091 a
861 1058 1085 1105 Christopoli
1107 1062 1282 1105 postulat.
1330 1062 1486 1095 Recusat
1511 1061 1652 1094 canta-

200 1115 359 1137 cuzenus
381 1111 416 1148 et
439 1104 547 1150 quasi
564 1115 695 1146 puram
720 1104 918 1147 ingenuum
941 1105 1165 1152 honorisque
1188 1106 1389 1141 studiosum
1413 1107 1538 1152 tangit
1560 1106 1652 1151 (43).

200 1149 367 1183 Prudens
392 1151 518 1183 oratio
543 1150 705 1182 Helenae
743 1151 952 1186 Cralaenae
985 1151 1030 1187 de
1054 1152 1274 1187 adiuvando
1298 1153 1437 1199 hospite
1468 1165 1546 1186 cum
1561 1164 1652 1186 con-

200 1195 342 1229 ditione
368 1195 634 1231 tolerabiliore.
681 1197 769 1240 Imp.
797 1209 946 1231 suorum
971 1200 1165 1232 consilium
1190 1199 1234 1234 de
1264 1198 1532 1238 concedendis,
1555 1210 1651 1244 quae

202 1243 333 1276 Crales
355 1250 472 1287 petat,
498 1240 675 1286 repudiat
702 1241 787 1287 (44).
846 1245 956 1277 Ambo
983 1255 1179 1289 praesente
1206 1246 1482 1290 archiepiscopo
1506 1246 1547 1278 in
1572 1256 1652 1279 cer-

201 1297 259 1321 tas
283 1287 516 1322 conditiones
541 1289 682 1325 iurant,
729 1288 783 1321 De
811 1288 939 1324 Chrele
966 1291 1001 1324 T
998 1291 1137 1325 riballo
1166 1293 1264 1326 inter
1286 1300 1478 1338 utrumque
1504 1299 1655 1325 conten-

201 1335 268 1367 tio.
320 1336 394 1367 Cur
416 1337 448 1367 is
472 1332 523 1367 ad
549 1334 691 1366 Cralem
718 1337 861 1369 reverti
882 1338 1055 1370 noluerit.
1112 1339 1317 1372 Melenicus
1340 1338 1466 1371 chreti
1489 1335 1652 1374 deditur.

200 1380 423 1414 Rhentinam
464 1381 652 1413 castellum
691 1382 822 1422 Syrges
854 1391 1019 1428 occupat.
1094 1386 1140 1416 1n
1181 1383 1373 1418 dedititios
1403 1385 1528 1417 saevit
1559 1382 1652 1428 (45).

199 1427 441 1472 Apocauclzus
475 1427 657 1468 Polystrli
688 1426 781 1469 quid
810 1430 951 1472 egerit:
986 1427 1080 1476 quid
1111 1429 1406 1473 Didymotichum
1439 1431 1652 1474 scripserit:

201 1472 296 1520 quid
318 1473 352 1507 ei
377 1482 411 1507 et
433 1485 542 1519 quam
573 1474 741 1506 aculeate
767 1485 813 1506 ac
833 1475 946 1508 libere
960 1487 1169 1519 responsum
1181 1477 1240 1510 sit.
1274 1476 1478 1519 Byzantini
1493 1474 1654 1508 redeun—

201 1528 271 1553 tem
292 1526 371 1553 cum
388 1519 704 1564 gratulationibus
731 1528 766 1553 et
789 1521 981 1565 plausibus
1006 1522 1206 1567 excipiunt.
1254 1524 1326 1556 Pro
1352 1521 1510 1555 libidine
1538 1522 1652 1566 impe·-

201 1573 272 1599 rat.
308 1567 425 1605 Irene,
439 1577 534 1599 uxor
548 1565 815 1606 Cantacuzeni,
842 1579 922 1601 cum
935 1568 1065 1613 fratre
1090 1570 1265 1603 Manuele
1291 1568 1332 1601 in
1347 1569 1475 1601 timore
1499 1575 1549 1601 est
1562 1567 1653 1613 (46).

200 1612 366 1645 Militum
392 1621 428 1646 et
451 1611 582 1645 ducum
598 1610 700 1657 fides
728 1613 956 1658 exploratur.
1005 1615 1256 1660 Comitopulus
1281 1616 1526 1648 constantiam
1548 1625 1653 1647 suam

201 1657 407 1704 profitetur.
455 1658 620 1691 Iuratur.
670 1658 831 1692 Nuntius
856 1660 902 1693 ab
927 1660 1152 1705 Imperatore
1180 1673 1259 1695 cum
1291 1662 1368 1696 eius
1396 1671 1500 1694 cereo
1525 1660 1652 1706 sigillo

199 1704 289 1748 (47).
338 1703 595 1745 Didymotichi
618 1704 823 1738 suburbani
849 1707 891 1738 in
913 1706 1076 1740 urbanos
1092 1709 1301 1753 insurgunt.
1348 1708 1559 1752 Fugantur.
1605 1706 1654 1739 In

200 1751 353 1793 exilium
388 1751 645 1783 voluntarium
672 1750 902 1794 concedunt;
940 1763 1063 1785 eorum
1103 1751 1229 1786 domus
1261 1753 1509 1787 destruuntur.
1556 1753 1653 1797 Epi-

200 1798 303 1841 scopi
321 1797 543 1830 vaticinium
560 1804 713 1829 eventus
728 1798 872 1841 probat.
925 1798 1112 1832 Triballos
1121 1801 1309 1844 principes
1321 1798 1492 1843 promissi
1511 1798 1654 1832 auxilii

196 1843 384 1888 poenitet:
409 1840 567 1875 obsidem
594 1844 850 1877 Cantacuzeni
871 1843 990 1887 filium
1012 1843 1192 1888 poscunt.-
1229 1845 1381 1879 Liberus
1399 1845 1522 1883 filiam
1548 1856 1651 1877 suam

202 1889 280 1922 eius
311 1888 396 1934 filio
425 1889 638 1932 desponsam
684 1891 783 1934 cupit
814 1889 903 1934 (48).
951 1891 1156 1935 Imperator
1178 1902 1256 1924 cum
1285 1891 1535 1925 auxiliaribus
1562 1891 1652 1924 Tri-

203 1935 313 1968 hallis
349 1933 444 1981 quid
471 1933 573 1979 apud
594 1935 730 1968 Pheras
764 1937 893 1980 egerit.
935 1936 1067 1981 Syrges
1092 1935 1143 1970 ad
1163 1946 1344 1982 sceptrum
1367 1937 1561 1971 Armeniae
1582 1948 1652 1970 vo-

200 1989 321 2015 catur.
368 1980 615 2014 Pheraeorum
630 1980 841 2016 obstinatio.
881 1982 1033 2015 Morbus
1050 1983 1091 2015 in
1108 1984 1275 2017 exercitu
1293 1984 1425 2017 multos
1439 1983 1650 2028 exstinguit.

203 2027 457 2071 Clzristopolin
486 2025 715 2071 praesidium
741 2027 786 2060 ab
810 2027 1030 2071 Apocauclzo
1054 2028 1225 2062 mittitur.
1273 2029 1331 2063 Ad
1358 2029 1539 2063 Triballos
1567 2029 1651 2062 abi·-

202 2072 383 2112 turientes
394 2073 593 2117 praeclara
611 2073 849 2116 Imperatoris
874 2075 1017 2109 concio.
1067 2075 1223 2109 Romani
1246 2077 1513 2109 tumultuantes
1527 2076 1652 2109 incre-

198 2127 350 2163 pantur.
405 2118 562 2151 Plurimi
600 2117 848 2164 Christopolin
881 2130 918 2152 se
944 2119 1148 2166 conferunt.
1197 2122 1339 2155 Ducum
1364 2121 1496 2156 ibidem
1518 2121 1650 2167 periu-

202 2165 309 2197 rium.
360 2163 560 2198 Redeuntes
585 2164 789 2208 Imperator
812 2166 964 2210 suscipit
996 2166 1082 2211 (49).
1138 2167 1350 2203 Eorundem
1377 2167 1507 2201 ducum
1533 2167 1651 2212 impu·

200 2208 293 2243 dens
325 2209 369 2243 de
413 2209 672 2243 Cantacuzeno
710 2209 966 2246 mendacium:
1004 2211 1091 2247 inde
1115 2215 1293 2256 Byzantii
1316 2213 1466 2260 publica
1487 2213 1650 2247 laetitia.

204 2257 306 2297 Quae
332 2264 366 2289 et
391 2264 534 2301 quanta
559 2257 662 2289 multi
686 2257 766 2289 illic
776 2265 928 2302 propter
943 2259 1238 2294 Cantacuzenum
1252 2260 1486 2305 pertulerint.
1533 2259 1650 2293 Prae-

196 2300 380 2345 fectorum
413 2303 582 2339 saeuitia.
632 2303 780 2336 Factum
812 2303 1111 2338 humanissimum
1133 2307 1266 2339 Persae.
1295 2305 1484 2340 cuiusdam
1508 2305 1550 2338 in
1562 2305 1649 2351 fla-

200 2348 309 2392 gellis
344 2348 540 2381 laceratos.
596 2348 773 2393 Impostor
803 2349 954 2395 quidam
984 2363 1115 2386 sacrae
1150 2351 1374 2398 confessioni
1398 2350 1536 2385 illudit.
1589 2350 1653 2386 Ad

192 2394 318 2438 fizlsos
329 2395 481 2427 nuntios
505 2393 624 2428 denuo
642 2397 824 2440 Deiparae
849 2405 1012 2441 aguntur
1035 2399 1182 2442 gratiae
1199 2399 1285 2442 (50).
1337 2398 1463 2432 Crales
1485 2399 1646 2442 Impera-

202 2442 280 2473 tori
312 2441 492 2483 repetenti
515 2440 691 2475 Edessam
721 2442 844 2475 statim
877 2444 1048 2480 restitnit.
1098 2444 1334 2489 Apocauchus
1357 2444 1506 2489 frustra
1529 2441 1646 2487 Didy-

201 2485 399 2519 motichum
433 2495 564 2522 movet.
616 2487 846 2533 Empytbium
875 2489 1039 2525 obsidet.-
1062 2489 1275 2533 Scytharum
1301 2491 1453 2524 incursu
1473 2489 1645 2530 territus,

202 2532 449 2566 obsessionem
463 2533 652 2576 relinquit.
700 2535 744 2567 In
766 2533 919 2574 Scythas
939 2535 1112 2570 abeuntes
1134 2536 1366 2581 Scopelenses
1387 2538 1497 2570 stulte
1522 2544 1556 2570 et
1585 2536 1645 2569 in-

191 2579 312 2623 felici
342 2579 445 2612 exitu
466 2590 503 2611 se
532 2579 708 2625 inferunt.
757 2580 994 2625 Apocauchus
1018 2581 1107 2617 belli
1129 2581 1486 2616 administrationem
1507 2592 1643 2628 genero

203 2624 326 2658 tradit
351 2625 436 2668 (51).
487 2628 594 2658 Anna
627 2628 844 2671 imperatrix
869 2639 891 2659 a
921 2627 1030 2661 Crale
1067 2629 1362 2662 Cantacuzenum
1391 2629 1505 2674 petit.-
1537 2627 1643 2661 urbes

202 2672 244 2703 in
284 2671 486 2713 praemium
518 2672 681 2716 spondet.
742 2672 988 2706 Triballorum
1019 2684 1210 2718 procerum
1244 2674 1568 2709 commemorabilis
1600 2674 1644 2707 in

203 2717 309 2749 illum
330 2716 427 2761 fides
455 2717 541 2762 (5'2).
601 2719 770 2753 Thessali
791 2732 827 2753 se
860 2719 1116 2755 Cantacuzeno
1139 2721 1340 2755 subiiciunt
1366 2721 1477 2757 ultro.
1525 2721 1642 2754 Ioan-

205 2774 286 2796 nem
315 2764 491 2809 Angelum
516 2765 569 2798 eis
589 2773 795 2810 praetorem
821 2765 1014 2813 praeficit,
1052 2778 1157 2813 quem
1192 2768 1231 2802 in
1267 2767 1369 2803 bulla
1394 2764 1640 2803 commendat.-
