1812 3132
285 183 304 221 1
319 165 389 221 50
804 179 1176 223 CANTACUZENI

84 288 165 324 Ac.
185 285 370 335 ι34ιτιᾶς
397 285 565 338 ἐδέησεν
593 276 658 334 ἂν,
685 279 788 337 πρὸς
816 280 893 337 τὴν
919 279 1177 335 ἐπιχείρησιν
1201 281 1515 334 συναιρομένης,
1546 278 1624 334 καίι
1642 278 1714 336 φί-

279 354 362 391 λων
388 351 469 390 τῶν
495 346 784 402 γνησιωτὰτων
807 344 986 401 μάλιστα
1015 345 1086 386 καί
1111 346 1262 399 πολλῆς
1289 345 1567 398 παρασκευῆς,
1597 342 1638 393 ἐξ
1665 338 1714 398 ἧς
1762 401 1764 403 ¹

279 410 356 455 οὐκ
383 414 490 466 ἐνῆν,
524 413 564 453 εἰ
586 409 646 465 μὴ
674 410 771 460 τούς
800 409 992 463 πολλοὺς,
1023 407 1130 450 ἀλλὰ
1159 409 1257 457 τούς
1274 424 1318 462 γε
1340 407 1712 463 ἐπιτηδειοτάτους,

152 481 187 516 Ρ.
203 483 267 527 427
280 477 337 533 μη
367 476 441 532 τήν
471 474 655 518 διάνοιαν
686 474 1072 529 καταστοχάζεσθαι
1102 477 1186 516 τῶν
1216 475 1478 528 γιγνομένων.
1532 473 1571 514 εἰ
1588 474 1634 514 δέ
1651 473 1715 521 τίς

235 584 237 587 ,
276 560 318 585 τι
356 544 541 585 τοιοῦτον
565 543 792 596 ἐξελέγχειν
818 539 903 594 ἔχει
922 573 932 592 ,
963 541 1123 594 παρίτω
1152 541 1224 580 καί
1252 537 1459 583 δεικνύτω.
1518 535 1608 579 ἀλλ’
1638 533 1741 583 οὕκό

278 604 330 649 ἂν
369 606 474 662 ἔχοι.
540 605 620 661 ἐγώ
661 605 740 661 γὰρ
770 606 943 661 ἀνδρίας
967 608 1044 657 μὲν
1070 607 1142 646 καί
1169 607 1372 654 συνέσεως
1400 606 1474 646 καί
1499 604 1728 659 ἐμπειρίας,

275 674 348 727 τῆς
375 670 475 728 πρὸς
512 671 611 721 τούς
649 672 853 725 πολέμους
879 675 1043 719 πολλοῖς
1073 665 1125 711 ἂν
1152 668 1510 724 παραχωρήσαιμι
1536 668 1608 709 καί
1631 668 1715 709 τῶν

276 735 405 780 πάλαι
440 735 514 778 καί
550 739 634 779 τῶν
675 739 771 789 νῦν,
816 734 981 791 τρόπων
1031 736 1076 776 δὲ
1125 734 1355 788 ειῖθύτητος
1400 733 1473 775 καί
1514 729 1716 787 ἀληθείας

278 801 438 844 οὐδενί·
495 798 556 851 οἷς
583 801 765 857 μάλιστα
801 799 895 842 νυνί
931 799 1154 855 θαρρήσας
1187 796 1535 855 παρρησιὰζομαι
1572 798 1729 840 τοιαῦ-

277 885 347 909 τα.
416 868 455 908 εἰ
492 866 542 922 δη
582 866 626 908 ἔκ
653 882 696 908 τε
734 860 793 908 ὧν
817 862 1195 922 ἐπραγματευόμην
1227 861 1365 915 αὐτὸς,
1394 863 1439 907 ἔκ
1465 879 1509 906 τε
1536 865 1620 905 τῶν
1644 860 1775 905 τὸν-ια

280 930 446 974 ἅπαντα
473 930 624 987 χρόνον
650 930 864 974 συνόντων
888 931 1009 983 ὑμῶν
1036 931 1145 983 ἐμοί,
1173 930 1278 984 μηθ’
1298 929 1592 979 ὖποπτευθείς,
1615 924 1718 982 μήτε

278 997 548 1052 εἰργασμένος
576 998 777 1053 φαίνομαι
806 992 862 1038 ὧν
890 994 1175 1051 κατηγόρημαι
1202 996 1355 1051 μηδὲν,
1395 995 1471 1036 οὐκ
1498 988 1549 1036 ἄν
1574 1009 1636 1042 τις
1664 989 1727 1034 α”νι

277 1061 375 1114 ἐμοὶ
403 1060 571 1111 δικαίως
598 1063 804 1116 ἐπενέγκοι
831 1063 1016 1115 μέμψιν,
1058 1060 1115 1109 (ὃς
1144 1059 1195 1101 ου’
1223 1058 1510 1116 προσηκόντως
1537 1057 1639 1114 πρὸς
1665 1055 1727 1099 τοὶ,

277 1123 538 1181 πραττόμενα
567 1127 798 1184 ἐξαγομένῳ
825 1125 930 1182 πρὸς
958 1125 1096 1181 ὀργήν.
1156 1124 1241 1166 ἔδει
1269 1125 1348 1180 γάρ
1385 1125 1608 1178 βασιλίδα,
1648 1121 1728 1164 τόν

245 1205 324 1237 Βτε
362 1190 518 1247 τρόπον
557 1191 650 1244 ἐμοὶ
673 1190 740 1233 τὸν
767 1193 946 1248 ἐξαρχῆς
973 1191 1029 1239 ὦς
1065 1192 1115 1232 ου’
1143 1192 1451 1247 διεφθαρμένος
1478 1189 1777 1231 συνειδυῖαν15

278 1257 352 1297 καί
387 1255 464 1310 τὴν-
489 1257 592 1308 ἐμοῦ
623 1258 696 1298 καί
720 1259 926 1310 βασιλέως
954 1258 1240 1309 οἲπαράμιλλον
1268 1256 1424 1310 ἐκείνην
1452 1253 1525 1295 καί
1550 1257 1719 1306 θαυμα-

278 1318 478 1375 σιωτάτην
506 1323 652 1376 φιλίαν
678 1321 750 1363 καί
775 1320 850 1376 τὴν
879 1320 984 1374 μετὰ
1013 1319 1088 1375 την
1116 1321 1270 1362 ἐκείνου
1297 1317 1491 1373 τελευτήν
1505 1318 1612 1374 ὑπὲρ
1633 1319 1718 1360 τῶν

278 1386 438 1427 ἐκείνου
474 1387 637 1427 παίδων
676 1386 750 1428 καί
779 1387 906 1441 αὐτῆς
947 1384 1101 1440 πολλὴν
1140 1383 1327 1438 σπουδὴν
1354 1384 1424 1426 καί
1449 1384 1716 1438 προθυμίαν,

276 1451 337 1504 μὴ
378 1451 659 1506 συκοφάνταις
697 1449 936 1507 ἀνθρώποις
968 1452 1042 1493 καί
1074 1448 1323 1506 διεφθορόσι
1352 1450 1599 1499 πείθεσθαι,
1628 1444 1718 1488 ἀλλ’

279 1516 378 1567 ἐμοὶ
402 1515 624 1569 προσέχειν
651 1517 790 1571 ὀρθῶς
819 1517 892 1557 καί
919 1517 1088 1563 δικαίως
1115 1514 1223 1569 ὑπὲρ
1253 1510 1381 1568 αὐτῆς
1401 1514 1783 1570 πολιτευομένῳκια·

278 1580 372 1620 ἐπεὶ
411 1581 457 1621 δὲ
493 1579 700 1632 βάσκανός
735 1596 797 1628 τις
842 1581 1002 1634 δαιζιιων
1029 1583 1110 1621 τῶν
1137 1579 1423 1634 ἐξητασμένων
1452 1577 1523 1618 ἐπὶ
1550 1579 1728 1635 φθορᾷ,

277 1643 328 1685 τὰ
370 1646 448 1697 μὲν
475 1644 615 1699 ἀληθῆ
643 1643 716 1686 καί
740 1646 884 1687 δίκαια
913 1647 1012 1700 περί
1037 1647 1143 1697 ἐμοῦ
1171 1646 1398 1686 πεπεῖσθαι
1425 1642 1499 1684 οὐκ
1529 1643 1726 1698 ἀφῆκεν,

278 1708 438 1765 ἐχθρὸν
467 1711 514 1751 δὲ
544 1705 636 1752 dvm*
663 1708 787 1765 φίλου
816 1709 889 1752 καί
914 1710 1109 1762 πολέμιον
1137 1708 1234 1751 α’ντί
1263 1705 1492 1762 συμμάχου
1521 1709 1593 1749 καί
1616 1705 1717 1749 ‹5150-

371 1846 401 1880 5.
429 1844 591 1891 παρείτω
615 1847 654 1880 1¹.
756 1857 807 1880 u.
831 1845 924 1892 μήτε
949 1844 1201 1881 ὕποπτευθεὶς
1223 1845 1258 1878 Ρ.
1360 1846 1410 1879 15.
1437 1843 1660 1880 συνοιδυῒαν
1681 1844 1717 1878 Ρ.

278 1977 334 2007 rct
358 1973 548 2018 colligere,
586 1972 676 2019 quid
700 1972 771 2006 sibi
796 1973 956 2013 vellent,
994 1981 1086 2017 quae
1111 1971 1250 2007 fierent,
1298 1970 1335 2004 Si
1362 1971 1442 2016 quis
1474 1971 1547 2004 tale
1573 1971 1716 2016 aliquid

275 2020 428 2065 probare
454 2024 597 2063 potest,
633 2019 780 2053 accedat
802 2020 888 2052 licet
911 2022 948 2052 et
971 2017 1112 2063 probet.
1161 2016 1208 2048 At
1231 2027 1305 2049 non
1340 2016 1486 2060 poterit.
1535 2018 1716 2062 Equidem

277 2077 348 2111 qua
373 2065 615 2106 fortitudine,
655 2077 726 2110 qua
760 2065 953 2109 prudentia
987 2074 1102 2109 usque
1137 2062 1311 2103 militari,
1344 2068 1382 2095 et
1416 2065 1640 2106 superiorum
1679 2069 1721 2097 et

275 2113 392 2145 nostri
416 2112 551 2144 saeculi
584 2111 708 2144 multis
735 2110 989 2143 concesserim:
1025 2107 1188 2154 probatis
1216 2113 1338 2140 autem
1366 2109 1527 2141 moribus
1554 2121 1594 2142 ac
1617 2110 1715 2142 veri-

278 2159 366 2191 tatis
394 2156 513 2190 studio
539 2158 699 2199 ncmini3
730 2156 863 2200 quibus
889 2157 1117 2200 potissimum
1141 2166 1238 2188 nunc
1262 2154 1438 2195 confisus,
1474 2154 1563 2187 haec
1597 2154 1718 2188 libere·

276 2215 354 2236 sum
387 2203 605 2248 prolocutus.
656 2202 694 2235 Si
732 2202 842 2247 igitur
875 2213 994 2247 neque
1026 2212 1068 2234 ex
1102 2200 1179 2240 his,
1214 2211 1308 2246 quae
1342 2201 1418 2244 ipse
1454 2200 1592 2235 efficere
1626 2211 1719 2235 con-,

276 2249 400 2290 tendi,
434 2259 555 2293 neque
580 2259 623 2282 ex
653 2246 784 2289 vobis,
813 2248 876 2292 qui
909 2259 1048 2281 mecum
1083 2257 1221 2290 semper
1253 2247 1397 2288 fuistis,
1434 2246 1492 2279 vel
1527 2251 1713 2291 suspectus

278 2296 335 2329 vel
359 2306 440 2329 reus
467 2305 589 2327 corum
616 2293 764 2334 videor,
802 2305 955 2339 quorum
979 2294 1018 2326 in
1053 2304 1108 2326 me
1133 2291 1305 2327 adornata
1331 2297 1384 2324 cst
1409 2294 1610 2335 accusatio,
1644 2303 1716 2327 ne·-

276 2351 335 2374 mo
368 2353 424 2374 me
459 2342 536 2374 iure
569 2339 834 2385 reprehendet,
879 2340 981 2385 quasi
1013 2339 1148 2372 iniuria
1183 2350 1291 2383 super
1327 2338 1384 2371 his
1416 2338 1524 2371 rebus
1561 2350 1716 2372 succen-·

278 2398 384 2420 seam.
433 2386 596 2420 Decebat
623 2386 718 2420 enim
746 2386 960 2430 Augustam,
997 2390 1126 2418 testem
1152 2384 1330 2418 ab-initio
1368 2385 1584 2428 integritatis
1608 2394 1710 2418 meae

279 2438 317 2467 et
341 2434 438 2474 cius,
471 2443 562 2478 quae
596 2432 686 2465 mihi
711 2443 791 2465 cum
814 2433 1032 2475 imperatore
1063 2431 1284 2472 intercessit,
1319 2431 1549 2465 inimitabilis
1575 2436 1612 2465 et
1643 2431 1710 2464 nd-

277 2479 468 2512 miratione
494 2479 722 2524 dignissimae
746 2478 925 2511 amicitiae
952 2488 992 2511 ac
1015 2482 1096 2523 post
1120 2478 1260 2510 obitum
1287 2478 1384 2511 illius
1411 2489 1476 2522 pro
1505 2477 1588 2511 filiis
1613 2478 1716 2521 ipsa->

280 2535 350 2570 que
375 2536 538 2558 curarum
571 2536 730 2558 mearum
760 2528 796 2557 et
827 2525 999 2569 impigrae
1024 2523 1282 2562 solicitudinis,
1322 2534 1397 2556 non
1429 2522 1573 2556 credere
1606 2533 1710 2568 syco-

277 2570 424 2614 phantis
457 2571 705 2615 perversisque
739 2570 966 2614 hominibus3
1005 2570 1066 2603 scd
1101 2581 1120 2602 a
1156 2581 1212 2603 me
1245 2570 1405 2614 legitime
1440 2574 1608 2614 recteque
1643 2581 1709 2614 pro

277 2617 357 2661 ipsa
381 2617 568 2660 imperium
603 2622 767 2661 regente,
803 2618 959 2649 rationes
993 2626 1074 2649 suas
1109 2626 1296 2659 suspensas
1332 2614 1477 2649 habere.
1524 2615 1572 2647 At
1605 2620 1710 2659 post·

280 2673 384 2708 quam
411 2663 562 2694 daemon
588 2663 766 2707 quispiam
783 2662 923 2695 invidus
949 2667 985 2695 et
1009 2663 1048 2694 in
1072 2662 1232 2706 pernicie
1256 2662 1457 2696 invehenda
1482 2661 1710 2701 exercitatum

278 2718 360 2741 vera
380 2713 415 2740 et
443 2709 536 2742 iusta
563 2707 606 2741 de
628 2721 682 2742 me
710 2703 947 2742 credere'non
971 2708 1053 2741 sivit
1077 2709 1260 2752 magisque
1282 2709 1468 2741 inimicum
1492 2717 1557 2752 pro
1582 2709 1708 2748 amico,

278 2753 417 2789 hostem
443 2766 507 2800 pro
532 2755 629 2788 socio
667 2760 701 2789 ct
726 2755 940 2793 malevolum
964 2766 1027 2800 pro
1052 2754 1259 2788 fidelissimo
1294 2755 1497 2789 existimare
1519 2755 1708 2799 persuasit,
