1820 3138
530 168 907 216 HISTORIARUM
947 174 1020 214 111.
1058 172 1127 218 67.
1406 150 1443 217 4
1456 168 1472 202 ι
1485 148 1518 203 3

92 295 164 322 ’του
183 277 428 331 κατηγορίαν
445 267 698 327 βουλόμενος
717 272 959 312 ἐνίστασθαι
986 271 1174 323 »δοκεῖτέ
1193 270 1295 322 μοι”
1315 267 1397 326 ἔφη
1424 281 1613 324 „no-Ac,
1634 283 1719 329 1343

93 347 230 398 λέμιοι
247 341 376 396 μόνον
394 335 501 380 εἶναι
521 339 693 389 πολλῶν,
714 339 828 392 φίλοι
852 338 898 377 δὲ
917 332 1099 385 οὐδενός.
1129 337 1169 377 εἰ
1194 334 1275 390 γὰρ
1315 335 1374 390 μὴ
1404 339 1525 378 τοῦτο

93 405 160 464 ἦν,
179 407 254 449 οὐκ
273 402 324 448 ἂν
341 402 470 454 οὕτως
486 400 562 459 ἤτε
582 401 754 458 πόριμοι
772 401 965 455 μηχανάς
982 403 1059 454 μὲν
1078 403 1150 443 καί
1168 400 1393 455 ἐπιβουλάς
1411 404 1527 454 ἐξευ-

97 476 252 527 ρίσκειν
276 470 381 514 κατά
415 471 496 512 ταῖν
522 471 746 522 πολεμίων,
775 469 828 524 τῇ
847 483 892 507 τε
919 465 1078 524 γλώττῃ
1101 467 1312 522 χρώμενοι
1342 468 1530 525 άφειδῶς

70 538 202 595 5πρός
226 535 394 593 ὕβρεις,
423 533 560 591 ὥσπερ
593 532 664 576 διὰ
687 535 808 575 τοῦτο
827 531 983 587 ταύτην
1010 532 1262 587 κεκτημένοι,
1291 533 1365 575 καί
1388 537 1530 578 πᾶσαν

100 602 227 660 ἄλλην
255 601 585 654 ἐπιδεικνύμενοι
615 598 838 653 πονηριάν,
880 600 962 640 τῶν
990 599 1036 641 δὲ
1065 600 1203 654 φίλοις
1229 598 1560 654 προσηκόντωνο

96 671 361 722 ἐπιστάμενοι
377 669 512 713 ου’δέν.
541 663 640 708 ὅθεν
662 662 740 707 ὑπὸ
759 666 834 719 τῆς
857 660 962 718 ἄγαν
978 666 1077 719 περὶ
1096 665 1230 706 ταῦτα
1252 665 1446 720 ἀπειρίας
1462 665 1536 708 καὶ

96 738 173 778 τοῦ
200 736 304 788 ἐμοῦ
334 732 539 776 δεσπότου
567 727 864 786 κατηγορήκατε
894 731 1091 782 α’δοξίαν,
1134 725 1198 770 ὅτι
1222 727 1326 785 πρὸς
1353 730 1429 786 τὴν
1454 735 1534 784 βα-

98 801 247 848 σιλέως
264 799 417 855 σκηνὴν
435 796 595 850 ἐλθών,
625 795 707 838 α’πὸ
735 798 817 839 ταῖν
845 795 1197 848 ἐπιβουλευόντων
1215 797 1376 839 πολλῶν
1407 793 1535 840 ὄντων

47 868 324 921 ῐοιίγρυπνῶν
354 862 609 921 ἐφύλαττεν,
649 862 735 903 ὑπὸ
765 863 838 916 τῆς
865 860 962 916 περὶ
984 863 1160 914 βασιλέα
1190 860 1422 915 ἡττώμενος
1462 863 1536 904 εὕ-

94 933 213 980 νοίας
242 931 316 972 καί
342 927 471 972 πάθει
505 927 618 986 μόνῳ
652 931 734 970 τῶν
773 926 939 968 πάντων
974 928 1126 968 παθῶν
1165 924 1320 984 ἡδίστῳ
1360 944 1402 969 τε
1444 925 1534 981 ἅμα

99 1000 172 1038 καί
197 998 364 1054 ζηλωτῷ
402 995 721 1047 δεδουλωμένος.
781 989 978 1047 ἐρωτήσω
1020 994 1067 1033 δὲ
1107 992 1241 1045 ὑμᾶς,
1280 993 1340 1041 τίς
1373 995 1536 1045 βέλτιον

99 1065 200 1117 περί
213 1077 258 1103 τε
280 1059 324 1103 τὸ
345 1061 548 1116 προσῆκον
565 1060 637 1100 καί
662 1057 710 1100 τὸ
743 1060 902 1100 δίκαιον
917 1061 988 1099 καί
1014 1056 1119 1110 πρὸς
1145 1060 1383 1113 φιλοτιμίαν
1412 1060 1536 1112 ἐβου-

100 1125 301 1178 λεύσατο,
329 1122 544 1181 σατράπης
571 1125 592 1165 ὃ
626 1122 724 1176 ἐμὸς
753 1120 972 1178 δεσπότης,
1001 1122 1048 1171 ὃς
1075 1125 1149 1177 τῆς
1171 1124 1230 1171 εἰς
1257 1126 1432 1176 βασιλέα
1451 1125 1537 1166 ἓνε-

50 1199 154 1240 ι5κα
184 1192 327 1249 φιλιζας
353 1193 545 1233 τοσοῦτον
578 1190 707 1231 εἵλετο
735 1187 860 1231 πόνον
888 1188 960 1230 καί
987 1188 1184 1242 ἀδοξίαν,
1214 1189 1270 1237 ὥς
1300 1190 1418 1242 ὑμεῖς
1450 1207 1537 1245 φα-

95 1274 140 1300 τε
155 1291 168 1312 ,
202 1254 230 1311 ἢ
257 1256 375 1310 ὑμεῖς
388 1273 402 1307 ,·
433 1257 476 1298 οἲ
498 1258 662 1298 πολλῶν
690 1258 763 1296 καί
780 1253 971 1309 μεγάλων
992 1254 1314 1303 α’πολελαυκότες
1331 1260 1537 1309 βασιλέως

96 1321 459 1379 εὐεργετημάτων,
489 1319 630 1363 ἔπειτα
656 1322 823 1363 πάντων
841 1317 979 1376 ὥσπερ
1011 1322 1317 1375 ἐπιλελησμένοι
1346 1321 1419 1363 καί
1436 1327 1576 1368 πολ-ο

99 1388 174 1444 λην
218 1386 520 1439 ἐπιδειξάμενοι
559 1388 863 1441 α’γνωμοσύνην
899 1387 972 1428 καί
1005 1387 1279 1441 α’χαριστίαν,
1318 1389 1535 1441 διαβολαῖς

97 1453 355 1509 χρησάμενοι
398 1453 470 1493 καί
504 1454 824 1508 συκοφαντίαις,
861 1450 936 1494 τὸν
977 1450 1157 1504 πόλεμον
1195 1451 1434 1508 κεκινὴκατε
1460 1454 1534 1497 τὸν

47 1521 228 1572 nom-{w
257 1533 302 1558 τε
341 1518 415 1558 νῦν
442 1518 601 1557 πολλῶν
642 1518 777 1558 κακῶν
805 1515 940 1558 αἴτιον
979 1514 1197 1570 γενόμενον
1232 1518 1331 1569 ὑμῖν
1368 1522 1440 1560 καί
1470 1518 1534 1561 ἔτι

99 1581 324 1638 μειζόνων,
357 1581 414 1631 ὦς
443 1581 551 1636 ὁρῶ,
586 1579 804 1634 ἐσόμενον·
844 1581 917 1623 καί
941 1578 1033 1623 οὔδ’
1059 1581 1159 1624 αὐτὸ
1190 1585 1310 1625 τοῦτο
1337 1586 1437 1637 γοῦν
1467 1585 1534 1627 αἷ-

101 1647 347 1701 σθανόμενοι
366 1681 378 1700 ,
409 1645 546 1703 α’)’σπερ
580 1645 618 1687 οἱ
638 1645 906 1699 μαινόμενοι,
937 1643 1004 1687 ὅτι
1031 1645 1108 1695 τάς
1135 1648 1245 1696 ἰδίας
1272 1647 1431 1703 σάρκας
1458 1666 1534 1691 κα-

99 1714 296 1756 nowers.
333 1709 363 1768 ἦ
391 1713 535 1767 δῆλον,
582 1710 641 1760 ὥς
670 1712 823 1760 ἐκεῖνος
846 1712 925 1764 μὲν
951 1713 1142 1766 γενναίου
1170 1712 1245 1755 καί
1269 1712 1535 1770 μεγαλόφρο-

105 1847 214 1881 etiam
247 1845 430 1892 stipendia
466 1846 540 1880 suis
583 1845 722 1879 tamdiu
760 1845 938 1879 militibus
968 1845 1105 1879 solvere
1123 1870 1133 1885 ‚
1158 1851 1333 1893 quantum
1358 1847 1535 1882 debeatur

103 1895 304 1938 largituros.
361 1893 459 1926 Haec
506 1903 654 1936 magnus
693 1892 766 1925 dux
807 1893 924 1937 legato
963 1891 1160 1937 respondit,
1214 1894 1533 1929 Verumenimvero

102 1940 279 1973 barbarus
301 1939 438 1973 domini
463 1939 778 1983 reprehensionem
803 1951 876 1972 non
902 1939 1040 1979 ferens,
1063 1938 1246 1973 Videmini
1271 1941 1372 1982 mihi,
1396 1942 1532 1987 inquit,

103 1991 246 2020 tantum
273 1985 391 2019 odisse
415 1987 568 2026 multos,
593 1985 745 2030 diligere
768 1986 964 2018 neminem.
1015 1985 1124 2030 Quod
1151 1987 1180 2018 si
1204 1997 1305 2020 secus
1329 1994 1434 2028 esset,
1458 2000 1533 2022 non

106 2032 159 2065 ita
186 2033 231 2066 ad
259 2032 440 2066 machinas
475 2038 511 2065 et
536 2031 687 2065 insidias
714 2036 837 2064 contra
860 2031 980 2065 hostes
1006 2033 1256 2077 excogitandas
1286 2034 1447 2078 expediti
1476 2045 1534 2067 es—

106 2079 214 2119 setis,
244 2078 367 2123 lingua
407 2079 496 2122 largi
520 2077 566 2111 ad
589 2078 848 2118 contumelias,
880 2080 953 2111 acsi
985 2078 1068 2111 ideo
1109 2089 1187 2112 eam
1211 2080 1462 2124 possideretis,
1496 2085 1535 2114 et

108 2135 214 2158 omne
238 2135 348 2168 genus
373 2125 617 2171 nequitiarum
642 2130 867 2164 exercentes,
907 2126 1101 2158 amicorum
1126 2131 1247 2159 autem
1272 2126 1385 2159 officia
1410 2125 1535 2160 fundi-

107 2176 166 2204 tus
202 2172 411 2205 nescientes.
471 2171 558 2205 Prae
590 2171 717 2204 horum
753 2182 879 2215 magna
909 2172 1089 2216 imperitia
1125 2172 1308 2206 dominum
1336 2183 1454 2206 meum
1479 2173 1534 2206 rei

109 2216 295 2250 cuiusdam
329 2218 466 2251 servilis
497 2223 533 2251 et
563 2217 738 2262 ingloriae
774 2220 986 2258 accusastis,
1017 2218 1115 2264 quod
1147 2218 1418 2263 imperatorem,
1448 2225 1533 2253 ante

111 2265 189 2296 eius
223 2263 495 2296 tabernaculum
531 2264 735 2304 excubans,
773 2263 817 2296 ab
858 2265 1150 2304 insidiatoribus,
1186 2266 1248 2309 qui
1280 2267 1386 2300 multi
1420 2274 1534 2307 erant,

109 2309 344 2350 custodierit,
378 2310 493 2343 victus
528 2310 666 2344 scilicet
700 2322 821 2344 amore
847 2311 945 2344 illius
989 2317 1025 2345 et
1059 2312 1247 2344 affectione
1272 2313 1346 2345 sola
1374 2313 1533 2346 omnium

109 2357 340 2390 affectionum
375 2356 632 2393 iucundissima
671 2361 706 2389 et
741 2356 786 2389 ab
812 2358 979 2390 omnibus
1016 2358 1215 2402 expetenda
1246 2359 1426 2392 subactus.
1474 2360 1534 2391 In-

109 2401 300 2447 ter-rogabo
334 2408 454 2436 autem
490 2413 572 2444 vos,
596 2408 676 2436 uter
699 2404 827 2437 melius
852 2404 897 2437 de
922 2403 1052 2437 decoro
1079 2410 1115 2438 et
1138 2403 1182 2436 de
1207 2403 1301 2438 iusto
1340 2409 1377 2438 et
1409 2404 1532 2438 hono-

111 2449 211 2483 rifico
245 2449 379 2488 sensit,
414 2454 555 2493 satrapa
588 2449 754 2483 dominus
780 2461 897 2491 meus,
932 2452 996 2495 qui
1034 2461 1076 2483 ex
1099 2451 1257 2483 amicitia
1288 2457 1428 2486 tantum
1470 2463 1535 2497 pro

111 2495 329 2540 imperatore
362 2494 521 2528 laborem
554 2500 591 2528 et
621 2495 776 2530 dedecus
812 2497 1020 2541 capessivit,
1056 2503 1097 2531 ut
1125 2497 1266 2537 dicitis,
1295 2507 1340 2531 an
1365 2508 1446 2539 vos,
1470 2499 1534 2544 qui

113 2541 359 2585 compluribus
385 2546 423 2574 et
449 2541 708 2575 excellentibus
734 2542 920 2576 benefieiis
944 2544 989 2575 ab
1016 2554 1057 2576 eo
1079 2543 1353 2580 alrccti,deinde
1375 2545 1535 2578 omnium

112 2588 215 2620 velut
247 2588 374 2627 obliti,
415 2599 477 2631 per
513 2588 780 2632 improbitatem
808 2595 844 2622 et
876 2591 1003 2634 ingrati
1036 2590 1147 2621 animi
1183 2589 1330 2631 vitium,
1365 2591 1473 2624 immo
1500 2597 1538 2624 et

114 2644 180 2678 per
203 2634 399 2666 calumnias
424 2638 460 2666 et
484 2633 734 2678 sycophantias
760 2635 895 2668 bellum
930 2637 1130 2675 excitastis,
1169 2635 1266 2680 quod
1291 2648 1403 2682 usque
1427 2637 1538 2670 hodie

114 2684 172 2713 tot
205 2681 306 2713 malis
343 2691 403 2713 vos
436 2679 646 2720 cumulavit,
682 2686 719 2714 et
747 2688 921 2726 quantum
947 2694 1119 2726 auguror,
1145 2681 1308 2725 pluribus
1330 2684 1539 2717 cumulabit.

115 2724 190 2758 Nec
214 2725 283 2760 hoc
307 2727 434 2762 saltem
458 2725 742 2761 animadvertitis
757 2752 767 2767 ‚
791 2733 831 2761 ut
854 2729 971 2760 insani
994 2728 1182 2767 videlicet,
1211 2729 1392 2774 quomodo
1417 2741 1540 2762 carnes

116 2776 250 2806 vestras
284 2772 354 2818 ipsi
389 2771 579 2806 devoretis.
645 2772 701 2807 An.
739 2774 873 2808 clarum
908 2779 986 2815 est,
1023 2776 1142 2819 ipsum
1165 2775 1311 2821 quidem
1346 2778 1539 2822 ingenuum
