1812 3146
538 173 917 221 nls‘romARUM
958 177 1031 218 111.
1062 177 1130 226 79
1432 153 1508 227 49
1520 170 1539 206 ¹

110 285 190 340 ρᾶς
217 283 458 336 οἰκτείρειν,
495 276 651 327 αὕτούς
687 277 735 319 δὲ
776 274 828 320 τά
870 277 1065 330 λυσιτελῆ
1086 272 1417 329 βουλευομένους
1445 268 1640 314 &av-Aue
1658 277 1757 322 ι344

110 355 221 402 τοῖς,
273 345 478 403 ψήφισμα
520 341 783 398 ποιήσασθαι
833 345 1096 396 προσχωρεῖν
1145 336 1311 388 ἑκόντας
1360 353 1431 379 και
1476 334 1550 390 τὴν

109 411 228 456 πόλιν
266 408 542 467 παραδιδόναι
580 411 655 451 καί
679 407 739 464 μὴ
774 408 851 462 τῆς
877 403 1029 462 ἑτέρων
1057 401 1201 455 ἆνοίας
1229 404 1441 446 α’ποτίνειν
1471 418 1551 444 αυ-

106 495 203 528 τους
231 480 363 526 δίκας.
418 478 593 519 τοιαῦτα
628 476 707 528 μὲν
746 471 784 516 οἱ
812 472 983 524 Βιζύϊοι
1024 472 1292 527 ἐπρέσβευον.
1349 465 1552 522 βασιλεῦς

82 546 155 588 ὅδὲ
181 546 255 599 τῆς
281 542 508 596 εὐβουλίας
534 541 783 592 ἐπαινέσας,
829 544 917 587 τοῖς
947 553 993 580 τε
1031 538 1234 592 πρέσβεσι
1262 537 1380 589 δῶρα
1413 549 1552 589 παρα-
1595 579 1600 583 ,

105 608 244 664 σχών,
273 602 378 663 ἦλθε
403 605 511 663 πρὸς
537 604 615 661 την
643 604 791 659 πόλιν,
821 600 1050 657 ἑπομένους
1076 600 1186 657 ἔχων
1214 599 1288 642 καί
1314 599 1415 648 τούς
1442 599 1549 653 πρέ-

105 679 246 730 σβεις,
274 673 347 716 καὶ
381 671 403 715 ὅ
436 674 568 728 δῆμος
604 669 718 721 ἅπας
743 669 850 725 μετὰ
889 672 972 712 τῶν
1002 669 1187 745 ἀρίστων
1214 669 1386 722 ἐξῆλθεν
1412 665 1588 706 finan-D

102 741 254 796 τὴσων.
307 740 400 782 ἐπει
436 740 484 782 δὲ
522 740 683 792 ἐγένετο
712 735 834 792 ἐγγὺς
874 737 1041 789 πυλῶν,
1082 736 1231 790 πρῶτα
1256 735 1337 787 μὲν
1364 732 1552 774 ἐκέλευεν

93 803 250 850 ’Ἀνναν
279 804 357 860 τὴν
386 805 585 859 βασιλίδα
613 804 842 888 ευᾳζημεΐν,
872 818 942 844 και
970 803 1063 855 μετ’
1089 799 1244 855 ἐκείνην
1273 800 1451 853 βασιλέα
1478 795 1551 840 τὸν

56 871 221 924 ιουὶὁν,
265 873 431 928 τρίτους
474 871 522 912 δὲ
557 870 649 923 μετ’
678 868 859 919 ἐκείνους
905 864 1034 910 αυτόν
1074 882 1119 910 τε
1157 883 1228 908 και
1257 862 1440 921 Εἰρήνην
1465 866 1545 918 βα-

103 940 244 981 σιλίδα
285 936 363 992 την
395 942 596 991 γυναῖκα,
637 937 710 978 καί
746 937 920 977 ἐτελεῖτο
947 934 974 990 ἦ
1004 931 1194 990 εὐφημία
1222 931 1324 974 κατὰ
1353 929 1407 974 τοὶ
1435 944 1559 975 κεκε-,

101 1005 324 1057 λευσμένα.
350 1001 425 1045 τόν
453 1001 546 1044 ἴσον
577 1003 623 1044 δὲ
650 1000 806 1058 τρόπον
837 1002 916 1042 κοῖν
943 1005 1039 1049 ταῖς
1066 994 1214 1048 ἄλλαις
1246 997 1418 1040 πόλεσιν
1435 997 1558 1041 «ἕποι’-->

100 1086 164 1112 ει·
196 1071 270 1111 καί
297 1067 401 1110 κατὰ
429 1066 505 1117 τὰς
534 1066 652 1122 ἱερὰς
688 1066 986 1122 μυσταγωγίας
1026 1065 1180 1118 ὅμοίως
1206 1064 1284 1121 τὴν
1315 1066 1398 1106 τῶν
1423 1067 1548 1118 βασι-

100 1138 206 1178 λέων
234 1134 401 1190 μνήμην
427 1134 590 1176 ἐκέλευε
617 1137 845 1176 ποιεῖσθαι.
880 1132 1014 1182 εὐθύς
1038 1134 1118 1186 μὲν
1148 1126 1225 1172 οὖν
1251 1126 1558 1186 προσεχώρουν.

53 1198 178 1243 ι5καί-
212 1199 267 1242 τὰ
294 1202 395 1255 περὶ
429 1198 594 1254 Βιζύην
626 1198 821 1253 πολίχνια
850 1193 948 1240 ὄντα
978 1194 1056 1239 οὔκ
1083 1194 1201 1250 ὀλίγα
1212 1230 1224 1250 ,
1265 1194 1339 1237 καί
1364 1198 1493 1238 πᾶσιν
1523 1195 1548 1237 ὅ

99 1264 300 1320 βασιλεῦς
319 1267 469 1322 ἐφίστη
490 1262 696 1321 ἡγεμόνας
722 1267 796 1306 καί
822 1263 988 1321 διῴκει,
1015 1258 1046 1321 ᾗ
1073 1264 1187 1319 αύτῷ
1215 1259 1348 1303 ἐδόκει
1375 1256 1549 1317 ἄριστα.

99 1328 258 1386 Βιζύης
288 1333 336 1372 δὲ
362 1327 551 1388 ἄρχοντα
578 1332 804 1386 κατέστησε
831 1330 904 1371 τόν
930 1326 1128 1384 γυναικὸς
1155 1326 1342 1384 ἀδελφὸν
1364 1324 1547 1383 Ἀσάνην

100 1396 173 1438 τὸν
202 1395 425 1451 Μανουήλ.
479 1393 531 1452 ἦν
565 1395 645 1452 γάρ
672 1412 767 1439 τινα
805 1398 878 1438 καί
915 1393 1148 1450 οἰκειότητα
1177 1392 1285 1450 πρὸς
1321 1392 1397 1448 τήν
1426 1392 1548 1436 πόλιν

100 1461 288 1516 ἀρχαίαν
325 1460 449 1515 ἔχων.
504 1460 834 1516 πρωτοοτράτωρ
873 1460 955 1516 γάρ
992 1458 1015 1503 ὁ
1040 1460 1190 1502 τούτου
1221 1457 1427 1514 πενθερὸς
1463 1460 1668 1515 guerno„

46 1526 174 1581 αοτὴν
203 1528 337 1569 οἰκίαν
373 1526 484 1581 ἔχων
508 1528 702 1582 ψέξαρχῆς
729 1526 896 1580 κτήσεις
927 1541 970 1568 τε
1012 1527 1207 1574 πλείστας
1249 1526 1322 1566 καί
1358 1524 1548 1578 μεγάλας

99 1590 212 1647 εἶχεν
239 1595 284 1635 ἐν
312 1589 440 1650 αὐτῇ,
466 1595 540 1635 καί
564 1595 648 1634 τῶν
677 1593 885 1647 συγγενῶν
924 1589 997 1633 καί
1021 1593 1104 1633 τῶν
1134 1592 1296 1633 οἰκείων
1333 1592 1425 1632 ἐκεῖ
1444 1595 1549 1633 πολ-.

98 1660 167 1700 λοί
190 1659 424 1715 κατώκουν,
454 1659 530 1715 ὑφ’
560 1675 620 1701 ων
646 1673 765 1713 τγετο
794 1657 948 1712 σχεδόν
975 1674 1001 1712 η
1030 1656 1159 1705 πόλις.
1208 1654 1279 1699 διὰ
1308 1653 1463 1711 ταύτην
1491 1655 1542 1712 δὴ

99 1741 174 1779 την
213 1724 443 1778 οικειότητα
485 1722 592 1778 πρὸς
634 1737 988 1780 πρωτοστρατορα
1042 1720 1113 1764 τὸν
1155 1719 1347 1777 γαμβρὸν
1394 1719 1556 1771 αυτοῖς,

100 1790 323 1844 ἐπέστησεν
353 1805 503 1845 αρχειν
526 1786 709 1845 Ἀσάνην
736 1788 808 1832 τὸν
836 1784 1064 1844 Μανουήλ.
1107 1786 1434 1844 πρωτοστράτωρ
1461 1787 1541 1844 γὰρ

197 1888 249 1921 16.
274 1884 445 1931 ἡγεμόνα
469 1886 504 1920 P.
574 1897 630 1920 20.
657 1886 803 1922 οἰκείαν
830 1886 868 1921 Ρ.
963 1886 1020 1920 23.
1047 1883 1145 1932 πρὸς
1168 1892 1380 1930 πρωτοστρ.
1407 1893 1476 1916 om.
1491 1883 1542 1918 M.

98 1987 200 2011 orum
236 1975 397 2009 omnium
434 1975 487 2009 ita
521 1975 731 2009 afflictorum
764 1973 1014 2008 misericordia
1051 1973 1291 2014 commoveri,
1337 1976 1376 2007 et
1415 1978 1457 2007 ut
1491 1973 1541 2007 si-

98 2022 215 2056 bimet
251 2023 524 2067 prospicerent,
560 2021 760 2056 decrevisse
798 2023 838 2055 in
870 2022 950 2054 eius
993 2030 1031 2055 se
1066 2024 1286 2065 potestatem
1327 2020 1424 2053 ultro
1458 2031 1541 2054 cum

100 2069 188 2103 urbe
221 2069 382 2109 tradere,
413 2080 460 2102 ne
494 2069 635 2102 alienae
675 2070 857 2102 amentiae
885 2078 1021 2112 poenas
1048 2067 1166 2101 luant⁴
1216 2067 1313 2100 Haec
1337 2067 1540 2110 Bizyenses.

98 2117 310 2160 Imperator,
336 2114 489 2160 probato
515 2121 590 2148 tam
619 2114 797 2148 laudabili
823 2114 990 2155 consilio,
1014 2114 1151 2158 legatos
1175 2118 1396 2153 muneratur,
1430 2118 1468 2146 et
1491 2114 1539 2147 iis

97 2162 404 2208 prosequentibus
437 2161 484 2196 ad
522 2161 652 2195 urbem
688 2162 821 2195 fertur·
847 2162 906 2194 cui
943 2159 1046 2205 plebs
1084 2162 1248 2194 universa
1277 2170 1355 2192 cum
1383 2161 1538 2205 optima-

98 2210 196 2243 tibus
228 2220 267 2242 se
301 2207 446 2243 obviam
479 2208 648 2242 effundit.
722 2208 792 2241 Ubi
834 2208 879 2241 ad
917 2213 1039 2262 portas
1079 2207 1170 2247 fuit,
1210 2207 1363 2251 primum
1389 2206 1539 2251 quidem

95 2256 222 2289 Annae
254 2255 499 2300 imperatrici,
527 2254 664 2289 deinde
699 2255 774 2288 filio
810 2255 887 2288 eius
916 2253 1143 2298 imperatori,
1180 2258 1361 2297 postremo
1394 2253 1465 2286 sibi
1501 2257 1564 2286 et'

96 2303 202 2336 uxori
228 2312 315 2335 suae
339 2302 464 2334 Irenae
487 2301 647 2335 faustum
675 2302 865 2335 acclamari
890 2302 1019 2340 iussit,
1044 2300 1143 2346 quod
1168 2300 1342 2333 fecerunt.
1399 2299 1538 2334 Eodem

96 2349 204 2382 modo
235 2359 301 2393 per
325 2348 414 2381 alias
440 2347 546 2382 urbes
572 2349 677 2389 fieri,
703 2354 741 2382 et
767 2349 862 2381 inter
886 2347 1159 2381 sacrificandum
1184 2347 1354 2380 similiter
1379 2347 1535 2391 impera-

95 2401 214 2428 torum
247 2394 470 2429 mentionem
512 2395 689 2428 celebrari
730 2395 858 2428 voluit.
922 2395 1050 2427 Statim
1083 2395 1194 2437 igitur
1232 2404 1307 2426 non
1345 2404 1458 2437 pauca
1497 2394 1536 2426 in

96 2443 250 2475 circuitu
276 2440 412 2486 oppida
431 2447 671 2481 accesserunt,
682 2441 816 2487 quibus
842 2442 994 2485 singulis
1023 2441 1220 2485 imperator
1243 2440 1444 2484 praefectos
1471 2439 1535 2473 ‹le-

96 2487 175 2529 dit,
213 2499 409 2534 earumque
449 2493 579 2521 statum
608 2499 699 2533 quae
728 2488 864 2542 optima
889 2489 964 2521 visa
989 2492 1044 2520 est
1068 2488 1208 2521 ratione
1234 2487 1412 2520 formavit.
1472 2486 1535 2520 Bi-

96 2546 182 2578 zyae
205 2534 412 2568 Manuelem
452 2536 629 2575 Asanem,
666 2536 787 2568 uxoris
823 2545 910 2568 suae
930 2535 1100 2576 fratrem,
1132 2533 1353 2577 praefectum
1387 2532 1534 2578 delegit,

97 2581 156 2614 cui
190 2586 293 2615 vetus
329 2579 508 2625 quaedam
545 2591 624 2614 cum
661 2580 800 2614 civibus
838 2581 913 2613 illis
937 2579 1146 2613 coniunctio
1175 2579 1451 2613 consuetudinis
1477 2581 1535 2612 in-

97 2627 316 2662 tercedebat.
347 2628 583 2661 protostrator
608 2627 757 2673 quippe,
781 2628 858 2660 eius
887 2637 1001 2667 socer,
1029 2627 1106 2659 illic
1135 2625 1359 2660 domicilium
1385 2626 1430 2659 ab
1457 2627 1534 2660 ini-

96 2674 150 2707 tio
187 2673 393 2718 multasque
427 2678 463 2707 et
497 2674 593 2718 ampl
596 2684 634 2705 as
670 2674 915 2718 possessiones
952 2672 1126 2708 habebat.
1182 2673 1370 2707 Praeterea
1404 2685 1535 2717 cogna-

96 2724 216 2755 torum
257 2725 293 2754 et
327 2719 562 2753 familiarium
601 2721 677 2754 eius
716 2720 920 2764 complures
958 2719 1013 2754 ihi
1059 2718 1293 2760 incolebant,
1339 2731 1359 2752 a
1395 2720 1531 2765 quibus

98 2766 210 2802 ferme
245 2767 371 2801 civitas
412 2766 746 2804 administrabatur.
796 2766 853 2809 Ob
879 2766 974 2800 hanc
1001 2766 1111 2811 igitur
1136 2766 1421 2802 familiaritatem
1446 2777 1532 2802 con-
