1812 3146
282 149 397 222 496
815 165 1186 214 CANTAcqum

87 272 171 308 AB.
191 271 373 322 ι344εἴν,
401 267 456 310 ἵν’
468 265 512 309 εἴ
534 270 786 323 τισυμβαιή
816 270 1042 324 δυσχερὲς,
1076 270 1147 324 (013
1173 267 1249 324 γάρ
1282 266 1419 323 μάτην
1448 265 1563 322 παρὰ
1592 268 1715 324 βασι-

278 334 392 382 λίδος
422 331 734 375 ὑποπτεύεσθαι
744 336 778 391 ,)
807 333 880 390 τὴν
905 338 1008 390 γοῦν
1044 337 1189 377 ου’σίαν
1227 333 1303 392 ἔχῃ
1342 335 1415 375 καί
1439 332 1497 389 μὴ
1527 330 1716 388 α’μφοτέ-

278 415 386 454 ρων,
415 394 559 447 οὗσίας
585 413 634 440 τε,
657 394 746 451 ἅμα
770 401 844 441 καί
869 400 1002 455 ἀρχῆς
1023 402 1105 442 τῶν
1134 398 1405 455 πραγμάτων,
1435 398 1714 454 ἅποστερηθῇ.

281 464 302 505 ὁ
330 464 409 516 μὲν
446 458 520 504 οὖν
554 465 727 506 τοιαῦτα
756 466 1043 519 συνεβούλευε.
1099 467 1320 520 λογοθέτης
1360 466 1407 506 δὲ
1439 461 1613 518 ὃμέγας
1639 461 1714 516 τὴν

279 527 504 583 ἐπιβουλήν
530 527 589 584 μὴ
619 528 800 572 συνιδών
843 528 1032 573 ἐπείθετό
1073 547 1118 573 τε
1162 529 1235 572 καί
1268 529 1321 572 τὰ
1359 525 1454 572 ὄντα
1483 527 1588 584 πρὸς
1614 528 1740 577 τούς5

280 595 431 650 φίλους
457 595 647 646 έξετίθει.
706 593 729 636 ὅ
770 596 810 637 δ’
833 595 982 639 αὐτίκα
1020 598 1283 652 προσέπεμπε
1320 595 1415 644 τούς
1445 594 1633 649 βασιλίδι
1663 590 1715 634 τά

281 657 545 715 πραττόμενα
573 657 850 716 μηνύσοντας,
886 661 943 711 ὥς
971 662 1107 703 αὐτοῦ
1120 659 1178 716 μὴ
1205 659 1452 709 συνειδότος.
1505 657 1718 715 παρῄνουν

274 740 320 769 τε
356 723 396 766 οἱ
423 727 811 780 προσαγγέλλοντες,
841 725 901 782 μὴ
929 729 1101 768 τοιαῦτα
1132 727 1356 783 περιορᾷν·
1387 727 1441 766 ου’
1464 724 1545 780 γάρ
1575 726 1638 766 ἐπ’
1665 723 1715 764 ἆ-

277 793 396 848 γαθῷ
424 789 499 845 τήν
526 793 674 833 ου’σίαν
701 789 772 833 τὸν
799 793 929 846 μέγαν
948 792 1166 847 λογοθέτην
1192 793 1421 843 ἐκτιθέναι,
1449 790 1541 831 ἀλλ’
1566 785 1594 844 ἢ
1615 787 1714 830 στά-

246 864 354 898 Deme
378 854 658 909 βουλεύεσθαι
699 862 832 900 ποιεῖν
869 860 940 901 ἑπί
966 859 1024 915 τῷ
1052 854 1397 911 Καντακουζηνὸν
1439 855 1616 909 βασιλέα
1649 854 1771 896 δέ-ιο

277 924 463 976 χεσθαι,
495 921 524 978 ἢ
552 921 819 979 ἀφίστασθαι
846 925 1107 966 διανοεῖσθαι
1138 921 1243 977 πρὸς
1280 923 1445 964 ἐκεῖνον.
1499 919 1524 975 ἢ
1551 918 1715 974 βασιλὶς

279 989 327 1029 δὲ
378 987 431 1029 τὰ
479 987 577 1044 περὶ
610 989 795 1043 μεγάλου
841 991 1064 1044 λογοθέτου
1105 988 1302 1044 εἰρημένα
1339 986 1613 1038 έξετάζουσα,
1658 983 1716 1034 ὥς

277 1044 532 1096 ἐπυνθάνετο
553 1053 668 1108 παρά
688 1055 849 1097 πολλῶν
875 1051 983 1097 εἶναι
1012 1055 1162 1110 α’ληθῆ,
1194 1051 1356 1109 (κρύφα
1385 1051 1464 1108 γάρ
1493 1049 1606 1106 παρὰ
1632 1052 1714 1092 τῶν

276 1116 526 1161 συνειδότων
553 1118 658 1172 πρὸς
686 1118 865 1171 πολλοὺς
893 1118 1063 1175 διεδόθη
1095 1119 1139 1162 τὸ
1172 1117 1437 1175 ιῖπόρῥητον,
1479 1118 1553 1158 τοῦ
1583 1114 1712 1170 μεγά-

275 1187 350 1224 λου
378 1180 524 1234 δουιὲὸς
557 1181 666 1227 οὕτω
695 1183 1071 1241 συσκευάσαντος,)
1111 1181 1329 1239 ἠγανάκτει
1357 1183 1429 1225 καί
1452 1179 1766 1224 άποστασίανῐὸ

276 1245 383 1290 εἶναι
418 1244 520 1306 ᾤετο
560 1249 605 1292 τὸ
647 1252 819 1307 πρᾶγμα
859 1251 1075 1306 φανερῶς,
1119 1249 1189 1292 καὶ
1226 1249 1471 1303 ἐβουλεύετο
1512 1244 1597 1303 ὅ,τι
1625 1248 1713 1288 δέοι

273 1315 465 1368 χρῆσθαι
504 1316 560 1373 τῷ
594 1315 760 1374 μεγάλῳ
801 1319 1015 1373 λογοθέτῃ.
1069 1314 1162 1358 ἐπεὶ
1199 1316 1246 1356 δὲ
1283 1309 1363 1369 ἤδη
1393 1315 1521 1368 πέρας
1547 1309 1657 1366 εἶχεν
1683 1311 1710 1367 ἧ

139 1381 261 1426 V·504
280 1378 508 1434 ἐπιβουλή,
548 1380 622 1422 καί
660 1383 880 1437 λογοθέτης
914 1397 960 1423 τε
998 1380 1019 1423 ὅ
1050 1383 1181 1434 μέγας
1220 1382 1358 1421 πᾶσαν
1385 1381 1604 1431 ἐκθέμενος
1639 1376 1712 1432 τὴν

278 1446 423 1486 ου’σίαν
465 1444 645 1501 ἐκάθητο
691 1446 976 1501 δεσμωτήριον
1002 1447 1255 1500 περιμένων,
1283 1444 1356 1486 καὶ
1383 1444 1408 1499 ἦ
1436 1443 1601 1499 βασιλὶς
1628 1442 1713 1501 αἳρ-

274 1511 407 1564 γίζετο
437 1509 538 1566 πρὸς
564 1510 639 1566 την
667 1513 955 1564 ἀποστασίαν,
989 1508 1254 1563 πλασάμενος
1283 1508 1304 1551 ὃ
1333 1511 1463 1564 μέγας
1492 1506 1590 1559 δούξ
1617 1522 1766 1551 τινααο

278 1577 360 1617 τῶν
389 1576 599 1631 δημοσίων
621 1576 797 1632 χρείαν,
841 1578 902 1626 εἰς
923 1574 1054 1631 Ἱερὸν
1079 1574 1124 1617 τὸ
1155 1574 1259 1631 πρὸς
1288 1575 1466 1629 ἐμβολὰς
1491 1577 1566 1616 τοῦ
1595 1571 1714 1617 Πόν-

153 1652 188 1687 Ρ.
203 1653 354 1689 63οτου
384 1637 564 1683 ἆπέπλεε
592 1642 780 1698 τριήρει,
823 1642 921 1691 τούς
958 1643 1004 1684 δὲ
1043 1644 1204 1696 πρῶτον
1240 1640 1315 1696 τὴν
1341 1641 1556 1695 βασιλίδος
1587 1641 1714 1695 δῆθεν

278 1702 405 1763 ὄργην
429 1705 699 1762 μηνύσαντας
735 1709 790 1766 τῷ
816 1708 982 1765 μεγάλῳ
1032 1709 1232 1765 λογοθέτῃ
1262 1708 1479 1749 κατέλιπεν
1507 1707 1713 1748 ἐπιθεῖναι

277 1775 392 1823 τέλος
430 1774 482 1830 τῇ
512 1774 737 1831 ἐπιβουλῇ·
780 1772 1083 1831 προσελθόντες
1114 1772 1197 1830 γάρ
1239 1773 1386 1815 ἐκεῖνοι
1424 1767 1552 1822 αὖθις
1590 1772 1714 1829 δεδα-

372 1882 429 1906 22.
458 1863 501 1914 δι)
530 1871 566 1905 Ρ.

279 1965 369 2011 (non
394 1965 490 1998 enim
515 1964 648 1999 frustra
674 1964 770 2010 apud
794 1964 1059 2010 imperatricem
1084 1965 1281 2011 cecidisse)
1303 1965 1429 1999 saltem
1453 1975 1517 1999 sua
1543 1965 1713 2009 retineat,

278 2023 325 2046 ne
360 2012 467 2045 simul
498 2012 572 2045 illis
614 2017 761 2056 tamque
794 2011 913 2057 amplo
944 2013 1151 2057 magistratu
1189 2013 1358 2058 privetur.
1418 2013 1567 2057 Magnus
1607 2013 1710 2059 logo-

278 2058 394 2102 theta,
418 2069 492 2092 non
515 2058 711 2092 intellectis
740 2058 909 2098 insidiis,
935 2065 1056 2104 paret,
1082 2064 1120 2092 et
1152 2059 1312 2092 fortunas
1350 2069 1430 2092 suas
1456 2059 1552 2104 apud
1575 2060 1709 2094 amicos

279 2106 443 2142 collocat.
505 2104 606 2150 Quid
637 2103 777 2137 multa?
806 2104 928 2138 subito
957 2115 1104 2149 maguus
1131 2105 1203 2138 dux
1226 2104 1358 2145 mittit,
1386 2105 1470 2150 qui,
1497 2105 1595 2152 quod
1621 2117 1707 2150 age-

281 2152 391 2185 batur
406 2176 415 2191 ,
452 2151 693 2196 imperatrici,
720 2151 824 2196 quasi
848 2161 885 2184 se
910 2152 1058 2184 minime
1083 2152 1239 2191 conscio,
1263 2152 1529 2195 patefacerent:
1555 2156 1593 2185 et
1616 2152 1708 2186 hor-

278 2197 451 2232 tabantur
486 2197 549 2242 qui
583 2197 828 2238 nuntiabant,
862 2209 909 2231 ne
942 2208 1015 2231 rem
1039 2199 1144 2231 istam
1170 2197 1386 2241 negligeret3
1410 2210 1485 2232 non
1510 2199 1605 2232 enim
1629 2210 1708 2232 ma-

279 2256 387 2288 gnum
415 2244 633 2289 logothetam
661 2245 799 2277 sincero
829 2243 899 2277 fine.
922 2256 976 2278 res
1002 2254 1082 2277 suas
1106 2243 1203 2287 apud
1227 2245 1359 2277 amicos
1385 2245 1616 2290 deposuisses
1643 2245 1708 2279 sed

281 2297 345 2324 aut
381 2291 597 2325 seditionem
632 2290 676 2323 ad
711 2290 998 2324 Cantacuzenum
1032 2289 1279 2333 recipiendum
1317 2291 1536 2333 machinari,
1568 2296 1633 2325 aut
1661 2292 1708 2326 ad

280 2338 386 2371 illum
418 2337 573 2382 cogitare
613 2337 776 2370 deficere.
837 2336 1047 2381 Imperatrix
1088 2336 1183 2369 dicta
1223 2339 1451 2378 examinans,
1476 2344 1517 2372 ut
1541 2350 1561 2372 a
1582 2339 1708 2372 multis

280 2394 363 2417 vera
401 2395 477 2417 esse
512 2383 663 2424 audivit,
698 2382 804 2428 (clam
843 2383 1022 2428 siquidem
1061 2392 1082 2414 a
1109 2384 1261 2416 consciis
1292 2385 1411 2429 magni
1446 2383 1568 2426 ducis,
1601 2394 1644 2418 eo
1669 2385 1708 2418 id

281 2435 455 2470 struente,
483 2430 521 2462 in
547 2430 678 2463 multos
703 2434 878 2462 secretum
901 2430 969 2463 hoc
992 2429 1262 2462 disseminatum
1288 2431 1431 2475 sucrat,)
1455 2431 1582 2464 acerbe
1605 2431 1707 2472 tulit.

281 2478 583 2521 manifestamque
607 2476 849 2509 defectionem
877 2481 976 2517 rata,
1006 2475 1096 2521 quid
1120 2486 1318 2520 poenarum
1340 2478 1379 2510 in
1405 2487 1485 2510 eum
1521 2482 1707 2518 statueret,

282 2522 518 2559 deliberabat.
577 2522 665 2555 Cum
701 2521 855 2555 insidiae
892 2523 1147 2567 processissent
1184 2528 1220 2555 et
1244 2534 1391 2568 magnus
1427 2523 1609 2568 logotheta
1634 2524 1708 2558 Ga·

282 2568 381 2601 balas
415 2569 649 2602 facultatibus
680 2568 768 2601 alibi
803 2569 978 2614 depositis
1017 2569 1157 2602 sederet
1199 2580 1449 2615 carceremque
1473 2574 1709 2614 exspectaret,

282 2620 320 2648 et
346 2615 514 2658 Augusta,
540 2621 580 2648 ut
603 2615 753 2659 perfido,
777 2615 1000 2655 irasceretur,
1023 2625 1170 2660 magnus
1197 2615 1282 2657 dux,
1303 2617 1470 2650 simulata
1493 2618 1706 2650 necessitate

283 2661 437 2706 quadam
475 2662 644 2704 publica,
687 2662 855 2702 Hierum,
895 2661 992 2707 quod
1024 2666 1078 2694 cst
1106 2661 1278 2705 oppidum
1301 2663 1345 2695 ad
1374 2664 1465 2696 ostia
1490 2662 1617 2703 Ponti,
1642 2664 1707 2696 tri-

284 2707 372 2741 remi
397 2717 587 2739 consccnsa
620 2708 820 2751 navigavit,
858 2708 995 2754 quique
1030 2708 1181 2752 primun]
1207 2708 1410 2752 logothetae
1438 2711 1525 2742 iram
1551 2709 1706 2754 impera-

284 2754 383 2788 tricis
410 2751 633 2796 indicarunt,
660 2765 719 2789 eos
745 2753 791 2787 ad
818 2755 926 2790 finem
944 2756 1094 2803 negotio
1126 2755 1385 2801 imponendum
1407 2755 1564 2802 reliquit.
1614 2757 1705 2790 Rur-
