1800 3132
520 187 898 231 ffls‘romAmm
938 190 1011 230 111.
1050 187 1120 234 6ιι.
1434 165 1544 251 393

102 297 204 344 λέως
230 289 368 350 ᾔεσαν,
425 291 518 332 ἐπεὶ
546 288 602 332 δὲ’
622 285 729 345 η’σαν
755 285 837 345 ἤδη
867 293 919 330 ού
945 289 1116 346 μακρὰν
1142 286 1349 343 ἀλλήλων,
1381 287 1457 328 τοῦ
1479 287 1745 337 fvt-Anaua

108 376 189 402 που
219 355 380 410 ἀποβάς
409 355 432 396 ὅ
447 354 636 411 γἈμούρ,
659 354 902 411 προσεκύνει
930 371 975 395 τε
1004 355 1072 397 τὸν
1098 356 1274 408 βασιλέα
1290 351 1364 395 καὶ
1381 351 1551 406 ἐβάδιζε

102 424 207 481 πρὸς
248 423 379 464 αὐτὸν
421 420 557 473 πεζός.
638 423 811 474 πέμψας
854 422 900 462 δὲ
938 418 960 462 o‘
1003 419 1220 474 βασιλεύς,
1276 422 1438 461 ἐκέλευε
1480 418 1555 460 τοῦ

104 491 233 532 ἵππου
292 487 519 541 ἐπιβαίνειν
558 486 630 528 καί
666 488 859 529 ἐπείθετο
907 487 1039 528 πολλὰ
1094 488 1294 542 πρότερον
1330 483 1428 540 περὶ
1476 485 1550 526 τοῦ
1563 488 1597 523 Ρ.
1612 489 1681 535 569

79 553 228 606 ὅπεζὸς
253 554 394 594 ἐλθεῖν
436 550 741 608 φιλονεικήσας.
811 553 1223 608 προσαγορεύσαντες
1259 552 1305 593 δὲ
1331 551 1552 605 α’λλήλους,

101 616 232 678 ᾔεσαν
293 619 354 668 εἰς
402 616 481 668 τοὶς
529 617 685 673 σκηνὰς
737 619 810 658 καί
863 615 1295 670 ἐστρατοπεδεύσαντο
1345 617 1398 658 ου’
1442 613 1548 657 πολύ

103 682 276 727 ἄπωθεν
306 685 614 739 Θεσσαλονίκης
657 686 702 726 έν
737 680 839 725 ἑπτὰ
879 683 1073 739 ἡμέραις.
1143 685 1371 738 πρεσβείαν
1410 683 1456 724 δὲ
1478 677 1553 725 ’A—

100 749 212 806 μούρ
241 748 344 805 πρὸς
370 748 469 798 τούς
503 751 549 791 έν
578 750 865 806 Θεσσαλονίκῃ
893 749 1171 804 πεποιημένου
1197 750 1271 789 καί
1295 751 1554 802 παραινοῦν-

99 831 168 866 τος
206 822 466 871 προσχωρεῖν
498 813 670 865 ’ἑκόντας
696 819 871 868 βασιλεῖ
903 815 977 857 καί
1003 814 1076 870 τήν
1103 815 1225 856 πόλιν
1253 812 1552 869 παραδιδόναι,

50 879 196 932 ιοτούς
222 898 267 923 τε
296 882 587 935 αἰχμαλώτους
615 880 844 923 α’πολύσειν
872 881 1038 934 αὖτοῖς,
1086 882 1126 923 εἰ
1151 879 1384 932 πείθοιντο,
1425 881 1554 933 ἐπαγ-

94 949 357 1002 γελλομένου,
388 947 661 1002 ἀπεκρίναντο
691 943 813 988 οὐδὲν
841 948 1032 996 ἐπιεικές.
1089 947 1297 995 δείσαντες
1326 947 1372 988 δὲ
1398 944 1438 987 οἱ
1469 948 1554 999 Ζη-ι

95 1012 242 1066 λωταί,
269 1012 330 1068 μὴ
361 1010 399 1053 οἱ
427 1012 480 1054 τά
512 1015 718 1066 βασιλέως
745 1011 864 1055 ἔνδον
889 1011 1091 1069 ᾑρημένοι
1101 1046 1114 1065 ,
1153 1014 1305 1067 καιροῦ
1332 1010 1554 1065 λαβόμενοι

93 1078 329 1134 ἐπιτηδείου
373 1080 447 1120 καί
471 1077 545 1120 τὸν
583 1079 716 1132 δῆμον
743 1078 1067 1130 α’ναπείσαντες,
1098 1079 1434 1134 τεθορυβημένον
1468 1075 1551 1118 ὖπὸ

95 1146 182 1185 τῶν
210 1143 476 1198 βαρβάρων,
521 1140 656 1192 ἄλλως
692 1159 738 1185 τε
777 1143 852 1184 καί
875 1145 1101 1185 ἐλπίσαντα
1129 1143 1227 1194 τούς
1255 1142 1553 1197 αἰχμαλώτους

47 1209 238 1258 ι5αὐτοῖς
266 1205 653 1264 ἀπολυθήσεσθαι,
678 1211 915 1252 ἐπίθωνται
961 1212 1034 1251 καί
1077 1207 1343 1266 κρατήσωσιν
1389 1210 1554 1261 αὐτῶν,

96 1274 282 1330 ἔγνωσαν
307 1276 378 1317 ἐπὶ
404 1274 595 1330 ω’μότητα
615 1276 699 1317 καί
725 1274 882 1332 φόνους
907 1281 1086 1331 χωρεῖν,
1131 1277 1200 1317 ἵνα
1229 1276 1284 1316 δι’
1313 1274 1452 1317 αὐτῶν
1479 1274 1552 1316 καί
1560 1278 1584 1311 Β

97 1339 198 1388 τοὺς
237 1336 389 1390 ἅλλους
436 1342 664 1397 ἐκφοβῶσι.
732 1341 807 1383 καί
834 1340 1133 1396 Παλαιολόγον
1170 1342 1216 1383 τέ
1251 1357 1344 1383 τινα
1384 1342 1430 1382 έκ
1467 1343 1552 1382 τῶν

97 1401 299 1460 ἀρίστων,
347 1404 452 1447 οἴκοι
484 1406 739 1460 σχολάζοντα
769 1406 840 1449 δια
886 1406 932 1449 τὸ
965 1404 1277 1449 ὑποπτεύεσθαι
1313 1406 1396 1462 καί,
1422 1408 1552 1460 μηδε-

96 1470 198 1524 μίαν
227 1471 367 1512 αἰτίαν
393 1473 468 1513 τοῦ
495 1471 726 1514 ἀποθανεῖν
753 1475 1084 1528 παρεσχημένον,
1113 1470 1420 1528 έξαρπάσαντες
1449 1472 1552 1512 α’πέ-

43 1540 262 1593 κοσφαξαν
290 1536 361 1578 ἐπί
384 1539 459 1592 τῆς
490 1538 695 1592 δημοσίας
723 1533 893 1592 ἀγορᾶς,
925 1538 998 1580 καί
1021 1538 1099 1592 τήν
1117 1537 1306 1594 κεφαλήν
1322 1534 1550 1589 α’ποτεμόν-

95 1618 174 1656 τες,
202 1602 346 1644 ἔπειτα
374 1604 446 1644 καί
472 1601 519 1644 τό
549 1605 673 1656 σῶμα
704 1601 908 1651 διελόντες
935 1605 1131 1658 τετραχῆ,
1161 1602 1211 1646 τοὶ
1242 1605 1321 1656 μὲν
1352 1601 1552 1657 τμήματα

95 1669 141 1710 ἐν
179 1674 271 1717 ταῖς
307 1669 467 1718 πόλεως
503 1667 658 1718 πύλαις
686 1667 947 1724 οἷπηιόρησαν
974 1665 1127 1726 ἑκάστῃ
1154 1672 1321 1724 τμῆμα·
1378 1666 1458 1722 τήν
1486 1683 1551 1709 κε-

98 1734 239 1790 φαλήν
268 1735 314 1776 δὲ
344 1733 491 1790 δόρατι
522 1736 738 1788 ἐνθέμενοι
776 1733 850 1777 καί
873 1733 924 1777 τὰ
958 1732 1108 1788 ἔγκατα
1138 1731 1338 1790 σύροντες
1367 1733 1551 1787 ἀνηλεῶς

97 1799 322 1858 περιῄεσαν
347 1799 425 1855 τήν
451 1797 583 1846 πόλιν.
640 1803 682 1843 Γ
680 1802 844 1854 αβαλᾶν
884 1802 932 1843 δέ
969 1816 1061 1843 τινα
1089 1802 1135 1842 έκ
1162 1802 1247 1842 τῶν
1266 1801 1407 1853 μέσων
1432 1801 1548 1840 πολι-

201 1915 242 1940 ro
268 1904 477 1949 α’πολήσειν
501 1907 535 1942 Ρ.
636 1908 687 1942 15.
714 1907 915 1943 ἐπίθονται
938 1908 978 1943 Ρ.
1077 1907 1128 1941 18.
1165 1906 1232 1939 καὶ
1257 1916 1327 1939 om.
1358 1905 1397 1940 P.

92 1999 250 2046 pedihus
286 2006 555 2047 prosequente,
589 2001 623 2034 ei
661 2010 699 2033 se
734 2001 806 2034 fert
830 1999 983 2033 obviam.
1033 2000 1165 2034 Parum
1188 2001 1285 2033 inter
1309 2011 1348 2034 se
1373 1999 1547 2034 distanti-

92 2047 181 2087 bus,
214 2048 382 2081 Amurius
419 2047 466 2080 ab
499 2059 592 2093 equo
631 2044 852 2081 descendens
878 2058 959 2080 eum
994 2045 1121 2082 adorat
1147 2052 1184 2083 et
1212 2046 1367 2092 pedibus
1392 2047 1543 2091 propius

93 2093 258 2135 accedit,
301 2105 411 2139 quem
448 2095 644 2139 imperator
679 2105 744 2139 per
778 2093 946 2127 nuntium
981 2104 1101 2126 rursus
1142 2104 1278 2140 equum
1304 2093 1546 2127 conscendere

94 2141 208 2173 iubet.
257 2141 559 2174 Con-salutatione
583 2147 748 2186 peracta,
775 2141 814 2173 in
842 2139 1075 2173 tabernacula
1099 2140 1328 2181 concedunt,
1354 2146 1544 2186 castraque

92 2197 168 2220 uon
193 2188 320 2231 procul
344 2186 603 2220 Thessalonica
627 2187 757 2221 diebus
787 2192 925 2231 septem
953 2187 1086 2223 locant.
1134 2188 1304 2220 Amurius
1320 2197 1385 2231 per
1409 2187 1547 2230 legatos

91 2233 259 2267 hortatur
284 2233 502 2278 oppidanos,
534 2235 587 2267 uti
615 2233 825 2281 imperatori
855 2233 979 2268 urbem
1004 2244 1115 2278 seque
1140 2233 1300 2270 tradant.
1325 2259 1328 2263 .
1349 2234 1387 2267 Si
1415 2233 1546 2274 faxint,

93 2281 256 2324 captivos
283 2279 501 2314 donaturum
529 2281 738 2326 pollicetur.
770 2280 829 2313 lni
855 2282 965 2326 aequi
993 2280 1158 2326 bonique
1188 2280 1284 2313 nihil
1310 2280 1544 2324 respondent.

91 2327 235 2360 Zelotae
264 2331 490 2367 metuentes,
516 2337 575 2366 ne,
603 2328 667 2371 qui
693 2329 788 2362 intra
817 2328 960 2360 moenia
989 2333 1092 2361 erant
1116 2326 1345 2371 imperatoris
1372 2327 1544 2371 partium,

90 2379 164 2406 tam
187 2372 286 2406 bella
310 2374 502 2406 occasione
528 2374 742 2415 utentibus,
767 2374 994 2419 incitatoque
1019 2374 1065 2406 ab
1095 2373 1223 2406 iisdem
1251 2373 1386 2419 populo
1411 2383 1431 2404 a
1458 2373 1546 2406 bar-

89 2419 188 2454 baris
223 2419 368 2452 turbato
403 2424 440 2452 et
476 2421 634 2465 captivos
670 2421 741 2455 sibi
777 2420 966 2454 dimissum
994 2421 1037 2453 iri
1067 2425 1247 2465 sperante,
1284 2419 1544 2452 invaderentur

91 2467 479 2511 opprimerenturque,
529 2466 575 2499 ad
619 2468 804 2501 saevitiam
846 2472 884 2500 et
924 2467 1052 2500 caedes
1093 2466 1359 2510 procedendum
1393 2476 1545 2499 censue·-

90 2519 196 2554 runt‚
225 2523 297 2558 quo
324 2522 387 2556 per
413 2512 497 2545 illos
524 2513 604 2547 aliis
632 2525 780 2560 quoque
805 2519 978 2547 terrorem
1004 2514 1223 2545 incuterent.
1285 2513 1331 2546 Et
1353 2511 1543 2546 Palaeolo-

92 2570 177 2604 gum
215 2559 396 2603 quendam
430 2570 477 2592 ex
515 2559 754 2603 optimatibus
788 2560 886 2594 domi
917 2560 1152 2599 dementem,
1178 2559 1277 2604 quod
1303 2560 1342 2592 in
1367 2559 1546 2604 suspicio-

89 2617 172 2640 nem
198 2611 355 2644 venerat,
383 2610 420 2638 et
454 2605 519 2650 qui
561 2616 623 2639 cur
661 2613 861 2641 moreretur
885 2607 979 2639 nihil
1005 2610 1198 2645 meruerat,
1227 2611 1368 2650 raptum
1395 2607 1433 2639 in
1460 2607 1540 2638 foro

89 2651 238 2697 publice
277 2657 532 2696 peremerunt,
573 2659 837 2698 amputatoque
872 2654 991 2696 capite
1016 2656 1052 2685 et
1080 2662 1229 2696 corpore
1254 2653 1292 2685 in
1315 2657 1436 2697 partes
1465 2651 1541 2684 dis-

91 2702 214 2738 necto,
240 2709 299 2731 eas
329 2710 394 2743 per
421 2703 543 2742 portas
573 2700 852 2742 suspenderunt.
901 2699 1022 2742 Caput
1043 2703 1163 2731 autem
1191 2697 1316 2732 hastili
1342 2700 1543 2743 praefixum

91 2749 271 2788 gestantes
296 2750 333 2778 et
362 2744 497 2778 viscera
522 2745 702 2779 crudelem
728 2747 766 2778 in
805 2746 953 2779 modum
980 2743 1242 2785 distrahentes,
1266 2745 1391 2779 urbem
1417 2745 1543 2778 obam-

91 2789 280 2825 bulabant.
342 2791 436 2826 Tum
462 2790 632 2826 Gabalum
659 2792 843 2839 quendam
870 2793 977 2826 sortis
1004 2791 1146 2826 mediae
1172 2793 1284 2827 civem
1304 2817 1314 2833 ,
1346 2792 1445 2838 prius
1475 2801 1541 2824 au-
