1800 3132
289 176 397 232 352
807 191 1175 235 CANTACUZENI

95 302 277 348 A.C.1342
289 298 361 337 καί
387 293 573 349 φανεραῖς
601 294 706 347 ὑπὲρ
737 289 868 334 αὐτοῦ
896 296 1170 347 διαλεχθῆναι
1192 291 1497 348 Βεῤῥοιώταις·
1551 298 1721 348 βασιλεῖ

286 377 329 403 τε
355 359 435 414 γὰρ
469 358 519 400 τὰ
549 360 719 411 μέγιστα
751 358 1029 413 λυσιτελήσειν
1048 357 1092 400 τὸ
1122 360 1283 399 τοιοῦτο
1305 361 1377 400 καί
1395 360 1509 414 αὐτῷ
1527 358 1598 413 τὴν
1616 376 1714 402 συν-

287 428 436 478 τυχίαν
472 426 630 478 μηδένα
671 424 858 464 κίνδυνον
896 420 1067 478 ὕστερον
1098 419 1148 464 ἂν
1191 424 1435 476 ἐπαγαγεῖν,
1481 426 1519 466 εἰ
1544 425 1568 479 ἧ
1597 423 1715 474 πόλις

287 492 551 544 προσχωροιή
589 493 766 540 βασιλεῖ’.
803 486 985 529 ἐπείθετό
1005 504 1050 529 τε
1072 488 1092 529 ὁ
1114 486 1314 540 βασιλεῦς
1333 489 1477 530 αὐτίκα
1507 492 1579 531 καί
1607 487 1713 544 πρὸς

161 563 193 596 Ρ.
209 562 273 606 545
287 552 462 608 Κράλην
492 552 627 595 ἐλθών
655 551 903 595 ἐπυνθάνετο
914 587 925 606 ,
955 555 993 594 εἰ
1017 552 1204 606 βούλοιτο
1234 551 1336 605 πρὸς
1356 553 1568 609 Βέζῖῥοιαν
1606 551 1737 606 nepe-5

285 636 377 661 πειν
396 616 651 673 ῃΑρμπενον.
680 620 756 659 τοῦ
777 619 822 659 δὲ
851 621 1125 671 συνθεμένου,
1155 618 1440 673 ,,ἐβουλόμην”
1467 615 1554 660 εἶπε
1583 618 1713 674 „ypsi-

287 700 381 740 φειν
409 686 480 724 καί
503 680 633 732 αὐτὸς
661 683 801 732 αὐτοῖς
828 685 900 724 καί
924 688 1139 737 παραινεῖν
1166 684 1224 731 εἰς
1251 682 1327 736 τήν
1355 683 1474 724 πόλιν
1493 686 1708 737 δέχεσθαι.
1749 714 1754 717 -

285 750 436 791 ἐννοῶν
466 750 511 789 δὲ
528 780 539 802 ,
568 743 635 790 οἷα
663 747 858 803 δράσειαν
887 751 1060 802 Φεραῖοι
1088 746 1160 789 τὸν
1187 745 1466 802 πρεσβεύοντα
1493 746 1713 794 ἀπεκτονό-

285 829 365 866 τες,
392 811 495 867 πρὸς
524 811 598 866 τὴν
625 814 880 868 ἐπιχείρησιν
907 809 1206 865 ἇλιιβλύνεσθαι,
1236 811 1430 860 ὁεὸοικώς
1455 810 1512 867 μὴ
1542 815 1612 854 καί
1635 808 1710 855 ἄλ-

286 881 343 935 λῳ
363 926 366 928 .
384 893 439 934 τῳ
478 879 615 919 κακῶν
645 876 796 930 ὁμοίων
825 877 955 925 αἴτιος
986 879 1180 932 καταστῇ.
1235 874 1508 929 συνεβούλευέ
1534 892 1578 918 τε
1604 879 1764 929 μᾶλ-Ιο

276 948 359 994 7λον
386 939 562 998 γράφειν
590 939 718 990 αὕτὸς
744 939 848 997 ὑπὲρ
880 938 1036 982 adzeri·
1096 939 1186 994 ἅμα
1216 943 1261 983 δὲ
1288 940 1359 982 καί
1379 941 1606 998 ’Λρμπένῳ
1623 942 1713 983 ἐπι·
1751 965 1754 970 1

286 1009 450 1061 τρέπειν
490 1005 776 1062 Βεῤῥοιιόταις
821 1004 897 1054 τας
936 1005 1039 1060 πρὸς
1083 1005 1284 1059 ἀλλήλους
1319 1006 1458 1046 αὔτῶν
1502 1004 1712 1060 συνθήκας

286 1071 359 1112 καί
394 1070 493 1119 τούς
521 1068 668 1125 ὅρκους
697 1070 902 1126 φανεροὺς
929 1076 1081 1122 ποιεῖν,
1124 1070 1196 1112 καί
1232 1069 1286 1118 ὥς
1323 1069 1386 1124 εἴη
1418 1071 1489 1111 καί
1515 1071 1584 1112 σοι’
1608 1069 1713 1124 πρὸς
1753 1103 1755 1106 .

285 1135 440 1191 ἡδονήν
472 1135 516 1177 τὸ
546 1142 804 1190 προσχωρεῖν
832 1134 983 1183 αὐτούς
1013 1136 1140 1191 αὕτιῇ.
1195 1135 1217 1175 ὁ
1247 1137 1290 1177 δὲ
1320 1133 1371 1176 τὰ
1389 1137 1466 1187 μὲν
1484 1134 1711 1188 γράμματα

286 1202 502 1257 ἐπέτρεπεν
532 1199 660 1242 αὐτὸν
688 1198 996 1255 ὑπαγορεύοντα
1024 1198 1287 1255 γράφεσθαι,
1327 1196 1367 1242 οἷ
1394 1197 1446 1242 ἂν
1473 1202 1574 1257 δοκῇ
1600 1199 1764 1256 αὕτῷιό

244 1268 530 1322 Βσυμφέρειν.
575 1262 822 1321 ”Αρ,ιιπενον
851 1267 895 1307 δὲ
923 1266 1107 1306 ἐκέλευεν
1132 1263 1238 1320 ὑπὲρ
1265 1267 1469 1318 βασιλέως
1496 1262 1712 1320 Βερ’ῥοιώ-

284 1347 376 1381 ταις
407 1333 672 1385 διαλέγεσθαι
701 1330 772 1372 καί
798 1329 979 1387 φανερὸν
1008 1331 1146 1378 αυ’τοῐ’ς
1171 1336 1316 1382 ποιεῖν,
1346 1330 1402 1379 ὥς
1428 1332 1545 1371 οὐδὲν
1572 1326 1711 1383 ἦγοῖτο

285 1398 502 1452 διαφέρειν
541 1397 652 1453 azimi
690 1411 734 1437 τε
775 1401 1034 1449 προσχωρεῖν
1061 1397 1132 1436 καί
1157 1398 1332 1446 βασιλεῖ’.
1399 1392 1508 1436 οὕτω
1534 1396 1612 1446 μὲν
1639 1389 1712 1434 οὖν

284 1459 310 1516 ἢ
339 1462 498 1503 ἐπίνοια
525 1463 669 1510 αῦτοῖς
697 1463 756 1509 εἰς
787 1461 899 1508 τέλος
931 1457 1030 1513 ἥκει.
1076 1456 1318 1513 ”Αρ,ιιπενος
1345 1461 1390 1501 δὲ
1417 1460 1476 1507 εἰς
1500 1456 1712 1514 Βέῤῥοιαν

283 1524 437 1576 ἐλθών,
476 1524 528 1567 τά
569 1542 612 1567 τε
642 1524 793 1580 Κράλη
829 1523 1054 1578 γράμματα
1097 1527 1314 1577 παρείχετο
1355 1523 1762 1578 α’ναγινιόσκεσθαιαό

283 1593 347 1632 ἐπ’
374 1592 591 1644 ἐκκλησίας
619 1589 692 1630 καί
715 1588 766 1631 τὰ
795 1590 999 1642 βασιλέως
1026 1594 1113 1636 τοῖς
1139 1590 1383 1643 ἐπιτηδείοις
1410 1586 1552 1644 κρύφα
1580 1587 1710 1629 διεδί-

284 1656 375 1696 δου.
428 1654 696 1710 Βερῥοιῶται
738 1655 783 1695 δὲ
819 1653 891 1694 καί
920 1652 1119 1709 πρότερον
1144 1655 1220 1704 μὲν
1248 1651 1299 1694 τὰ
1325 1654 1528 1706 βασιλέως
1555 1651 1711 1710 ᾗρημέψ

284 1735 347 1761 νοι
388 1719 430 1760 οἳ
466 1735 509 1761 τε
540 1715 702 1773 ἄριστοι
732 1717 884 1772 ὁμοίως
911 1717 982 1759 καί
1010 1717 1030 1758 ὁ
1062 1719 1193 1773 δῆμος
1220 1713 1340 1772 ἦσαν,
1369 1719 1440 1759 καί
1465 1715 1556 1759 τότε
1585 1719 1631 1758 δὲ
1658 1714 1707 1757 ὖ-

378 1824 408 1858 7.
433 1811 561 1851 αὐτοῖς
586 1812 712 1849 οωμΡ.
838 1824 889 1849 ιο,
902 1812 976 1847 τῶν
999 1813 1038 1847 Ρ.

288 1906 456 1940 rhoeotas
482 1913 592 1952 agats
619 1907 695 1940 Hoc
717 1916 873 1951 namque
900 1911 936 1939 et
959 1906 1163 1949 imperatori
1189 1905 1263 1937 fore
1290 1903 1516 1946 utilissimum
1531 1929 1540 1943 ‚
1563 1909 1599 1937 et
1621 1915 1706 1938 con-

286 1964 444 1996 gressum
469 1953 565 1987 hunc
592 1953 662 1986 sibi
685 1953 884 1997 periculum
915 1952 1054 1984 nullum
1082 1956 1280 1984 creaturum
1299 1974 1308 1988 ‚
1335 1951 1364 1982 si
1388 1950 1471 1982 urbs
1510 1951 1543 1983 ei
1573 1961 1610 1983 se
1633 1951 1700 1984 ad-

285 1999 454 2036 iunxerit,
480 2000 703 2045 Amplectens
720 1998 909 2031 consilium
932 1999 1124 2041 imperator
1147 1997 1264 2030 statim
1283 1996 1327 2029 ad
1346 1996 1486 2028 Cralem
1508 1996 1594 2038 adit,
1618 2008 1703 2030 num

284 2046 464 2079 Arbenum
491 2046 702 2078 Berrhoeam
726 2046 869 2077 mittere
893 2044 999 2083 velit,
1025 2047 1282 2087 percunctatur.
1331 2040 1413 2084 Quo
1438 2042 1578 2083 aiente,
1603 2043 1706 2076 vole·

285 2091 368 2124 bam
408 2091 544 2136 etipse
583 2091 628 2123 ad
674 2101 734 2123 eos
776 2089 951 2129 scribere,
988 2090 1133 2133 inquit,
1157 2098 1288 2132 cosque
1325 2098 1448 2128 orare,
1487 2089 1538 2120 uti
1572 2099 1629 2121 me
1663 2088 1703 2121 in

286 2137 412 2170 urbem
437 2138 677 2170 admitterent.
726 2135 796 2168 Sed
824 2146 961 2168 mecum
987 2140 1162 2178 repetens,
1186 2144 1256 2179 quo
1283 2139 1385 2176 pacto
1412 2134 1563 2178 legatum
1585 2146 1702 2168 meum

285 2184 434 2217 Pheraei
470 2189 552 2216 ante
584 2182 831 2219 tractaverint,
871 2193 975 2226 quem
1011 2179 1317 2218 contrucidarunt,
1349 2185 1474 2222 coepto
1503 2180 1626 2213 destiti
1650 2177 1702 2214 ti-

285 2230 454 2275 muique,
481 2241 526 2262 ne
547 2229 658 2262 alium
686 2228 724 2260 in
749 2227 865 2260 simile
894 2228 1026 2259 malum
1051 2227 1273 2261 coniicerem.
1332 2225 1550 2259 Hortabatur
1577 2228 1699 2272 itaque

285 2276 448 2315 eralem,
484 2279 524 2307 ut
563 2275 639 2318 ipse
681 2275 801 2317 potins
831 2284 894 2317 pro
932 2284 970 2306 se
996 2272 1185 2310 scriberet,
1222 2276 1258 2303 et
1279 2270 1393 2303 nihilo
1418 2272 1533 2304 minus
1555 2271 1699 2306 Arbeno

284 2321 493 2362 mandaret,
519 2327 560 2353 ut
584 2323 612 2353 is
640 2319 825 2352 amborum
852 2321 946 2351 inter
969 2329 1005 2351 se
1026 2314 1170 2350 foedera
1193 2318 1328 2349 sancita
1355 2317 1473 2361 palam
1498 2318 1695 2351 indicaret:

284 2372 322 2399 et
347 2369 416 2412 ipsi
454 2369 560 2400 etiam
591 2367 768 2408 voluptati
802 2365 984 2403 futurum,
1017 2365 1046 2396 si
1072 2362 1118 2396 ad
1151 2362 1434 2395 cantacuzenum
1472 2375 1508 2396 se
1532 2374 1700 2408 aggrega-

282 2413 365 2445 rint.
425 2413 545 2447 Crates
579 2423 621 2445 eo
659 2411 840 2451 dictante,
884 2420 972 2456 quas
1008 2408 1078 2442 sibi
1121 2407 1322 2441 commodas
1361 2409 1528 2450 duceret,
1564 2409 1699 2443 exarari

283 2458 422 2491 litteras
458 2459 641 2503 permisit,
675 2457 892 2501 Arbenoque
917 2456 1120 2500 praecepit,
1158 2466 1221 2498 pro
1256 2455 1468 2497 imporatore
1493 2455 1588 2497 apud
1613 2457 1697 2487 Rer-

282 2503 449 2538 rhoeotas
483 2505 674 2537 dissereret
699 2504 854 2547 illosque
879 2502 1040 2539 doceret,
1085 2500 1221 2532 Cralem
1251 2500 1439 2542 arbitrari,
1463 2501 1556 2534 nihil
1580 2502 1697 2535 inter—

283 2559 383 2588 esse,
419 2551 622 2594 adipsum,
655 2560 700 2582 an
725 2549 770 2580 ad
795 2549 894 2581 illum
923 2558 960 2579 se
985 2546 1198 2580 conferrent.
1260 2547 1318 2578 Sic
1350 2547 1424 2579 illis
1462 2552 1696 2580 commentum

284 2606 329 2627 ex
359 2596 470 2628 animi
503 2596 681 2629 sententia
706 2595 886 2638 processit.
935 2593 1095 2625 Arbenus
1123 2591 1332 2624 Berrhoeam
1357 2593 1551 2637 ingressus,
1582 2593 1696 2633 Cralis

280 2641 420 2674 litteras
446 2643 483 2673 in
519 2647 696 2674 conventu
721 2639 920 2673 recitandas
945 2637 1112 2671 exhibet:
1138 2643 1174 2670 et
1197 2639 1284 2670 alias
1312 2638 1533 2682 imperatoris
1557 2640 1696 2671 occulte

279 2697 344 2731 per
371 2687 446 2720 eius
480 2686 641 2720 fautores
666 2687 809 2731 spargit.
876 2684 1110 2718 Berrhoeotae
1136 2689 1171 2716 ct
1195 2689 1298 2717 antea
1323 2684 1367 2717 ab
1393 2684 1605 2728 imperatore
1630 2684 1698 2716 mi-

280 2732 378 2766 nime
403 2733 537 2771 alieni,
571 2733 758 2775 optimates
785 2741 898 2776 aeque
923 2742 963 2763 ac
986 2728 1128 2772 vulgus,
1162 2736 1198 2763 et
1229 2736 1314 2762 tunc
1347 2741 1367 2761 a
1396 2730 1564 2764 Triballis
1582 2729 1696 2775 pressi

282 2778 420 2823 (crebro
447 2779 544 2812 enim
575 2779 871 2823 continenterque
897 2786 956 2810 eos
981 2775 1209 2810 incursabant
1234 2781 1270 2809 et
1292 2787 1414 2820 agrum
1445 2776 1693 2822 populationi-
