1800 3138
311 183 342 219 2
352 184 378 219 2
386 185 419 219 0
837 181 1200 247 CANTACUZENI

117 283 560 336 Α.0.ι34αδεδειγμένοι“
586 283 690 337 πρὸς
717 281 886 336 ἐκείνην.
927 281 1115 338 φύλακάς
1139 298 1182 324 τε
1209 280 1286 338 γὰρ
1315 283 1541 338 ἐπέστησαν
1567 283 1730 337 α’νθρώ-

307 362 410 395 πους
435 346 619 395 α’ναιδεῖς
645 345 717 388 καί
742 344 815 388 τὸν
840 345 991 402 τρόπον
1018 345 1278 402 βαρβάρους,
1319 346 1392 387 καὶ
1415 348 1551 390 πᾶσαν
1577 349 1731 390 ἐπιδεί-

307 414 487 453 κνυσθαι
527 412 801 466 προσέταττον
841 414 1008 467 πικρίαν
1035 411 1139 466 πρὸς
1169 410 1300 466 αὐτὴν
1326 413 1401 453 καί
1425 412 1558 454 πάντα
1600 417 1732 454 ποιεῖν
1784 403 1789 406 “

306 478 377 531 ἐφ’
396 472 514 531 ὕβρει
550 477 623 517 καί
644 476 964 532 καταφρονήσει.
1022 477 1074 518 τά
1100 492 1144 518 τε
1174 477 1378 530 α’ναγκαῖα
1406 475 1511 530 πρὸς
1537 475 1698 532 τροφήν
1717 507 1730 529 ,
1778 512 1781 514 .

305 542 434 582 καίτοι
464 539 537 582 καὶ
563 539 755 597 πρότερον
782 542 931 589 ἐνδεῶς
956 542 1231 596 παρέχοντες,
1261 539 1324 582 ἔτι
1345 543 1502 594 μᾶλλον
1528 542 1759 595 γλίσχρως-5

303 605 544 660 ἐχορήγουν.
604 606 644 646 εἰ
671 606 717 646 δέ
744 620 841 646 ποτε
878 604 964 647 ἔδει
1001 605 1073 646 καί
1107 604 1245 658 ζωμόν
1271 622 1362 647 τινα
1400 608 1622 660 παρέχειν,
1664 621 1733 661 φι-

302 670 758 724 λανθρωπευσαμένους
786 671 934 724 δῆθεν,
955 668 1125 722 εἰδότες,
1159 669 1216 718 ὥς
1243 673 1482 729 πολυτελείᾳ
1509 669 1735 726 ἑντραφείη

301 733 375 775 καί
399 737 544 791 τρυφῇ
572 734 644 776 καί
670 731 838 783 οὐδενὸς
866 730 918 776 ἂν
945 732 1098 787 ἅψαιτο
1116 737 1458 787 μεμολυσμένον,
1486 733 1562 791 τὰς
1585 742 1734 789 χεῖρας

263 798 500 847 Οιῖνίπτους
536 801 746 848 καθιέντες
764 833 778 852 ,
818 799 1045 855 διηρεύνων
1074 802 1201 854 δῆθεν
1226 798 1295 842 τὸν
1325 799 1486 852 ζωμὸν,
1515 803 1554 842 εἰ
1578 799 1637 854 μή
1666 816 1731 843 τοι

305 861 421 917 ἔνδον
450 862 672 919 κρύπτοιτο
701 862 928 919 γράμματα
953 863 1062 918 παρὰ
1092 867 1167 905 τοῦ
1181 863 1276 906 υἱοῦ
1295 865 1582 918 ἀπεσταλμένα
1600 896 1612 916 ,
1642 863 1784 922 καί-ιο

305 944 369 971 τοι
398 944 443 982 γε
475 928 601 970 αὐτοὶ
626 931 708 971 τῶν
737 931 1056 983 προσαγομένων
1095 923 1202 977 ὄντες
1240 926 1445 984 μάγειροι.
1502 927 1530 970 ἂ
1560 929 1730 984 ὁρῶσα,

304 996 458 1047 μᾶλλον
493 993 629 1050 ᾑρεῖτο
673 996 778 1051 λιμῷ
805 995 952 1046 βιαίως
978 994 1256 1048 ἀποθνήσκειν
1277 1027 1289 1047 ,
1327 991 1354 1050 ἢ
1392 991 1587 1036 τοιούτων
1615 991 1732 1046 γεύε-

304 1062 420 1103 σθαι.
476 1058 520 1100 ἐν
557 1059 736 1111 χειμῶνι’
768 1076 807 1101 τε
853 1058 1122 1117 σφοδροτάτῳ
1151 1061 1223 1101 καί
1260 1058 1472 1115 κρυμώδει
1505 1058 1730 1111 οὐδεμίαν,

304 1119 447 1164 οὔτ’ὲκ
469 1125 549 1165 τῶν
576 1118 712 1165 ἄλλων
735 1125 999 1179 ἐπιτηδείων,
1031 1119 1124 1165 οὕτε
1151 1126 1197 1166 ἐκ
1225 1123 1357 1179 πυρὸς
1383 1126 1632 1179 παρείχοντο
1652 1139 1731 1163 πα-

304 1186 545 1242 ραμυθίαν,
583 1191 715 1230 καίτοι
755 1190 970 1242 βασιλίδος
993 1190 1200 1243 μηδεμιᾶς
1238 1188 1342 1242 κατὰ
1372 1187 1418 1229 τὸ
1448 1190 1570 1240 σῶμα
1598 1188 1785 1240 θερα-ιό

303 1251 423 1301 πείας
463 1251 708 1308 κελευούσης
746 1251 1004 1308 ἀποστερεῖν.
1059 1251 1172 1308 παρὰ
1215 1251 1354 1295 πᾶσάν
1396 1268 1439 1294 τε
1466 1252 1627 1307 ἡμέραν
1654 1251 1735 1293 ου’κ

302 1318 487 1358 ἐνέλιπον
524 1317 564 1358 οἱ
604 1317 787 1373 φύλακες
824 1315 895 1358 τόν
922 1312 1030 1358 ὐἱὸν
1066 1319 1254 1370 α’σέμνως
1291 1319 1479 1372 ὑβρίζειν
1506 1318 1569 1358 ἐπ’
1583 1317 1734 1370 αὐτῆς,

305 1383 377 1422 καί
418 1382 472 1430 ὥς
514 1382 705 1435 α’γγελίας
742 1384 867 1436 δῆθεν
896 1383 1172 1435 πεπυσμένοι,
1203 1379 1453 1438 ἀπήγγελλον
1471 1383 1610 1432 ,ποτὲ
1634 1382 1732 1433 μὲν,

264 1445 363 1494 Βιὸς
391 1446 647 1502 συλληφθείη
677 1446 700 1487 ὅ
719 1445 810 1495 υἱός
837 1446 909 1488 καὶ
940 1447 1098 1499 ἀτίμως
1126 1442 1263 1501 ἄγοιτο
1290 1445 1570 1502 περικείμενος
1595 1444 1733 1489 κλοιά·

304 1507 446 1552 ἄλλοτε
475 1513 549 1564 δὲ,
578 1510 635 1559 ὥς
659 1509 798 1566 μάχης
825 1513 1068 1566 γενομένης,
1098 1513 1161 1552 ἐπ’
1206 1512 1338 1566 αὐτῆς
1364 1512 1636 1566 ἅποκτανθείη
1662 1511 1786 1553 naim

304 1568 441 1628 ἄγοιτο
482 1574 509 1629 ἦ
549 1574 734 1630 κεφαλὴ,
769 1575 820 1631 ἢν
863 1577 1137 1631 παραμυθίας
1173 1575 1289 1618 ἕνεκα
1342 1578 1414 1618 καί
1453 1574 1554 1630 πρὸς
1600 1575 1732 1631 αὐτὴν

304 1634 419 1692 ἄγειν
446 1637 751 1694 ὑπισχνοῦντο,
788 1639 860 1682 καί
887 1643 1011 1696 ἕτερα
1042 1640 1236 1696 ὠμότερα
1264 1641 1338 1683 καί
1378 1639 1732 1696 ἆπανθρωπότερα

306 1705 464 1761 πολλῷ,
509 1706 554 1756 ἐξ
590 1699 648 1747 ὧν
674 1703 806 1760 ἐκείνη
844 1704 920 1760 τήν
950 1706 1125 1760 καρδίαν
1159 1705 1422 1760 ὖπερζέσασα
1456 1707 1528 1747 καί
1551 1721 1731 1746 κατατα-

400 1836 450 1859 12.
464 1824 689 1869 γένεσθαιΡ.
764 1825 814 1869 ¹4·
842 1823 880 1865 ἐξ
905 1823 1162 1869 ἐπιβλημάτων
1185 1824 1233 1858 Μ.
1260 1835 1326 1869 mg.
1352 1833 1417 1868 pro
1443 1822 1486 1857 ἐκ
1509 1821 1583 1858 τῶν
1609 1816 1729 1857 ἄλλων

398 1870 629 1914 ἐπιτηδείων.

306 1976 421 2009 ullum
447 1987 557 2021 genus
589 1976 774 2010 molestiae
799 1974 834 2008 ei
857 1985 931 2008 non
955 1973 1163 2008 adhibebat.
1210 1974 1298 2007 Nam
1322 1970 1360 2008 et-
1382 1973 1544 2008 custodes
1568 1973 1624 2006 illi
1661 1972 1729 2005 de-

306 2021 361 2054 dit
402 2021 566 2055 homines
598 2021 826 2067 impudentes
863 2019 1095 2065 moribusque
1133 2019 1324 2063 barbaros;
1357 2019 1489 2064 quibus
1526 2020 1728 2063 praecepit,

306 2079 447 2101 omnem
476 2068 515 2101 in
548 2068 648 2101 inam
680 2067 861 2101 diritatem
897 2075 1103 2110 expromere
1137 2070 1174 2099 et
1207 2077 1313 2111 quarn
1349 2065 1597 2110 indignissime
1640 2075 1727 2099 con-

304 2114 612 2159 temptissimeque
635 2118 796 2147 tractare.
843 2112 936 2145 Hine
958 2111 1116 2158 quamvis
1151 2117 1254 2144 antea
1279 2122 1425 2157 quoque
1450 2113 1566 2145 victus
1595 2111 1628 2144 ci
1653 2121 1727 2149 ma-

306 2160 404 2203 ligne
430 2159 683 2204 praeberetur,
708 2163 828 2192 tamen
854 2156 893 2190 hi
917 2158 1119 2191 tenuiorem
1141 2157 1258 2190 adhuc
1279 2157 1570 2201 suppeditabant.
1619 2155 1728 2201 Quod

306 2206 336 2238 si
361 2205 525 2250 quando,
552 2205 666 2240 officio
689 2203 920 2239 humanitatis
943 2203 1134 2242 videlicet,
1158 2203 1213 2236 ius
1237 2203 1489 2248 porrigendum
1513 2206 1622 2242 esset,
1647 2213 1727 2235 eum

305 2251 403 2284 laute
428 2261 469 2283 ac
495 2251 648 2286 delicate
676 2250 859 2284 educatam
874 2273 884 2290 ,
917 2248 1084 2294 nihilque
1110 2259 1214 2293 posse
1237 2249 1456 2282 immundum
1481 2259 1522 2281 ac
1544 2247 1727 2282 sordidum

305 2302 450 2341 tangere
483 2308 557 2331 non
591 2296 792 2337 nescirent,
834 2306 957 2328 manus
996 2296 1116 2329 illotas
1151 2295 1382 2328 immittentes
1418 2292 1728 2339 pervestigabant,

307 2342 438 2387 ecquid
459 2343 556 2376 intus
574 2344 727 2376 laterent
748 2351 768 2374 a
799 2341 875 2375 filio
898 2341 1040 2375 litterae
1054 2365 1064 2380 ,
1102 2342 1243 2374 tametsi
1269 2340 1367 2386 quod
1391 2339 1613 2380 offerebant,
1636 2339 1728 2384 ipsi-

305 2395 380 2422 met
405 2393 583 2422 coxerant.
628 2386 738 2433 Quod
768 2398 849 2421 cum
881 2387 946 2420 illa
978 2385 1136 2427 videret,
1173 2387 1302 2420 misera
1326 2386 1418 2420 fame
1454 2386 1584 2426 emori,
1620 2395 1725 2430 quam

308 2436 514 2477 spurcitiem
550 2433 799 2469 huiuscemodi
830 2438 970 2477 gustare
1003 2431 1142 2470 maluit,
1188 2432 1315 2466 Hieme
1339 2437 1457 2466 autem
1488 2431 1656 2465 acerrima
1684 2441 1727 2464 ae

304 2479 497 2523 perfrigida
527 2491 593 2514 nec
624 2491 668 2514 ex
694 2485 792 2514 veste
822 2479 975 2523 stragula
1008 2477 1053 2511 ad
1085 2488 1212 2522 corpus
1243 2477 1543 2523 cooperiendum,
1583 2485 1650 2509 nec
1680 2485 1726 2509 ex

304 2535 450 2559 accenso
476 2526 556 2559 foco
580 2526 692 2559 ullum
717 2526 751 2558 ei
773 2524 941 2558 solatium
968 2523 1240 2569 impertiebant,
1264 2525 1425 2570 quamvis
1443 2524 1598 2568 Augusta
1624 2532 1724 2554 man-

308 2569 444 2610 dasset,
473 2576 514 2603 ut
536 2573 573 2605 in
598 2582 639 2604 ea
661 2571 815 2605 curanda
830 2570 924 2604 nihil
939 2569 1292 2614 praetermitteretur.
1318 2570 1417 2616 Quin
1431 2569 1538 2603 etiam
1562 2571 1638 2601 toto
1662 2566 1723 2600 die

307 2615 492 2655 custodes,
517 2617 594 2660 ipsa
622 2617 813 2657 audiente,
835 2616 874 2650 in
900 2616 1013 2649 fllium
1037 2614 1227 2648 maledicta
1248 2617 1325 2650 sine
1352 2617 1469 2649 fronte
1494 2615 1622 2647 iactare
1649 2623 1723 2647 non

308 2661 494 2693 cessabant
521 2667 579 2702 et,
605 2668 786 2708 tamquam
811 2662 840 2695 si
864 2663 1010 2696 nuntios
1034 2662 1274 2704 accepissent,
1310 2663 1366 2696 illi
1388 2659 1600 2700 narrabant,
1631 2659 1722 2691 alias

311 2706 455 2751 quidem
470 2731 480 2746 ‚
503 2713 638 2750 captum
666 2719 741 2742 esse
769 2713 805 2741 et
829 2707 962 2741 catenis
985 2707 1127 2740 iniectis
1160 2708 1265 2741 foede
1300 2707 1457 2753 raptari;
1490 2705 1598 2744 alias,
1621 2713 1717 2737 com-

308 2753 415 2787 misso
435 2753 574 2798 proelio
601 2755 753 2789 occisum
770 2755 914 2800 iamque
937 2757 1042 2798 caput
1058 2753 1195 2795 afferri,
1220 2754 1315 2800 quod
1339 2751 1590 2789 consolationis
1615 2759 1720 2784 eausa
