1800 3132
534 188 914 233 ms'romARuM
954 191 1027 231 111.
1066 190 1104 234 5.
1446 170 1485 238 4
1497 188 1516 225 1

82 297 382 352 δεδυνημένον,
429 294 526 336 νυνὶ
566 294 614 336 δὲ
653 291 937 348 βουλόμενον,
979 291 1038 347 μὴ
1075 294 1147 347 τῆς
1184 290 1276 349 ἴσης
1307 291 1619 346 δυνάμεωςΔ.Ο.
1637 300 1720 347 134ι

82 363 300 418 ε’ὖπορεΐν,·
345 361 434 402 ἀλλ’
463 360 588 402 οὐδὲν
613 354 735 414 ἦττον
764 356 905 413 ὥσπερ
934 358 1007 400 καί
1029 356 1123 400 τότε
1152 358 1277 409 αὐτός
1301 374 1345 400 τε
1373 355 1426 401 ἂν
1452 357 1530 400 δύ-

82 431 241 471 νασθαι
269 428 570 482 ι’σχυρισαιζιιην
596 427 671 467 καί
695 424 818 478 ὑμεῖς
837 422 1218 479 συνομολογήσαιτε
1246 426 1364 478 ἔμολ’·
1421 421 1527 467 ὥστε
1540 428 1577 464 Ρ.
1588 430 1657 466 365

83 489 182 534 οὔτε
222 491 454 548 πρότερον,
501 485 599 533 οὔτε
642 492 721 534 νῦν
758 493 805 532 ἐκ
837 492 914 532 τοῦ
951 487 1010 544 μή
1053 489 1266 533 δύνασθαι
1294 488 1537 547 ἀπεσχόμην

59 558 167 603 ὄτῶν
193 559 355 611 κακῶν,
387 554 478 599 ἄλλ’
503 560 550 600 ἐκ
569 558 645 599 τοῦ
663 555 843 610 μάλιστα
860 554 921 611 μὴ
956 553 1190 609 βούλεσθαι
1216 558 1291 599 καί
1312 558 1395 599 τῶν
1422 573 1537 614 quav-

80 623 261 666 λοτάτων
285 623 362 679 τήν
387 620 590 679 τοιαύτην
619 623 785 665 οἴεσθαι
814 620 1067 677 μεταβολήν.
1122 624 1162 664 εἰ
1199 618 1273 664 οὖν
1305 618 1402 664 οὔτε
1430 621 1535 678 πρό-

86 705 237 746 τερον,
279 686 375 732 οὔτε
405 692 503 742 νῦν,
553 689 690 731 καίτοι
718 687 854 747 ῥᾷστα
896 686 1250 744 καταπράξασθαι
1282 688 1536 743 δυνάμενος,

81 757 207 799 οῦδὲν
233 758 419 798 τοιοῦτον
441 790 454 810 ,
493 751 580 798 οἷον
607 753 660 799 ἄν
687 772 751 805 τις
778 753 1052 797 ὑποπτεύσειε
1062 788 1074 807 ,
1109 756 1438 808 βεβουλευμένος
1477 751 1533 797 ‹12¹-

82 825 226 879 φθην,
263 824 471 878 προσῆκον
504 825 578 865 καί
613 824 714 878 περὶ
751 825 828 863 τοῦ
860 823 1085 875 μέλλοντος
1126 821 1223 874 ἐμοὶ
1247 821 1435 878 θαρᾜεῖν
1462 823 1537 863 καί

36 886 143 944 ιομὴ
186 893 273 937 τοῖς
316 888 599 945 συκοφάνταις
635 891 858 944 προσέχειν
891 887 967 931 καί
990 892 1222 942 λογοποιοῖς
1249 892 1418 937 πολλοῖς
1445 892 1534 930 κατ’

82 955 189 1008 ἐμοῦ
224 956 520 1011 φυησομένοις.
577 955 683 996 ου’ὅὲ
721 954 800 1010 γὰρ
836 953 940 1010 ,περὶ
966 958 1129 1010 μικρῶν
1157 970 1284 996 τινων
1310 953 1384 996 καί
1407 955 1534 996 εὔκα-

81 1018 355 1076 ταφρονήτων
397 1021 690 1074 διαβαλοῦσιν,
738 1019 845 1062 ἀλλά
887 1022 988 1076 περὶ
1013 1023 1090 1062 τοῦ
1128 1022 1202 1078 ζῇν
1228 1020 1328 1074 ὑμῖν
1359 1020 1532 1077 ἐξαρτή-

79 1101 203 1128 σουσι
231 1083 308 1128 τὸν
335 1084 490 1142 φόβον,
520 1081 548 1141 ἢ
576 1087 626 1128 τά
654 1103 699 1141 γε
729 1086 928 1142 δεύτερα,
961 1089 1064 1141 περὶ
1101 1089 1176 1128 τοῦ
1201 1085 1262 1142 μὴ
1293 1090 1430 1136 καλῶς
1458 1086 1534 1129 καὶ

82 1149 144 1201 ὥς
169 1153 390 1208 προσῆκον,
422 1152 512 1194 ἀλλ’
530 1154 717 1208 αἰσχρῶς
743 1155 817 1195 καί
843 1154 1128 1210 ἀνελευθέρως
1156 1153 1228 1196 καί
1254 1153 1529 1203 δουλεύοντας

32 1212 206 1275 ιι5ἓ,τε’ρῳ
236 1218 311 1275 ζῇν
332 1251 345 1271 ,
381 1214 406 1259 ὃ
432 1222 505 1262 καί
532 1218 635 1262 αὐτὸ
666 1227 754 1269 τοῖς
782 1221 1038 1274 εἰθισμένοις
1068 1214 1218 1275 ἄρχειν
1244 1218 1418 1269 ου’δένὸς
1443 1223 1566 1262 &oz-B

79 1286 207 1326 νάτου
237 1282 435 1342 δεύτερον
458 1287 518 1335 εἷς
547 1284 773 1342 ἀλγηδόνος
800 1285 930 1341 λόγον,
959 1283 1026 1328 ὅτι
1054 1288 1100 1328 δὲ
1128 1287 1311 1327 τοιοῦτοι
1341 1284 1529 1341 φυήσον-

78 1365 149 1391 ται
177 1353 322 1392 πολλοὶ
339 1385 352 1404 ,
398 1352 452 1392 ου’
479 1349 757 1406 στοχάζεσθαι
786 1351 947 1403 ἔξεστιν
975 1353 1076 1408 ἡμῖν
1098 1384 1109 1405 ‚
1157 1351 1262 1394 ἀλλὰ
1292 1353 1364 1394 καί
1390 1353 1528 1408 σαφέ-

77 1408 212 1458 στατα
242 1418 414 1460 εἰδέναι.
469 1418 668 1472 βασιλεῦς
694 1421 772 1472 μὲν
799 1418 878 1474 γὰρ
904 1418 1047 1475 κύριος
1066 1416 1197 1468 αὐτὸς
1222 1421 1304 1460 ταῖν
1330 1415 1528 1474 πραγμά-

79 1498 163 1523 των
190 1479 250 1525 ὢν
279 1485 354 1524 καί
377 1485 587 1540 μηδεμίαν
614 1487 711 1540 μηδ’
752 1485 829 1543 ὑφ’
854 1483 946 1535 ἓνὸς
970 1489 1054 1528 τῶν
1091 1487 1389 1542 πραττομένων
1418 1484 1527 1540 ὖφο-

26 1546 263 1602 2ορώμενος
289 1550 502 1604 ἐξέτασιν,
529 1552 580 1592 τὰ
608 1553 686 1604 μὲν
717 1551 843 1602 αὐτὸς
871 1549 977 1594 ἑκών
1012 1549 1144 1606 εἶναι,
1171 1550 1287 1607 εἴπερ
1317 1551 1526 1604 ἐβούλετο,

76 1615 343 1668 χαρίζεσθαί
361 1632 470 1658 τισιν
496 1615 679 1672 ἠδυνατο
698 1652 710 1670 ,
738 1617 790 1660 τά
820 1620 860 1660 ‹5’
879 1617 980 1667 ἴσως
1007 1614 1059 1659 ἂν
1088 1618 1162 1659 καί
1187 1618 1391 1671 ἠμελεῖτο.
1435 1619 1531 1658 νυνι)

80 1681 127 1721 δὲ
158 1679 285 1723 ου’ὃὲν
310 1683 499 1723 τοιοῦτον
527 1684 687 1734 ἐξέσται
715 1681 876 1737 efflavi,
907 1682 1014 1726 α’λλὰ
1046 1682 1182 1725 πάντα
1203 1682 1282 1725 σὺν
1317 1681 1423 1738 λόγῳ
1451 1680 1526 1724 καὶ

170 1786 200 1820 3.
228 1787 554 1867 σιίζομολογιίσετε
576 1787 625 1821 Μ.
702 1800 752 1833 ¹7·
776 1789 840 1821 καὶ
864 1788 946 1823 add.
972 1790 1020 1823 M.
1107 1800 1162 1823 αι.
1188 1799 1226 1822 τι
1250 1786 1345 1823 ὅσον
1371 1797 1438 1833 pro
1462 1798 1524 1821 ro-

171 1842 236 1866 σιν
289 1857 297 1865 .

78 1923 157 1946 cum
185 1917 308 1946 tantae
341 1914 526 1958 potentiae
562 1914 716 1947 facultas
747 1926 821 1948 non
858 1916 934 1949 sit?
969 1915 1079 1960 Atqui
1114 1926 1190 1949 non
1234 1915 1355 1948 minus
1389 1915 1523 1956 hodie,

77 1970 184 2006 quam
211 1964 296 1992 tunc
319 1971 377 1993 mc
398 1972 502 2005 posse
517 1986 526 2002 ,
549 1971 611 1993 vos
638 1963 739 1994 iuxta
763 1973 902 1996 mecum
922 1962 1200 1996 confitebimini.
1251 1963 1378 2009 Itaque
1402 1973 1524 2008 neque

75 2006 200 2052 prius,
244 2017 365 2053 neque
400 2018 516 2048 nunc,
559 2009 643 2054 quia
673 2009 887 2042 malefacere
918 2010 1131 2054 nequirem,
1168 2009 1302 2043 idcirco
1338 2008 1526 2044 abstinui:

76 2052 140 2086 scd
183 2052 266 2086 ideo
301 2055 555 2098 potissimum,
602 2055 688 2100 quia
733 2056 836 2089 nolui
875 2057 1059 2102 talemque
1104 2067 1245 2090 morum
1282 2057 1524 2090 mutationem

75 2100 269 2144 pessimam
302 2103 449 2135 omnino
487 2104 663 2147 reputavi.
714 2102 958 2147 Quamobrem
990 2105 1020 2137 si
1059 2115 1126 2137 nec
1158 2105 1247 2137 alias
1280 2114 1355 2137 non
1389 2104 1520 2145 modo,

77 2148 236 2191 quamvis
261 2147 436 2181 facillime
459 2159 626 2193 possem,
664 2149 864 2195 quidquam
899 2150 1097 2192 eiusmodi,
1132 2152 1240 2196 quale
1276 2150 1356 2196 quis
1396 2151 1526 2196 suspi-

77 2199 201 2233 cetur,
226 2206 282 2228 me
305 2197 426 2229 animo
451 2196 603 2241 agitasse
630 2203 767 2230 certum
793 2203 870 2239 est,
899 2199 1008 2231 etiam
1033 2199 1071 2231 in
1096 2198 1259 2231 futurum
1282 2196 1371 2232 mihi
1398 2197 1523 2238 fidere,

75 2251 146 2273 nec
168 2240 398 2286 sycophantis
424 2247 461 2276 et
485 2243 796 2288 mendaciloquis‚
838 2245 903 2290 qui
927 2246 1033 2277 multi
1059 2250 1183 2278 contra
1208 2256 1264 2278 me
1290 2244 1524 2286 exorientur,

76 2287 245 2320 assentiri
282 2289 462 2323 convenit.
514 2290 618 2322 Haud
654 2293 750 2323 enim
780 2292 818 2324 in
851 2293 969 2336 parvis
1006 2298 1042 2326 ct
1074 2291 1360 2336 despicabilibus
1396 2301 1522 2325 eorum

76 2333 280 2368 versabitur
300 2335 541 2375 obtrectatio,
567 2337 630 2369 scd
654 2337 699 2370 de
722 2337 795 2370 vita
821 2339 1032 2379 amittenda,
1060 2345 1123 2372 aut
1148 2343 1244 2372 certe
1268 2350 1342 2372 non
1369 2338 1521 2371 honeste

78 2379 344 2426 decenterque,
368 2383 431 2416 sed
456 2384 610 2426 turpiter
635 2389 672 2416 et
697 2384 929 2419 illiberaliter
956 2387 1022 2419 sub
1046 2385 1194 2419 alterius
1220 2387 1303 2429 iugo
1329 2385 1521 2428 exigunda,

76 2428 245 2460 timorem
269 2429 373 2463 vobis
410 2430 694 2473 ingenerabunt:
730 2431 830 2476 quod
868 2433 985 2476 ipsum
1019 2433 1084 2472 iis,
1124 2433 1185 2477 qui
1224 2433 1401 2477 imperare
1429 2444 1521 2466 con—

77 2480 294 2515 sueverunt,
317 2477 418 2510 nullo
445 2487 575 2520 genere
600 2479 746 2517 mortis,
784 2480 813 2511 si
841 2479 1002 2514 dolorem
1031 2484 1254 2524 spectcmuS,
1291 2479 1519 2513 tolerabilius

78 2525 143 2553 est.
194 2521 302 2554 Tales
336 2529 454 2556 autem
481 2524 683 2568 complures
711 2526 933 2567 exorsturos,
957 2537 1031 2559 non
1066 2527 1271 2559 coniectura
1304 2526 1519 2570 providere,

77 2567 142 2600 sed
165 2568 457 2602 manifestissime
483 2572 573 2603 scire
598 2571 700 2604 vobis
728 2572 842 2605 datur.
890 2574 1093 2617 Imperator
1117 2584 1271 2619 namque
1298 2574 1376 2616 ipse
1402 2584 1522 2607 rerum

79 2613 248 2648 dominus
275 2620 312 2647 et
335 2617 473 2649 nullam
501 2618 540 2649 in
567 2623 646 2651 acta
671 2630 734 2651 sua
758 2618 802 2651 ab
830 2620 905 2653 ullo
942 2620 1220 2664 inquisitionem
1252 2621 1410 2659 veritus,
1449 2620 1523 2652 alia

80 2661 227 2705 quidem
252 2667 405 2706 sponte,
440 2664 470 2696 si
494 2665 660 2705 volebat,
697 2666 902 2700 condonare
936 2667 1017 2700 aliis
1054 2673 1216 2710 poterat:
1257 2668 1328 2701 alia
1360 2666 1521 2700 fortassis

81 2707 189 2741 etiam
212 2707 427 2754 negligebat.
475 2710 523 2743 At
546 2723 642 2744 nunc
665 2712 759 2746 nihil
784 2714 856 2746 tale
879 2714 947 2746 ulli
974 2712 1210 2753 concedetur,
1245 2725 1369 2748 verum
1399 2714 1522 2746 omnia

81 2764 161 2787 cum
201 2757 340 2789 ratione
378 2760 416 2789 et
456 2767 590 2791 summa
621 2758 812 2803 diligentia
849 2759 1008 2794 faciendi
1052 2762 1303 2795 necessitatem
1338 2761 1523 2805 imponam

82 2801 272 2838 omnibus:
307 2814 382 2837 non
405 2803 523 2838 solum
549 2805 596 2839 ob
629 2805 897 2841 solicitudinem
931 2808 1067 2849 vestri,
1099 2818 1146 2842 ne
1178 2810 1296 2843 minus
1327 2819 1435 2855 quam
1465 2816 1522 2840 ac-
