1800 3146
498 194 874 237 ffls‘romARmu
917 198 987 236 111.
1019 198 1085 242 71⁸.
1395 175 1511 250 459

90 312 246 353 στησαν
274 296 351 352 τήν
380 295 579 349 ἀτοπίαν,
621 293 726 337 ἄλλα
755 295 827 337 καί
851 297 1002 338 ἐνθάδε
1040 292 1294 350 διατρίβοντι
1329 296 1612 344 ἐκέλευονᾼ,(ζ,
1630 307 1714 353 1343

88 366 165 417 τῆς
192 363 325 418 πύλης
349 360 409 417 μή
439 365 680 418 προβαίνειν
706 395 718 415 ,
761 362 854 403 ἄλλ’
879 361 982 403 οἴκοι
1009 359 1264 417 καθήμενον,
1294 359 1371 415 τὴν
1400 360 1522 403 ἄναι-

89 429 247 484 ροῦσαν
287 431 430 484 ψῆφον
473 431 721 483 περιμένειν.
775 427 823 469 τί
848 422 923 469 οὖν
949 443 1003 480 με
1030 426 1135 482 πρὸς
1160 427 1292 469 ταῦτα
1319 431 1451 469 ποιεῖν
1476 427 1520 468 ε’-

87 496 210 547 χρῆν,
237 491 343 548 πρὸς
370 493 499 547 αὐτῆς
527 496 601 547 τῆς
625 491 848 548 ἇληθείαςς
887 490 1258 547 συγκαλυψάμενον
1285 491 1520 548 περιμένειν

63 557 161 613 5τὴν
194 557 383 615 σφαγήν,·
434 559 526 601 ἄλλ’
560 559 635 600 ου’κ
665 556 716 600 ἂν
747 557 868 608 ἔδοξα
895 561 1208 614 σωφρονοῦντος
1234 559 1424 613 χρῆσθαι
1450 563 1518 600 λο-

86 631 268 678 γισμοῖς,
302 622 435 674 οὕτως
460 626 617 674 α’κλεῶς
643 625 715 666 καί
743 626 899 677 α’τᾴιως
927 622 1202 679 α’ποθνήσκων
1218 657 1230 678 ,
1253 622 1359 665 ἀλλὰ
1388 635 1556 667 κατα-1)

86 689 294 744 πλαγέντα
322 689 428 745 πρὸς
455 689 532 745 τὴν
560 688 728 745 α’θρόαν
753 692 836 732 τῶν
863 688 1118 746 πραγμάτων
1141 687 1388 743 μεταβολὴν,
1418 690 1518 730 δοῦ-

86 760 140 797 λα
170 761 339 810 φρονεῖν
366 759 438 798 καί
463 755 729 811 ἀνελεύθερα,
761 756 835 798 καί
858 754 1137 811 παραδιδόναι
1163 755 1517 811 παρακοιμωμένῳ

87 819 280 874 ἐμαυτὸν,
315 817 410 863 ὥστ’
438 824 503 864 ἐπ’
533 823 720 873 ἐξουσίας
758 820 871 876 ἔχειν
913 824 1046 870 κακῶς
1082 826 1214 862 ποιεῖν
1249 822 1322 861 καί
1357 822 1416 868 εἰς
1453 820 1522 860 δε-

39 885 303 942 ιοσμωτήρια
327 882 456 941 ἄγειν,
488 885 627 943 ὥσπερ
646 886 699 930 τὰ
730 888 971 943 ἀνδράποδα
990 888 1137 938 ἐκεῖνα,
1167 886 1211 927 οἲ
1229 886 1340 941 σφᾶς
1366 882 1521 933 αὐτοῦς

85 953 224 1010 ἐκείνῳ
250 951 601 1008 παραδεδωκότες,
631 952 763 1006 οἱμὲν
781 955 938 995 οἰκοῦσι
973 949 1256 1006 δεσμωτήρια,
1291 949 1512 1006 δημεύσεις

85 1017 289 1072 πρότερον
316 1017 611 1071 ὑπομείναντες
638 1021 713 1060 καί
737 1015 874 1062 ἄλλων
903 1025 1053 1073 πεῖραν
1086 1018 1302 1072 δυσχερῶν
1330 1017 1518 1067 πολλῶν,

85 1080 122 1123 οἱ
153 1084 193 1124 δ’
217 1081 262 1125 ἐν
288 1083 437 1139 Καρὸς
475 1085 601 1142 μοίρᾳ
630 1080 799 1139 ἄγονται
829 1087 902 1126 καί
939 1086 1161 1139 φέρονται,
1206 1085 1288 1124 πᾶν
1313 1080 1360 1123 τὸ
1390 1096 1519 1137 προσ-

83 1146 329 1200 ταττόμενον
374 1149 444 1190 ὑπ’
485 1151 646 1192 ἐκείνου
689 1156 824 1192 ποιεῖν
851 1149 1018 1204 ἔχοντες
1046 1147 1238 1203 α’νάγκην.
1294 1146 1367 1190 καὶ
1389 1147 1519 1189 ποίων

35 1213 134 1254 15οῦ
160 1212 354 1256 θανάτων
382 1215 555 1265 α’ντάξια
580 1219 746 1271 μυρίων
772 1218 931 1267 ταῦτα,·
959 1211 987 1270 ἢ
1014 1214 1111 1256 πότε
1139 1210 1192 1256 ἂν
1219 1213 1242 1255 ὅ
1270 1210 1385 1268 ἥλιος
1405 1214 1516 1255 ἐπεῖ·
1530 1212 1567 1249 Ρ·
1584 1210 1654 1245 608

83 1280 128 1320 δε
154 1280 326 1331 μείζονα
355 1280 428 1322 καί
453 1282 792 1336 παραδοξοτέραν
820 1280 1009 1333 ἀτοπίαν,
1038 1276 1144 1322 ὥστε
1164 1279 1238 1323 τὸν
1256 1281 1301 1321 ἐκ
1327 1280 1517 1335 κοπρίας,

83 1340 106 1383 ὅ
140 1360 282 1400 φασιν,
310 1341 546 1401 ἄνθρωπον,
578 1347 650 1387 ὑπ’
664 1348 770 1399 ἐμοῦ
796 1347 1060 1400 γεγενημένον
1087 1345 1161 1387 καί
1183 1346 1289 1399 μέγα
1321 1342 1518 1397 σεμνυνό-

81 1425 217 1462 μενον,
245 1407 296 1451 ἂν
326 1414 397 1452 καί
421 1411 661 1464 βλέμματος
687 1409 888 1466 ἐτύγχανε
917 1413 1173 1466 προσηνοῦς,
1201 1408 1230 1465 ἢ
1257 1407 1381 1464 λόγου
1410 1408 1521 1459 τινὸς

84 1477 301 1525 δοκοῦντος
339 1473 523 1528 εὐμενῶς
550 1477 745 1531 εἰρῆσθαι
757 1510 770 1529 ,
811 1480 956 1519 τοῦτον
984 1476 1170 1531 ὑβρίζειν
1200 1476 1309 1531 ἔχειν
1347 1477 1406 1525 εἷς
1448 1477 1523 1529 ἐμὲ

29 1542 155 1584 αοκαί
179 1543 231 1596 τῇ
259 1541 468 1597 αὐθαδείᾳ
506 1540 579 1582 καί
616 1545 864 1600 κακοτροπίᾳ
888 1544 1109 1598 χρῆσθαις
1155 1543 1210 1583 δι’
1241 1541 1270 1583 ἃ
1300 1540 1351 1596 δὴ
1380 1542 1647 1597 πάνταν.487

81 1603 229 1657 σώζειν
259 1605 444 1658 ἐμαυτὸν
474 1604 641 1662 εἱλόμην
687 1608 761 1648 καί
797 1605 896 1655 τούς
936 1603 1160 1655 συνόντας·
1219 1606 1292 1647 καί
1316 1605 1341 1648 ὃ
1365 1605 1518 1648 πολλά-

80 1688 144 1720 κις
185 1671 208 1712 ὁ
246 1671 452 1726 μακάριος
489 1673 544 1729 τῷ
584 1667 670 1714 ὄντι
706 1671 908 1726 βασιλεύς
949 1673 1099 1720 ἐκεῖνος
1129 1669 1330 1726 ἠνάγκαζε
1358 1677 1516 1724 ποιεῖν,

81 1735 220 1792 ὥσπερ
242 1737 388 1786 πάντες
415 1736 532 1780 ἴσασι
559 1739 731 1795 σαφῶς,
776 1738 884 1780 τοῦτ’
915 1737 1115 1794 ἔπραττον
1139 1737 1213 1778 ὑπ’
1238 1736 1404 1779 ἐκείνων
1429 1735 1515 1791 μοί-

80 1864 173 1894 rent.
191 1882 198 1889 ‚
221 1859 350 1905 Neque
375 1861 468 1894 intra
493 1860 559 1894 hos
585 1860 722 1893 limites
745 1870 786 1892 se
810 1859 993 1893 continuit
1018 1870 1141 1894 eorum
1165 1859 1400 1904 improbitas:
1425 1860 1516 1907 quin

79 1907 188 1939 ctiam
212 1907 273 1940 hic
294 1904 576 1951 (Didymotichi)
599 1907 756 1941 versanti
779 1906 869 1940 mihi
893 1907 1139 1952 imperarunt,
1174 1917 1221 1939 ne
1250 1906 1381 1951 pedem
1413 1913 1514 1941 extra

77 1959 219 1998 portam
254 1952 353 1986 urbis
390 1956 551 1987 efferrem
568 1979 577 1992 ,
607 1953 671 1987 sed
697 1952 796 1986 domi
818 1954 947 1987 sedens
985 1954 1203 1987 sententiam
1228 1953 1422 1997 capitalem
1450 1964 1514 1987 ex-

79 2005 286 2043 spectarem.
346 1999 446 2044 Quid
482 2001 562 2046 (per
595 2002 709 2044 ipsam
743 2000 932 2034 veritatem
964 2010 1099 2045 quaeso
1125 1999 1202 2045 vos)
1223 1999 1285 2033 hic
1309 2011 1367 2034 me
1392 2001 1512 2034 facere

77 2046 266 2090 oportuit?
289 2047 383 2078 intra
409 2047 567 2090 parietes
595 2047 709 2080 latere
735 2051 772 2080 et
794 2058 918 2080 necem
944 2044 1182 2092 exspectare?
1239 2046 1331 2092 Quis
1354 2057 1413 2079 me
1436 2057 1512 2086 non

79 2092 218 2125 fatuum
243 2099 469 2134 numeraret,
495 2094 526 2127 si
549 2095 621 2134 sic,
647 2094 748 2126 nulla
774 2104 853 2126 cum
878 2094 1007 2133 laude,
1031 2094 1121 2138 quin
1145 2092 1267 2136 potius
1291 2103 1370 2126 cum
1397 2092 1512 2126 ‹lede-

79 2150 161 2172 core
185 2139 367 2172 morerer?
411 2140 468 2172 An
492 2141 695 2184 perculsum
720 2144 792 2173 tam
819 2142 1008 2184 repentina
1032 2150 1151 2173 rerum
1177 2141 1412 2173 conversione
1435 2139 1515 2173 illi-

79 2186 239 2219 beralem
264 2197 306 2219 ac
328 2187 494 2220 servilem
518 2198 640 2232 gerere
663 2188 820 2220 animum
859 2186 1077 2231 tradereque
1116 2196 1172 2218 me
1197 2186 1382 2229 praefecto
1409 2186 1513 2220 cubi-

81 2233 178 2272 culi,
211 2232 275 2277 qui
309 2232 386 2264 iure
412 2243 475 2266 suo
497 2233 587 2266 mihi
625 2233 743 2266 facere
768 2233 862 2266 male
884 2237 1006 2278 posset
1029 2237 1065 2265 et
1088 2233 1127 2266 in
1153 2242 1328 2265 carcerem
1354 2232 1513 2274 trudere,

79 2284 122 2311 ut
154 2277 227 2310 alia
258 2278 463 2323 mancipia,
497 2290 589 2324 quae
626 2279 722 2312 ultro
748 2289 786 2312 se
815 2280 869 2312 ini
894 2279 1150 2314 tradiderunt?
1186 2289 1338 2323 quorum
1364 2279 1513 2325 quidam

72 2325 185 2358 >bonis
222 2326 296 2357 suis
330 2329 414 2358 ante
447 2326 515 2359 sub
543 2326 731 2371 praeconis
754 2336 877 2360 vocem
901 2326 1076 2359 subiectis
1107 2330 1145 2359 et
1165 2325 1274 2358 variis
1300 2325 1514 2360 acerbitati-

71 2371 146 2405 .bus
174 2371 359 2411 afflictati,
385 2381 542 2405 carceres
567 2373 752 2413 incolunt,
780 2373 844 2405 alii
872 2385 946 2406 non
969 2383 1070 2405 secus
1096 2382 1202 2417 quam
1227 2371 1332 2406 Cares
1359 2379 1513 2417 aguntur

78 2423 350 2463 raptantur-que,
372 2427 516 2451 necesse
539 2418 713 2453 habentes
738 2419 888 2464 exsequi
914 2419 1167 2465 quodcumque
1190 2417 1253 2451 ille
1278 2419 1512 2454 mandaverit.

79 2465 126 2498 Et
157 2464 290 2508 quibus
326 2464 472 2498 tandem
495 2476 535 2499 ac
557 2466 658 2499 mille
688 2465 868 2499 mortibus
893 2466 983 2499 haec
1007 2476 1050 2498 ae
1079 2464 1277 2510 uiparanda
1302 2477 1377 2499 non
1399 2465 1511 2501 sunt?

79 2515 144 2544 aut
177 2509 322 2555 quando
358 2511 413 2543 sol
449 2511 518 2545 hae
554 2511 750 2546 insolentia
783 2512 983 2557 quidquam
1014 2478 1107 2545 viffit
1139 2511 1356 2546 insolentius
1395 2518 1506 2558 atque

78 2556 312 2597 inusitatius,
346 2561 388 2590 ut
421 2567 465 2590 ex
498 2563 674 2599 stercore,
709 2558 808 2603 quod
840 2561 968 2599 aiunt,
1000 2559 1107 2593 homo
1132 2569 1253 2591 servus
1278 2569 1402 2600 meus,
1440 2559 1508 2604 qui

78 2604 231 2636 multum
255 2603 486 2646 gloriaretur,
514 2604 544 2637 si
569 2615 589 2637 a
613 2617 671 2639 me
695 2605 836 2649 placido
860 2606 961 2638 vultu
987 2605 1152 2649 dignatus
1177 2609 1242 2636 aut
1272 2605 1380 2639 verbo
1414 2607 1506 2639 ami-

79 2650 175 2683 ciore
212 2650 414 2694 appellatus
451 2655 567 2690 esset,
601 2663 696 2684 nunc
728 2652 935 2696 petulanter
971 2651 1009 2683 in
1032 2662 1090 2683 me
1124 2650 1298 2685 insultare
1329 2662 1506 2698 suumque

79 2695 210 2729 fastum
251 2702 288 2729 et
321 2696 581 2740 malignitatem
620 2709 826 2743 expromere
858 2699 996 2743 possit?
1064 2696 1121 2732 ob
1154 2697 1259 2731 hasce
1294 2710 1414 2732 causas
1448 2709 1506 2732 me

79 2752 249 2787 meosque
272 2753 412 2776 servare
435 2743 550 2776 volui:
578 2748 615 2777 et
641 2745 739 2790 quod
763 2753 1020 2788 saepenumero
1042 2754 1126 2778 vere
1148 2741 1276 2778 beatus
1300 2745 1362 2778 ine
1387 2747 1504 2790 impe-

74 2793 176 2823 rator
217 2788 385 2835 urgebat,
421 2789 590 2836 quodque
615 2802 736 2828 omnes
762 2797 919 2833 norunt,
944 2791 1100 2828 inimicis
1124 2792 1351 2837 potissimum
1376 2803 1418 2827 eo
1442 2803 1505 2826 ne-
