1820 3152
529 168 910 238 ms'ronmnmu
950 197 1023 237 m.
1052 196 1120 241 86.
1436 165 1507 233 53
1521 195 1540 231 ι

112 298 255 351 άζοιτο
306 298 371 340 ἐπ’
419 295 551 339 αὐτὸν
592 295 614 338 ὅ
651 295 852 351 βασιλεύς
890 296 995 350 μετὰ
1044 298 1118 352 τῆς
1166 285 1383 352 Περσικῆς
1427 291 1590 350 ἥκεινΑ.
1601 293 1743 343 01345

111 365 313 420 στρατιᾶς
321 396 335 417 ,
393 361 617 416 πρεσβείας
658 363 854 415 πέμπων,
905 360 1109 417 παράγειν
1150 363 1370 416 ἐπειρᾶτο,
1412 358 1443 402 ἃ
1477 362 1552 403 καί

112 429 315 485 πρότερον
367 429 613 481 ἐξαπατῶν,
662 426 720 476 ὥς
756 426 874 484 αύτῷ
924 426 1056 469 πολλὰ
1087 428 1315 480 μεταμέλοι
1345 426 1418 480 τῆς
1444 425 1551 482 πρὸς

114 494 240 537 αὐτὸν
275 490 589 548 άγνωμοσύνης,
634 488 699 535 ὅτι
743 494 931 534 τοσαῦτα
959 487 1010 534 εὖ
1035 490 1206 544 παθών,
1247 490 1372 542 κακὸς
1398 491 1551 548 ὀφθείη

89 561 187 603 5καί
215 556 418 614 ἀμνήμων
444 561 526 600 τῶν
549 559 714 611 καλῶν,
742 560 815 599 καί
841 556 897 606 ὥς
924 559 965 600 εἰ
992 559 1237 613 συγγνώμην
1266 557 1382 614 αὐτῷ
1412 556 1552 613 παρά·

114 639 272 679 σχοιτο,
298 625 510 678 μηδέποτε
553 620 732 678 ὕστερον
775 619 1105 677 ἀγνωμονήσων,
1162 619 1269 664 dna
1315 619 1552 664 δουλεύσων

88 742 92 747 ⁵
116 689 316 744 ἀκριβῶς.
348 690 441 732 ἐπεὶ
473 690 519 731 δὲ
543 689 588 730 ἐκ
613 688 771 730 τούτων
800 689 917 745 αύτῷ
947 685 1096 743 ἠνύετο
1125 687 1249 729 οὐδὲν
1264 721 1277 741 ,
1308 688 1401 729 ἀλλ’
1427 689 1554 729 ἐπυν-

114 752 267 812 θάνετο
309 756 459 810 σαφῶς
501 754 701 796 ἐπιοῦσαν
739 751 814 808 τὴν
842 751 1070 809 στρατιάν,
1098 755 1237 795 πᾶσαν
1266 749 1343 809 ὅση
1374 750 1587 806 δύναμιςΒ

115 817 169 876 ἦν
206 822 306 875 περὶ
350 818 477 862 αὐτὸν
510 816 738 876 ἀθροίσας,
766 820 840 861 καί
866 817 990 868 αὐτὸς
1019 815 1173 874 ἐχώρει
1201 816 1258 868 ὥς
1286 819 1555 873 μαχούμενος

68 888 248 930 ιοπᾶσιν
275 883 381 944 ὃμοῆ
408 887 481 927 καί
504 884 726 939 Ῥωμαιόις
765 887 838 927 καί
862 885 1094 940 βαρβάροις
1110 901 1121 912 ·
1152 886 1213 933 εἰς
1242 882 1446 940 τοσαύτην
1470 881 1553 939 γάρ

116 950 247 994 αὐτὸν
274 952 564 1006 παραπληξίαν
591 948 619 1005 ἦ
651 946 774 993 ἄνοια
814 948 984 1005 ἐξήγαγε
1011 948 1087 992 καί
1110 949 1135 1005 ἧ
1162 947 1391 1006 θρασύτης.
1445 964 1555 1005 γενο·

114 1019 243 1072 μένου
285 1018 331 1058 δὲ
363 1018 408 1058 ἐν
437 1015 747 1074 Περιθεωρίῳ,
786 1018 858 1057 καί
884 1016 910 1071 ἦ
939 1014 1130 1072 Περσική
1157 1014 1334 1071 στρατιά
1363 1017 1555 1072 ἐφαίνετο

115 1085 290 1125 ἐπιοῦσα
308 1099 318 1109 ·
352 1081 444 1124 ἐπεὶ
472 1083 518 1124 δὲ
545 1081 744 1138 πρότερόν
773 1097 818 1123 τε
850 1083 1031 1124 ἐπέκειτο
1058 1087 1146 1131 τοῖς
1173 1083 1219 1123 ἐν
1263 1082 1558 1138 Περιθεωρίῳ,

115 1147 189 1190 καὶ
227 1145 316 1189 τότε
346 1145 572 1202 ἠνάγκαζεν
600 1148 892 1200 εἰσδέχεσθαι,
937 1147 1091 1188 ἐκεῖνον
1126 1148 1206 1200 μὲν
1242 1146 1319 1187 οὐκ
1348 1147 1556 1200 ἐδέχοντο,

66 1215 204 1258 ιόάλλ’
239 1214 488 1254 α’πέκλεισαν
527 1212 642 1270 αύτῷ
674 1210 754 1261 τὰς
790 1211 951 1265 πύλας,
987 1211 1087 1268 τούς
1114 1209 1359 1267 βαρβάρους
1396 1213 1557 1254 ἐπιδει-

115 1275 281 1328 κνύντες
303 1276 375 1319 καί
394 1276 634 1327 κελεύοντες
654 1279 714 1326 εἰς
729 1282 878 1333 χεῖρας
906 1278 1050 1326 αὐτοῖς
1077 1271 1183 1319 ι’ἔναι
1198 1311 1210 1330 ,
1240 1274 1297 1327 ὥς
1323 1282 1409 1326 τοῖς
1434 1277 1558 1318 νικῶ-

115 1360 184 1385 σιν
223 1339 354 1385 ἆθλον
390 1341 464 1398 τὴν
501 1341 618 1384 πόλιν
643 1344 842 1398 ἐσομένην
868 1344 944 1397 τῆς
972 1341 1270 1397 α’νδραγαθίας.
1326 1342 1395 1384 ἴνα
1424 1342 1470 1383 δὲ
1496 1341 1556 1397 μὴ

117 1409 278 1450 δοκοῖεν
308 1407 567 1450 παντάπασιν
589 1408 720 1449 αὐτοῦ
748 1404 1011 1464 ἀφίστασθαι
1029 1441 1041 1460 ,
1060 1408 1341 1464 (ἐδεδοίκεσαν
1370 1406 1466 1462 γάρ,
1493 1405 1555 1461 μῆ

115 1471 187 1515 τὸν
230 1474 418 1514 κίνδυνον
458 1470 789 1528 διαδιδράσκων,
819 1475 977 1528 πικρῶς
1017 1471 1169 1528 κολάζῃ
1197 1475 1268 1526 τῆς
1294 1472 1553 1526 προδοσίας·

63 1535 169 1594 αοῆν
194 1536 275 1594 γὰρ
310 1535 592 1592 α’παραίτητος
621 1536 727 1592 πρὸς
763 1536 916 1592 ὀργὰς,
946 1537 1018 1578 καὶ
1048 1538 1174 1590 ω’μῶς
1214 1537 1288 1579 καί
1327 1536 1595 1592 α’πανθριό-(Ξ
1630 1531 1637 1536 ”

118 1620 206 1654 πως
248 1604 499 1644 ἀποκτείνων
526 1601 624 1652 τούς
662 1601 1027 1658 προσκρούοντας,
1070 1602 1144 1643 καί
1180 1605 1252 1645 ἐπὶ
1287 1608 1452 1657 μικροῖς
1485 1606 1560 1646 καί

115 1671 303 1724 μείζοσιν
330 1666 559 1726 ἐγκλήμασι
596 1666 781 1710 θάνατον
816 1665 890 1722 τήν
934 1667 1087 1722 ζημίαν
1124 1667 1554 1724 καταψηφιζόμενος,)

118 1735 192 1778 τὸν
220 1730 664 1790 ιίδελφιδοῦν“Ράϊκον
697 1727 827 1787 ὄνομα
856 1733 1125 1788 εἰσεδέξαντο,
1155 1732 1405 1788 πεντήκοντα
1430 1730 1558 1786 μόνον

212 1826 266 1859 23.
291 1818 460 1871 τοῦνομα
484 1824 534 1861 Μ,
558 1834 626 1868 mg.

118 1908 233 1938 torem
268 1903 381 1936 Persis
414 1900 670 1936 adiuvantibus
703 1902 930 1946 expeditioni
962 1905 1087 1936 contra
1120 1911 1157 1935 se
1183 1900 1346 1946 accingi,
1371 1900 1556 1946 legatione

118 1951 248 1991 missa,
273 1954 391 1983 tentat
418 1960 520 1989 eum,
547 1954 589 1982 ut
611 1948 700 1982 alias
716 1973 726 1990 ,
752 1947 896 1982 ductare
921 1948 1036 1989 dolis,
1064 1953 1102 1981 et
1128 1959 1147 1980 a
1172 1949 1358 1992 proposito
1382 1953 1554 1981 avertere.

120 1996 282 2031 cruciari
323 2006 360 2030 se
395 1995 632 2029 vehementer
663 1994 708 2028 de
730 1995 908 2029 malevolo
933 1995 972 2029 in
998 1996 1116 2039 ipsum
1141 1996 1283 2033 animo,
1309 2004 1387 2026 cum
1415 1999 1470 2027 tot
1497 1994 1557 2028 af-

119 2044 235 2078 fectus
271 2042 316 2075 ab
350 2052 393 2075 eo
427 2041 638 2081 beneficiis,
669 2041 857 2075 inimicum
886 2053 924 2076 se
969 2043 1291 2086 immemoremque
1333 2040 1555 2085 praebuerit.

121 2090 161 2124 Si
201 2090 343 2128 veniam
381 2087 453 2122 sibi
488 2088 575 2128 det,
610 2099 798 2133 nunquam
834 2088 880 2122 de
916 2092 1036 2122 cetero
1070 2086 1212 2132 aliquid
1240 2087 1385 2120 sceleris
1411 2088 1450 2120 in
1473 2097 1557 2120 eum

120 2141 410 2170 attentaturum:
435 2135 499 2168 sed
525 2136 736 2168 examussim
767 2134 799 2168 ei
826 2135 1038 2178 pariturum.
1087 2135 1276 2179 Postquam
1304 2133 1416 2167 irritis
1441 2135 1559 2178 preci·

121 2183 190 2216 bus
217 2187 313 2216 certo
338 2181 543 2223 intellexit,
571 2180 767 2215 exercitum
790 2181 1004 2222 adventare,
1031 2180 1221 2214 contractis
1246 2184 1283 2212 et
1309 2180 1386 2223 ipse
1411 2181 1558 2225 quantis

121 2228 268 2263 valebat
304 2228 439 2274 copiis,
475 2228 521 2262 ad
560 2238 716 2272 Pugnam
753 2238 833 2261 cum
878 2228 1045 2261 Romanis
1089 2234 1199 2272 atque
1250 2225 1414 2259 barbaris
1450 2225 1559 2259 simul

121 2275 352 2323 pugnandam
376 2275 567 2320 processit:
598 2285 640 2308 eo
664 2285 821 2319 namque
846 2273 1035 2308 vecordiae
1068 2273 1179 2307 stulta
1203 2272 1308 2306 illum
1336 2271 1558 2306 confidentia

123 2322 331 2356 deduxerat.
394 2321 461 2354 Ubi
487 2321 532 2355 ad
557 2321 818 2355 Peritheorium
845 2320 933 2361 suit,
965 2326 1003 2354 et
1024 2321 1204 2354 Persicum
1228 2329 1354 2364 agmen
1378 2319 1558 2364 apparuit,

124 2380 206 2403 cum
243 2373 280 2402 et
315 2368 415 2412 prius
439 2368 486 2401 ad
510 2379 587 2401 eam
615 2367 739 2401 urbem
764 2367 974 2412 capiendam
998 2367 1244 2405 incubuisset,
1279 2371 1317 2399 et
1341 2361 1417 2398 tum
1442 2365 1478 2398 vi
1502 2365 1558 2398 ci-

123 2416 229 2450 vibus
265 2415 436 2455 instaret,
474 2419 515 2447 ut
538 2416 632 2448 intro
661 2415 905 2459 reciperetur,
931 2414 988 2446 illi
1012 2414 1124 2457 portis
1149 2412 1302 2446 occlusis
1326 2423 1364 2445 se
1388 2417 1555 2456 receptu-

125 2473 183 2497 ros
206 2465 406 2506 negarunt,
431 2460 602 2505 barbaros
627 2461 660 2494 ei
686 2466 929 2501 ostentantes,
956 2466 994 2494 ct
1017 2460 1062 2492 ad
1085 2460 1263 2505 proelium
1294 2469 1373 2491 cum
1397 2458 1442 2492 iis
1466 2469 1557 2492 con-

126 2507 317 2542 serendum
355 2507 566 2541 invitantes:
610 2511 736 2552 utpote
781 2508 961 2541 civitatem
996 2507 1139 2540 virtutis
1176 2505 1375 2550 praemium
1408 2503 1557 2538 habitu-

126 2556 195 2595 ris,
228 2555 293 2600 qui
332 2553 509 2591 vicissent.
562 2554 720 2594 Tamen,
752 2565 798 2587 ne
826 2565 968 2598 prorsus
997 2554 1111 2598 ipsum
1146 2552 1355 2585 viderentur
1378 2550 1557 2592 deserere,

126 2599 358 2645 (metuebant
398 2601 556 2645 quippe,
597 2612 643 2634 ne
675 2602 705 2633 si
741 2600 859 2633 salvus
895 2599 1086 2639 evasisset,
1137 2598 1299 2632 crudeles
1336 2597 1555 2642 proditionis

127 2659 261 2694 poenas
287 2651 462 2686 sumeret,
489 2646 587 2691 quod
611 2652 688 2679 erat
712 2646 897 2679 iracundia
922 2645 1166 2690 implacabili,
1192 2654 1341 2690 seseque
1366 2644 1551 2677 laedentes

129 2706 209 2727 curn
247 2694 397 2727 saevitia
441 2697 478 2725 et
511 2693 732 2726 immanitate
759 2691 1023 2732 interficiebat,
1048 2697 1084 2725 et
1107 2693 1147 2726 in
1172 2692 1310 2724 minora
1333 2690 1485 2736 perinde
1511 2694 1553 2723 ut

130 2741 171 2774 in
194 2741 328 2774 maiora
353 2739 485 2772 delicta
509 2739 663 2784 capitale
687 2738 902 2783 supplicium
936 2739 1143 2784 statuebat‚)
1180 2749 1225 2771 ex
1249 2737 1359 2771 fratre
1385 2742 1556 2780 nepotem

131 2788 278 2822 Raicum
309 2785 505 2827 vocabulo,
541 2786 804 2831 quinquagenis
829 2785 1015 2819 dumtaxat
1039 2784 1217 2819 militibus
1242 2785 1415 2829 stipatum
1439 2783 1559 2815 intro-
