1800 3146
261 169 374 238 448
794 185 1162 228 CANTACUZENl

64 296 249 342 A.c.i343
265 291 339 332 νῦν
378 290 456 341 μὲν
495 281 651 330 ἆπέλυε
695 286 795 336 τούς
830 289 1024 344 πρέσβεις
1060 281 1305 340 ἅναπαύλης
1331 285 1439 336 τινὸς
1465 292 1609 342 τυχεῖν
1635 290 1706 346 ἐφ’

259 350 310 412 ἧς
338 353 559 405 ἐξενίζοντο
589 352 736 402 οἰκίας.
792 354 851 402 εἷς
875 352 949 409 την
975 351 1203 408 ὑστεραίαν
1230 352 1276 392 δὲ
1305 352 1524 407 ἐκκλησίαν
1549 355 1595 395 ἐκ
1621 356 1707 396 τῶν

264 419 479 474 παρόντων
507 417 797 474 ποιησάμενος,
843 424 1106 472 μετεκαλεῖτο
1139 416 1210 459 καί
1235 414 1333 465 τούς
1370 418 1587 471 πρέσβεις,
1636 418 1711 460 καὶ

261 487 360 540 πρὶν
399 481 623 538 ἀπολογίαν
668 482 758 526 τινὰ
799 485 898 539 περὶ
938 479 995 526 ὧν
1034 486 1295 541 ἐπρέσβευονΔ
1320 481 1608 536 ποιήσασθαι,
1651 483 1704 525 ui

262 554 351 592 κατ’
392 548 521 591 αὐτὸν
562 549 621 598 εἷς
647 551 776 602 μέσον
803 553 1026 606 προύτίθει
1055 550 1245 606 ἑρευνᾷν.
1300 549 1372 589 καί
1399 544 1531 590 πάντα
1562 546 1731 604 ἐξητά-5

265 616 357 666 ζετο
391 613 493 668 μετὰ
520 613 595 669 την
623 615 830 667 βασιλέως
857 613 1065 668 τελευτὴν,
1096 615 1163 670 ἐφ’
1191 610 1252 661 οἷς
1279 610 1546 656 ἀπεδείκνυεν
1575 613 1708 656 αὑτὸν

221 681 332 722 Csina*
354 682 437 723 τῶν
465 682 676 736 πρέσβεων
705 680 843 736 ὄρθᾳῖς
871 681 944 722 καί
977 681 1148 728 δικαίως
1191 681 1266 721 καί,
1298 684 1384 727 τοῖς
1418 694 1462 720 τε
1502 682 1710 733 βασιλέως

266 745 390 788 παισὶ
433 745 506 787 καί
556 751 643 794 τοῖς
684 740 822 794 ἄλλοις
862 742 993 787 ἅπασι
1015 740 1249 796 ζΡωμαίοις
1278 743 1460 798 μάλιστα
1488 748 1710 794 λυσιτελῶς

141 811 261 856 V-482
274 812 631 865 πεπολιτευμένον.
687 811 850 852 ἐκέλευέ
879 826 922 852 τε
950 811 1023 851 καί
1047 809 1145 858 τούς
1171 811 1363 865 πρέσβεις
1392 811 1524 861 α’δεῶς
1550 814 1708 866 λέγειν,

265 876 309 918 εἴ
333 894 373 919 τι
415 874 549 930 ἔχοιεν
577 881 832 931 κατηγορεῖν,
864 874 920 924 ὥς
948 875 1069 931 λόγον
1097 875 1201 931 ὑπὲρ
1231 875 1393 918 πάντων
1420 873 1763 931 ποιησόμενοςαε)

270 941 342 982 καί
382 943 447 984 ἐπ’
475 943 599 991 ἐνίοις
629 939 923 996 ἀντιλεγόντων
952 942 1025 983 καὶ
1057 939 1350 995 ἐγκαλούντων,
1380 938 1410 983 ἃ
1436 939 1627 995 ἐνόμιζον
1657 942 1710 983 ιῖ-

268 1009 421 1060 δικεῖν,
463 1007 568 1062 ὑπὲρ
609 1005 777 1050 πάντων
805 1008 981 1049 ἐποιεῖτο
1010 1004 1144 1061 λόγον.
1200 1008 1324 1047 τοῦτο
1354 1007 1432 1059 μὲν
1471 1002 1548 1048 οὖν
1579 1007 1638 1055 εἷς
1668 1007 1710 1047 ἓ-

264 1089 365 1128 κτην
385 1075 535 1129 ἐφεξῆς
555 1070 712 1129 ἡμέραν
736 1074 929 1127 ἐτελεῖτο,
957 1074 1029 1114 καί
1055 1071 1126 1114 διὰ
1158 1073 1320 1114 πολλῶν
1347 1074 1430 1114 τῶν
1459 1067 1713 1123 ἀποδείξεων

264 1139 316 1180 τοὶ
359 1137 519 1192 ἔσχατα
557 1138 806 1193 ἠδικημένος
849 1136 1116 1180 ἀπεδείκνυτο
1161 1136 1183 1178 ὅ
1213 1135 1442 1190 βασιλεῦς,
1486 1136 1583 1188 δοῦξ
1612 1138 1659 1179 δὲ
1686 1135 1711 1177 ὅ

266 1206 398 1257 μέγας
436 1203 509 1245 καί
540 1202 577 1245 οἱ
606 1198 725 1246 ἄλλοι
760 1202 798 1245 οἱ
827 1202 899 1245 τὸν
927 1203 1106 1256 πόλεμον
1140 1201 1393 1256 κεκινηκότες
1422 1199 1473 1244 οὕ
1499 1203 1765 1259 συκοφάν-ιό

273 1286 345 1310 ται
372 1266 499 1322 μόνον
530 1267 604 1310 καί
631 1266 864 1323 α’γνώμονες
899 1269 1043 1316 δεινῶς
1071 1267 1168 1322 περὶ
1195 1264 1324 1309 αὐτὸν
1375 1267 1448 1309 καί
1468 1267 1711 1323 μοχθηρίας

229 1331 506 1390 Βῦπερβολὴν
545 1332 821 1383 ἐλλελοιπότες
865 1333 1085 1386 ου’δεμίαν,
1127 1330 1232 1374 α’λλὰ
1263 1334 1337 1375 καί
1361 1335 1445 1375 τῶν
1474 1331 1613 1389 φόνων
1641 1331 1716 1374 καὶ

269 1401 351 1441 τῶν
381 1401 731 1455 α’νδραποδισμῶν
761 1398 835 1441 καί
859 1401 940 1440 τῶν
965 1397 1157 1452 μεγάλων
1181 1400 1427 1453 συμφορῶν,
1457 1398 1712 1451 οιΐ“Ρωμαι’-

270 1480 342 1513 ους
369 1466 570 1518 κατέσχον
610 1465 684 1506 ἐπὶ
722 1466 804 1505 τῶν
837 1462 1005 1518 χρόνων
1034 1466 1109 1505 τοῦ
1137 1465 1332 1516 πολέμου,
1362 1462 1544 1516 μάλιστα
1572 1459 1714 1504 αἴτιαί-

268 1546 380 1573 τατοι
396 1530 667 1584 γεγενημένοι.
719 1526 828 1581 μετὰ
855 1530 900 1569 δὲ
919 1527 994 1583 τὴν
1023 1531 1140 1583 ἕκτην
1157 1527 1263 1582 πρὸς
1292 1526 1366 1583 τήν
1397 1524 1620 1581 ἀπολογίαν
1637 1543 1767 1570 noe-20

268 1597 445 1637 θίστατο
469 1593 544 1649 τὴν
571 1595 670 1650 περὶ
695 1596 770 1649 τῆς
798 1593 1031 1649 πρεσβείας,
1064 1594 1136 1635 καὶ
1166 1590 1254 1635 εἷπε
1282 1591 1435 1634 τοιοίδε.
1463 1588 1622 1645 „mid-{v
1642 1589 1713 1634 οὕ-

271 1678 330 1703 τω
362 1660 436 1703 καί
462 1658 583 1702 πόλιν
617 1661 1003 1715 δημοκρατουμένην
1032 1658 1104 1701 καί
1132 1660 1349 1713 βασιλείαν
1374 1655 1544 1711 μάλιστ’
1565 1652 1618 1700 ἂν
1635 1658 1716 1716 ῥᾳ-

274 1725 375 1775 δίως
403 1723 624 1767 καταλύειν
646 1723 833 1779 δύναιτο,
864 1723 920 1774 ὥς
951 1725 1117 1779 ἀνδρῶν
1147 1722 1330 1766 ἀπουσία
1355 1724 1536 1765 συνετῶν
1563 1724 1637 1770 καί
1659 1721 1711 1765 τοὶ

274 1794 420 1835 δέοντα
446 1793 777 1846 βουλευομένων.
832 1792 872 1833 εἰ
895 1792 973 1844 μὲν
999 1789 1080 1847 γάρ
1110 1789 1307 1832 τοιούτων
1335 1783 1363 1843 ἢ
1392 1790 1569 1831 πολιτῶν
1589 1789 1616 1844 ἧ
1635 1787 1710 1830 πό-

275 1948 361 1980 cilio
389 1957 408 1979 e
442 1945 694 1991 praesentibus
736 1947 809 1980 suis
846 1951 993 1985 coacto,
1024 1946 1160 1989 legatos
1190 1944 1299 1977 etiam
1324 1941 1494 1983 advocat,
1525 1942 1568 1976 ac
1589 1943 1714 1988 prius-

275 2005 382 2040 quam
418 1995 469 2027 eis
506 1993 719 2038 respondet,
763 2003 906 2026 causam
933 2002 1031 2025 suam
1060 1991 1107 2024 ad
1132 1990 1380 2036 quaestionem
1407 1988 1451 2022 de
1477 1999 1519 2020 ea
1544 2000 1715 2024 exercen-

279 2041 361 2073 dam
390 2040 427 2073 in
454 2040 613 2073 medium
640 2039 822 2083 proponit.
883 2040 1085 2084 Inquiritur
1108 2038 1148 2069 in
1172 2041 1248 2069 acta
1276 2037 1353 2069 eius
1382 2035 1503 2068 omnia
1529 2032 1614 2082 po'st
1634 2032 1713 2070 An-

276 2087 415 2121 dronici
453 2087 679 2131 imperatoris
713 2085 852 2118 obitum
892 2090 928 2117 et
971 2085 1098 2129 legatis
1134 2082 1362 2123 ostenditur,
1384 2082 1497 2126 probe
1519 2107 1528 2123 ,
1556 2083 1649 2117 iuste
1675 2087 1714 2116 et

276 2145 356 2167 cum
390 2144 527 2166 summa
561 2138 638 2166 tum
674 2131 832 2165 filiorum
867 2131 1116 2175 imperatoris,
1157 2135 1234 2163 tum
1272 2129 1512 2162 Romanorum
1551 2130 1712 2163 omnium

276 2180 438 2214 utilitate
471 2179 523 2213 rei
550 2178 717 2224 publicae
743 2178 951 2223 praefuisse.
1001 2176 1106 2210 Iubet
1132 2177 1219 2208 item
1246 2186 1306 2208 eos
1333 2174 1514 2218 intrepide
1537 2176 1714 2220 proferre,

277 2227 309 2260 si
335 2226 438 2271 ,quid
469 2225 657 2264 haberent,
688 2224 964 2270 reprehendere,
1006 2229 1047 2256 ut
1076 2222 1253 2268 rationem
1294 2223 1455 2254 omnium
1492 2221 1712 2256 redditurus.

275 2273 353 2306 Illis
378 2271 553 2316 quaedam
577 2271 706 2304 horum
733 2275 775 2303 ut
797 2271 931 2304 iniusta
955 2268 1228 2308 accusantibus,
1259 2267 1305 2300 ad
1341 2268 1482 2312 singula
1506 2266 1712 2313 respondet.

277 2319 320 2352 In
361 2318 430 2351 ista
465 2319 608 2352 actione
643 2327 704 2350 sex
738 2316 907 2362 deinceps
935 2315 1012 2349 dics
1044 2314 1189 2348 contriti
1216 2319 1322 2354 sunt,
1346 2314 1585 2360 pluribusque
1607 2325 1714 2359 argu-

277 2365 407 2398 mentis
449 2370 485 2397 et
524 2363 801 2408 probationibus
827 2363 1130 2400 demonstratum,
1155 2361 1306 2393 iniurias
1331 2362 1584 2406 imperatorem
1609 2371 1714 2395 acce-

277 2412 374 2456 pisse
403 2411 509 2456 longe
534 2410 818 2455 indignissimas,
845 2415 882 2442 et
905 2419 1069 2453 magnum
1100 2407 1225 2440 ducem
1251 2407 1413 2454 aliosque
1453 2406 1543 2440 belli
1576 2413 1713 2441 satores

278 2468 354 2490 non
379 2457 619 2501 sycophantas
645 2456 760 2490 solum
800 2461 835 2489 et
869 2455 908 2487 in
934 2466 1014 2489 eum
1042 2454 1275 2488 vehementer
1299 2455 1454 2499 ingratos
1479 2458 1515 2486 et
1539 2454 1714 2499 quantum

280 2504 353 2537 dici
391 2514 464 2537 non
501 2508 623 2548 potest
656 2503 870 2542 sceleratos,
907 2501 970 2535 sed
1006 2501 1169 2534 caedium
1208 2512 1355 2546 quoque
1393 2506 1430 2535 et
1461 2496 1640 2534 servitutis
1675 2504 1714 2533 et

278 2560 530 2584 aerumnarum
563 2549 784 2594 ingentium,
818 2558 912 2595 quae
951 2547 1042 2580 belli
1081 2552 1243 2591 tempore
1282 2548 1458 2581 Romanos
1501 2546 1712 2586 obruerunt,

275 2596 427 2640 primam
453 2607 591 2629 causam
617 2597 809 2629 exstitisse.
846 2596 928 2629 Post
956 2594 1050 2634 diem
1074 2598 1212 2626 sextum
1238 2593 1363 2638 legatis
1389 2605 1443 2628 res
1473 2602 1598 2626 onsum
1626 2592 1711 2626 dare

277 2642 493 2682 instituens,
530 2642 579 2676 ita
616 2653 718 2675 orsus
756 2647 819 2675 est.
875 2640 983 2675 Nulla
1025 2651 1080 2673 res
1116 2645 1152 2672 et
1189 2639 1315 2673 urbem
1351 2651 1447 2684 popu
1465 2642 1516 2674 ari
1549 2644 1712 2672 utentem.

277 2693 483 2733 potestate,
516 2693 552 2721 et
593 2700 742 2732 regnum
782 2698 845 2721 seu
870 2686 1111 2720 monarchiam
1136 2686 1313 2731 imprimis
1338 2692 1412 2719 tam
1436 2686 1542 2719 facile
1567 2685 1711 2727 evertit,

280 2745 386 2780 quam
413 2745 432 2766 a
460 2734 699 2778 prudentibus
744 2738 780 2768 et
813 2738 1014 2778 opportune
1043 2731 1317 2766 consulentibus
1351 2731 1520 2766 solitudo.
1549 2731 1712 2764 *Etenim

281 2781 312 2814 si
345 2779 479 2814 talibus
515 2785 578 2813 aut
614 2781 750 2816 civibus
792 2781 939 2823 civitas,
974 2785 1035 2814 aut
1067 2779 1256 2824 praefectis
1293 2789 1440 2823 regnum
1459 2776 1712 2822 abundaverit,
