1800 3132
521 186 904 229 nls'romARUM
945 190 1018 230 ιιι.
1059 189 1127 235 58.
1431 172 1545 248 357

98 286 319 341 ρέχοντος,
347 283 524 343 ἔφασαν,
553 284 680 342 ἑτέρῳ
709 301 767 343 τῳ
794 288 1162 343 προσταχθείημεν
1188 290 1452 345 ἐπικουρεῖν,
1486 290 1639 336 οῖ’-ΔΒ.
1658 302 1744 347 ι343

99 366 165 392 κοι
188 353 266 404 μὲν
292 350 438 395 καὶέν
464 351 675 410 ἀσφαλείᾳ
703 353 958 407 καθεστῶτι,
988 354 1146 412 ῥᾳδίως
1165 356 1452 411 ἀποσταίημεν
1481 354 1550 413 ἂν,

99 418 174 458 τοῦ
214 415 288 459 τὸν
322 414 479 470 μισθὸν
515 419 776 472 παρέχοντος
817 416 1076 468 κελεύοντος·
1144 425 1462 480 στρατευομένῳ
1503 426 1551 467 δὲ

101 481 178 524 καί
200 480 305 537 πρὸς
332 479 478 538 μα’χην
508 485 877 541 παρατεταγμένη),
907 485 958 526 οὔ
957 502 989 539 χ
1018 485 1139 540 ἡμῶν
1167 482 1276 528 εἶναι
1296 488 1551 532 ἀπολείπειν.

74 546 327 603 5προδοσίαν
361 546 443 604 γὰρ
483 543 679 604 ἄντικρυς
717 548 762 592 τὸ
805 553 980 606 πρᾶγμα
1009 549 1138 593 εἶναι·
1196 547 1248 595 οὗ
1274 555 1357 596 τῶν
1382 554 1551 598 πάντων

98 613 223 654 ου’δὲν
251 611 576 669 α’τολμητότερον
606 614 729 670 ἡμῖν,
770 615 874 657 οὐδὲ
909 618 1040 670 μείζω
1071 620 1191 674 φέρει
1219 617 1297 674 την
1322 618 1546 676 αἰσχύνην.

99 679 155 719 δι’
181 674 210 719 ἃ
241 675 341 720 οῦδὲ
371 681 420 722 σὲ
443 681 751 736 καταλείψομεν
777 682 946 735 ἐνθάδε,
975 679 1116 739 ὥσπερ
1134 685 1348 727 ἐκέλευσεν
1374 686 1543 739 ἐκεῖνος,
1557 691 1592 726 Ρ.
1603 690 1671 737 548

97 738 191 787 ἀλλ’
215 744 260 786 ἐν
290 746 502 803 α’σφαλείᾳ
531 744 634 788 οἴκοι
663 748 999 802 καταστήσαντες
1027 747 1368 805 α’ναχωρῆσομεν.
1425 767 1548 793 συνε-

96 805 299 861 βούλευόν
335 826 379 851 τε
404 809 463 866 μὴ
493 813 685 866 μέλλειν,
726 813 820 855 ἀλλ’
852 814 911 864 εἰς
944 810 1161 871 Βέρῥοιαν
1186 814 1367 869 τάχιστα
1393 816 1550 872 ἐπανή-

51 885 210 916 ιοκειν·
265 873 443 932 Κράλην
469 876 548 933 γὰρ
578 879 702 932 δῆλον
729 873 808 934 ἤδη
838 875 947 921 εἶναι
973 880 1182 936 ᾑρημένον
1205 886 1413 934 πολεμεῖν.
1467 885 1551 936 βα-

94 938 239 990 σιλευς
279 943 326 984 δὲ
366 942 512 993 αὐτοῖς
550 946 622 999 τῆς
648 945 708 993 εἰς
735 941 865 987 αὐτὸν
892 947 1057 996 εὐνοίας
1084 946 1156 989 καί
1179 949 1262 989 τῶν
1286 945 1450 1002 τρόπων
1471 942 1550 1003 ἱτῆς

95 1005 303 1060 εὐγενείας
330 1008 581 1062 ἐπαινέσας,
611 1009 804 1053 ἐπείθετό
835 1025 880 1052 τε
907 1010 981 1053 καί
1006 1009 1286 1068 ἀνέστρεφεν,
1329 1008 1356 1070 ᾗ
1396 1015 1549 1055 ἐκεῖνοι

98 1070 424 1126 συνεβούλευον,
467 1076 602 1130 μηδὲν
627 1076 711 1117 τῶν
737 1078 1033 1130 μελετωμένων
1060 1080 1218 1134 πρᾶξαι
1246 1080 1446 1133 δυνηθείς
1474 1076 1547 1121 διά

95 1135 172 1191 τὴν
204 1135 360 1193 Κράλη
385 1137 572 1191 μάλιστα
598 1140 849 1197 μεταβολήν.
907 1142 933 1197 ἦ
966 1144 1013 1184 δὲ
1041 1144 1087 1185 ἐν
1118 1143 1401 1202 Θεσσαλονίκῃ
1421 1161 1549 1199 στρα-

48 1200 191 1255 ι5τιά,
230 1199 288 1254 ὥς
314 1201 520 1247 ἐπύθοντο
549 1209 729 1259 βασιλέα
758 1208 1093 1265 ἀναστρέφοντα,
1135 1212 1209 1263 τῆς
1246 1207 1404 1258 πόλεως
1434 1211 1548 1260 ἐξελ·

95 1265 254 1322 θόντες,
287 1272 447 1312 εἵποντο
468 1273 548 1324 μὲν
566 1270 639 1315 καί
652 1279 858 1328 παρεῖχον
886 1272 1068 1330 δόκησιν,
1098 1274 1156 1325 αἷς
1186 1277 1546 1329 προσβαλοῦντες,

97 1334 173 1375 οὐκ
193 1333 380 1388 ἐτόλμων
405 1338 451 1379 δὲ
479 1339 810 1393 συμμίγνυσθαι.
866 1344 938 1395 τῆς
967 1341 1101 1396 αὐτῆς
1129 1342 1176 1383 δὲ
1207 1341 1370 1396 ἡμέρας
1396 1341 1471 1382 καί
1499 1342 1545 1382 ἐκ

95 1402 177 1442 τῶν
224 1401 269 1443 ἐν
315 1402 595 1460 Θεσσαλονίκῃ
632 1406 766 1461 φίλων
802 1403 1029 1462 γράμματα
1068 1405 1174 1461 πρὸς
1216 1408 1396 1459 βασιλέα
1446 1400 1580 1461 ἧκε,Β

95 1463 310 1520 μηνύοντα
348 1465 405 1516 ὥς
443 1469 516 1522 τῆς
554 1471 683 1524 αὐτῆς
716 1470 880 1526 ἡμέρας
914 1471 1181 1521 ’.4πόκαυκος
1221 1469 1243 1513 ὅ
1268 1471 1402 1526 μέγας
1443 1471 1545 1524 dod}

43 1532 249 1576 aovavffl'v
291 1529 577 1587 ἑβδομήκοντα
614 1534 838 1588 Ῥωμαίων
893 1537 1176 1593 Θεσσαλονίκῃ
1220 1539 1429 1593 προσχοίη
1474 1537 1550 1580 καί
1561 1543 1685 1589 V-44o

97 1595 374 1651 συμμαχίδας
399 1593 511 1652 ἄγων
539 1599 759 1654 Περσικὰς
790 1598 866 1642 δύο
893 1600 966 1642 καί
990 1600 1241 1655 τριάκοντα,
1287 1604 1361 1644 καί
1379 1601 1479 1651 τούς
1510 1601 1557 1644 ἐκ

97 1664 338 1714 Βυζαντίου
376 1666 450 1706 καί
492 1662 660 1722 Θρᾴκης
700 1664 774 1707 καί
816 1668 1090 1716 Μακεδονίας
1131 1664 1284 1715 ἱππέας
1322 1669 1376 1708 ου’
1414 1670 1557 1727 πολλῷ

97 1725 275 1785 ὕστερον
303 1730 609 1786 προσόόκιζιιους
635 1727 742 1774 εἶναι
767 1727 890 1787 ἥξειν.
960 1731 1060 1782 τούς
1088 1733 1167 1786 μὲν
1195 1726 1272 1774 οὖν
1299 1735 1454 1789 φίλους
1479 1735 1556 1789 τῆς

96 1857 240 1896 gentem
275 1863 376 1886 suam
413 1852 614 1888 audituros.
677 1854 716 1887 Si
754 1855 851 1888 enim
883 1854 928 1888 ab
955 1865 1023 1896 eo,
1062 1856 1125 1901 qui
1159 1854 1345 1899 stipendia
1368 1862 1553 1900 numerat,

97 1898 341 1943 inquiebant,
378 1899 534 1933 alterum
575 1900 784 1947 quempiam
816 1901 915 1935 domi
940 1912 1068 1935 secure
1094 1901 1282 1936 sedentem
1311 1902 1484 1938 adiuvare
1509 1915 1553 1938 ac

99 1943 296 1979 defendere
320 1947 410 1980 iussi
437 1957 594 1980 essemus
613 1974 623 1990 ,
654 1947 763 1982 facile
788 1947 835 1982 ad
861 1949 939 1982 eius
970 1949 1164 1992 imperium
1192 1949 1473 1984 desisteremus:
1502 1950 1551 1982 ab

99 2001 144 2025 eo
183 1997 328 2033 autem,
355 1994 420 2039 qui
457 1995 655 2028 exercitum
691 1995 803 2029 ducat
838 1999 874 2028 et
911 1994 958 2028 ad
991 2006 1147 2040 pugnam
1194 1996 1289 2029 acies
1315 1994 1551 2041 disposuerit,

97 2037 278 2079 deficere,
312 2050 333 2072 a
362 2040 498 2073 nostris
536 2042 698 2075 moribus
727 2040 919 2082 abhorret,
955 2052 1034 2074 cum
1064 2042 1113 2074 sit
1149 2042 1344 2075 manifesta
1367 2042 1551 2087 proditio:

98 2088 142 2116 ut
180 2084 335 2129 proinde
360 2086 456 2120 nihil
485 2097 529 2120 ex
553 2087 724 2121 omnibus
749 2087 869 2121 minus
895 2088 1122 2122 commissuri
1149 2089 1261 2121 simus
1279 2114 1289 2128 ,
1315 2088 1554 2134 quandoqui-

98 2130 181 2163 dem
200 2141 274 2164 nou
297 2131 398 2166 aliud
415 2133 521 2166 nobis
541 2133 743 2168 foediorem
765 2133 953 2168 dedecoris
974 2140 1096 2168 notam
1122 2135 1305 2168 inusserit.
1333 2134 1444 2180 Quod
1467 2147 1552 2170 eum

97 2176 150 2210 ita
172 2177 238 2217 sit,
261 2183 378 2211 necte
402 2178 464 2213 hic
483 2179 701 2220 deseremus,
725 2186 767 2214 ut
792 2181 856 2214 ille
881 2182 1010 2214 iussit:
1036 2181 1100 2215 sed
1119 2193 1199 2214 cum
1226 2185 1262 2214 te
1282 2181 1380 2216 domi
1402 2182 1440 2214 in
1466 2187 1548 2216 tuto

97 2224 403 2265 constituerimus,
431 2226 653 2261 recedemus.
678 2227 886 2267 Addebam,
897 2238 944 2260 ne
965 2229 1259 2272 procrastinaret,
1285 2227 1349 2260 sed
1373 2228 1551 2262 Berrhoe-

96 2281 154 2303 am
169 2270 285 2314 primo
303 2282 448 2317 quoque
466 2277 630 2318 tempore
655 2273 810 2307 rediret:
840 2275 911 2307 iam
927 2275 1023 2308 euim
1045 2276 1132 2308 satis
1150 2274 1307 2319 liquem,
1332 2274 1474 2308 cratem
1492 2287 1551 2308 ar-

97 2326 158 2349 ma
182 2317 350 2361 cogitare.
399 2318 598 2363 Imperator
623 2330 683 2353 eos
709 2321 754 2353 de
781 2320 922 2365 egregia
955 2322 996 2354 in
1018 2332 1056 2353 se
1081 2321 1306 2354 humanitate
1331 2332 1550 2368 morumque

98 2362 326 2405 ingenuitate
341 2364 563 2407 collaudans,
574 2378 646 2413 quo
663 2366 868 2400 suadebant
885 2367 991 2408 redit,
1006 2374 1154 2412 propter
1169 2367 1286 2400 Cralis
1302 2368 1548 2402 mobilitatem

97 2408 196 2442 nihil
231 2419 357 2443 eorum
397 2417 605 2453 exsecutus,
642 2424 733 2458 quae
772 2419 961 2450 statuerat.
1020 2414 1094 2458 Qui
1131 2419 1235 2446 erant
1262 2412 1548 2450 Thessalonicae

99 2455 258 2495 milites,
291 2461 332 2489 ut
360 2458 613 2501 imperatorem
652 2461 841 2493 recessisse
877 2466 1113 2504 acceperunt,
1148 2459 1243 2492 foras
1268 2470 1306 2492 se
1334 2459 1542 2502 educentes,

98 2500 328 2535 recedentem
371 2503 526 2538 insecuti
568 2512 673 2547 sunt,
722 2506 1021 2550 impressionem,
1066 2512 1107 2539 ut
1149 2505 1370 2551 apparebat,
1403 2507 1548 2546 facturi.

100 2548 268 2583 Ceterum
305 2550 398 2582 ciere
425 2561 578 2595 pugnam
605 2563 679 2586 non
706 2551 901 2586 audebant.
952 2552 1087 2586 Eodem
1114 2552 1172 2584 die
1200 2552 1245 2584 ab
1274 2554 1398 2587 amicis
1424 2554 1546 2589 'l'hes-

99 2594 260 2628 salonica
290 2595 461 2640 seriptum
485 2602 560 2637 est,
583 2597 709 2635 eadem
752 2599 833 2633 luce
858 2598 1114 2644 Apocauchum
1151 2599 1382 2642 septuaginta
1419 2601 1548 2635 Roma-

99 2652 229 2679 norum
260 2647 296 2675 et
322 2643 471 2676 Persicis
495 2643 723 2679 subsidiariis
750 2645 892 2678 duabus
918 2650 955 2678 et
990 2646 1138 2689 triginta
1166 2645 1320 2680 navibus
1348 2645 1547 2681 Thessalo-

100 2687 216 2721 nicam
250 2689 454 2733 appulisse:
502 2690 691 2733 Byzantios
723 2692 837 2731 item,
883 2691 1041 2724 Thracas
1077 2696 1113 2724 et
1148 2690 1366 2725 Macedonas
1402 2695 1546 2740 equites

102 2745 175 2770 non
212 2735 326 2767 multo
358 2741 440 2779 post
471 2742 639 2770 venturos
675 2739 888 2783 exspectari.
939 2739 1142 2781 imperator
1166 2738 1298 2771 amicos
1332 2739 1378 2771 de
1412 2741 1543 2773 nuntio

102 2779 263 2818 laudavit
298 2787 335 2816 et
369 2782 414 2817 ad
449 2782 580 2819 Axium
606 2784 740 2820 flumen
779 2784 1098 2831 appropinquans.
1140 2784 1238 2832 quod
1263 2796 1307 2820 ex
1332 2786 1543 2833 largissimis
