1800 3138
523 165 902 208 HISTORIARUM
943 166 1015 206 111.
1042 168 1107 211 [17.
1430 136 1540 197 283

102 285 172 313 νον
196 271 271 312 καί
294 263 450 312 ἄπιστα
487 267 736 320 εὕτυχῆσαι,
783 262 934 313 πάντες
973 263 1062 306 ἴστε
1091 268 1257 315 πολλοῖς
1283 261 1538 318 ὡμιληκότες
1551 269 1634 304 A.C.
1651 270 1738 316 1342

103 335 354 391 πράγμασιν,
423 332 472 374 οὖ
508 330 594 387 μὴν
634 329 704 372 διὰ
734 332 858 371 τοῦτο
887 327 1024 372 πάντα
1052 330 1139 386 χρὴ
1169 331 1378 372 πιστεύειν
1407 344 1545 384 παρα-

102 402 352 457 κοιμωμένῳ.
418 392 452 456 ᾤ’
489 396 569 452 γὰρ
601 394 678 450 ὅ,τε
717 397 807 449 βίος
834 398 1087 446 ε’πίπλαστος
1117 394 1186 438 ἆεί
1219 398 1292 439 καί
1316 395 1546 447 σκαιωρίας

102 465 174 509 καὶ
198 463 356 519 ἀπάτης
380 466 518 518 γέμων
555 465 629 504 καί
671 462 694 504 ὅ
725 461 844 516 λόγος
875 464 1131 515 ἐψευσμένος
1169 465 1243 504 καί
1270 458 1393 503 οὐδὲν
1420 456 1544 501 οὐδέ-

77 530 204 573 5ποτε
221 529 329 584 ἔχων
347 530 472 584 ὑγιὲς,
492 532 579 578 πῶς
610 525 662 571 ἄν
688 545 752 577 τις
769 527 1005 570 πιστεύσειε
1023 530 1116 570 νυνί
1135 530 1332 583 εἰρῆσθαι
1350 527 1541 582 τιῖληθῆς

102 597 144 638 εἰ
183 597 230 637 δὲ
267 598 340 636 καί
376 595 515 651 ἀληθῆ
555 594 608 637 τὰ
650 595 873 649 εἰρημένα,
915 594 1006 634 ἀλλ’
1048 595 1099 635 ου’
1125 594 1404 645 παντάπασιν,
1433 590 1540 634 duci

101 663 277 703 τοιαῦτα
303 658 414 703 εἶναι
443 659 496 702 τά
527 662 789 715 γεγενημένα,
819 656 887 702 οἷα
914 663 1087 713 βασιλεῖ
1107 658 1264 716 μικρὰν
1292 661 1543 714 δυσχέρειαν

101 729 397 782 παρεσχημένοι
417 760 430 779 ,
472 726 629 784 ῥᾳδίως
655 725 778 767 πάλιν
806 728 1170 780 ἐπανορθωθῆναι.
1224 723 1344 778 ὑμῶν
1373 725 1419 766 δὲ
1447 726 1543 766 ἕκα-

101 808 199 841 στος
226 794 301 834 νῦν
326 794 404 845 μὲν
435 787 538 846 ἄχρι
563 794 647 833 τῶν
674 789 929 845 πραγμάτων
953 792 1154 846 ἐξουρίων
1193 791 1434 846 φερομένων
1470 790 1543 830 ου’-

53 860 249 911 ιοδεμιάν
291 856 391 912 ἔσχε
427 857 641 914 πρόφασιν
673 855 748 912 τήν
785 872 828 898 τε
866 856 1080 910 εὖψυχίαν
1115 858 1188 898 καί
1209 854 1366 908 τόλμαν
1392 855 1466 911 τήν
1495 857 1586 898 ἐνί)

100 930 186 973 τοῖς
222 925 372 973 δεινοῖς
412 925 486 965 καί
519 923 596 979 τὴν
632 923 799 966 σύνεσιν
834 921 922 976 ἅμα
951 921 1241 972 ἐπιδείξασθαι
1269 923 1342 963 καί
1365 920 1440 975 τὴν
1467 917 1538 962 εὖ·
1554 923 1597 961 V.
1615 922 1685 968 406

101 1005 241 1042 νοιαν,
283 988 335 1045 ἣν
372 988 462 1043 ἔχει
488 992 588 1044 περὶ
612 992 788 1043 βασιλέα
816 992 888 1030 καί
912 987 1009 1038 τούς
1038 990 1206 1038 παῖδας.
1263 987 1361 1030 νυνὶ
1388 989 1435 1028 δὲ
1462 982 1544 1043 ἤδη

101 1058 185 1098 τῶν
211 1057 467 1112 πραγμάτων
496 1052 824 1110 παρασχόντων,
866 1056 940 1096 καί
966 1054 1125 1104 πάντας
1153 1052 1262 1107 ὅμοῦ
1288 1056 1363 1095 καί
1388 1052 1476 1110 ἰδίᾳ
1503 1056 1544 1096 ἓ-

101 1137 254 1163 καστον
291 1124 363 1163 καί
400 1120 477 1176 τήν
517 1122 685 1163 σύνεσιν
725 1120 799 1162 καὶ
838 1120 916 1175 τὴν
961 1122 1187 1173 ευᾟουλίαν
1229 1119 1546 1162 ἐπιδείκνυσθαι

53 1186 239 1243 ιόχρεών
268 1190 342 1230 καί
366 1190 438 1230 ἐπὶ
463 1193 549 1237 τοῖς
571 1186 708 1242 ἔργοις
736 1190 964 1244 φαίνεσθαι
999 1185 1183 1240 ὁμοίους,
1217 1186 1298 1238 ὥς,
1328 1180 1380 1227 ἂν
1407 1186 1545 1227 οἷπῶσι

102 1251 155 1295 τὰ
184 1252 438 1308 πράγματα,
465 1256 548 1295 τῶν
576 1253 708 1307 λόγων
734 1252 918 1294 οὐδένων
947 1247 1089 1294 ὄντων.
1156 1251 1209 1294 τὰ
1237 1254 1315 1305 μὲν
1343 1245 1417 1292 οὖν
1442 1250 1544 1306 ἔργα

101 1315 277 1374 ὕστερον
295 1320 603 1372 έπιδειξόμεθα,
629 1318 749 1374 ἡνίκα
777 1315 829 1360 ἂν
859 1321 957 1375 δέῃ·
1012 1318 1106 1360 νυνί
1132 1319 1178 1359 δὲ
1199 1319 1423 1372 α’ναγκαΐον
1438 1314 1544 1371 γνώ·

102 1400 185 1439 μην
213 1386 386 1426 ἕκαστον
416 1381 619 1438 εἰσάγειν,
658 1380 688 1442 ᾗ
722 1383 807 1439 χρὴ
837 1387 1145 1440 τραπομένους,
1174 1386 1288 1440 σφᾶς
1316 1399 1360 1425 τε
1389 1380 1544 1431 αὐτούς

104 1451 177 1495 καί
207 1449 283 1503 τὴν
318 1444 445 1503 ἄλλ-ην
485 1448 606 1491 πόλιν
652 1450 885 1501 διασώζειν.
952 1447 1001 1491 οὖ
1029 1448 1111 1506 γὰρ
1141 1447 1370 1504 ἡσυχάσειν
1397 1449 1543 1501 οἴομαι

51 1511 498 1570 ποπαρακοιμώμενον,
527 1511 632 1557 dm
660 1517 821 1569 ταχέως
847 1515 945 1571 ἡμῖν
973 1514 1309 1571 ἐπιστρατεύσειν
1319 1548 1332 1567 ,
1360 1513 1444 1568 εἴγε
1473 1509 1660 1556 ὅν-Ρ.5ο5

105 1597 186 1628 τως
228 1582 370 1635 ‹inq-⁹15
403 1581 455 1621 τὰ
495 1583 593 1637 περὶ
635 1583 841 1634 βασιλέως
879 1581 941 1635 εἴη
968 1583 1210 1635 εἰρημένα.”
1259 1581 1439 1635 Ἀσάνης
1465 1585 1544 1634 μὲν

103 1643 180 1687 οὖν
214 1646 388 1688 τοιαῦτα
426 1646 636 1689 ἐπαύσατο
664 1645 806 1689 εἰπών.
861 1646 1178 1700 Κομιτόπουλος
1207 1649 1253 1689 δὲ
1283 1647 1430 1689 αὐτίκα
1458 1646 1541 1688 ὖπὸ

101 1712 345 1769 προθνμιῖις
386 1713 459 1756 καὶ
492 1715 563 1769 τῆς
594 1716 693 1770 περὶ
724 1717 900 1768 βασιλέα
936 1713 1101 1762 εὐνοίας
1128 1713 1331 1768 κινηθείς,
1362 1712 1544 1762 ἀναστὰς

102 1896 191 1930 fides
215 1896 433 1942 Apocaucho
459 1897 629 1932 habenda
654 1902 718 1931 est.
769 1898 836 1932 Cui
861 1900 958 1931 enim
982 1899 1055 1931 vita
1081 1909 1223 1943 semper
1241 1899 1409 1932 simulata
1459 1908 1542 1942 pra-

101 1945 296 1989 vitatisque
319 1956 360 1978 ac
384 1945 549 1978 fallaciae
579 1946 687 1990 plena
713 1949 750 1978 et
774 1957 890 1979 sermo
928 1945 1083 1978 mendax
1129 1945 1298 1991 nihilque
1322 1943 1475 1990 probum
1502 1956 1543 1977 ac

102 1991 282 2024 sincerum
316 2003 473 2036 unquam
510 1992 722 2032 continens,
771 1994 835 2038 qui
868 1992 1014 2025 tandem
1051 2002 1134 2024 eum
1168 2003 1264 2025 nunc
1291 2002 1374 2025 vera
1408 1991 1542 2025 dixisse

101 2039 291 2083 quisquam
316 2038 536 2073 crediderit?
565 2038 637 2072 Sed
659 2039 784 2072 demus
808 2051 890 2072 vera
915 2050 1012 2073 esse:
1044 2044 1082 2072 at
1108 2051 1182 2071 non
1208 2037 1445 2080 omnimodis3
1477 2038 1542 2071 sed

101 2083 205 2124 talia,
236 2096 329 2130 quae
354 2095 434 2118 cum
468 2086 676 2131 imperatori
713 2097 862 2130 parvum
894 2086 1062 2120 dederint
1097 2085 1390 2126 incommodum,
1429 2095 1540 2130 parvo

100 2131 246 2174 negotio
270 2132 396 2176 corrigi
419 2138 578 2176 possunt.
626 2132 794 2166 Vestrum
821 2140 941 2167 autem
965 2133 1217 2178 uuusquisque
1242 2143 1358 2177 usque
1379 2132 1419 2164 in
1445 2131 1542 2165 hanc

102 2176 220 2218 diem,
250 2178 334 2212 dum
371 2190 427 2212 res
457 2180 655 2214 secundum
682 2191 824 2214 cursum
850 2182 927 2214 sine
953 2180 1077 2226 aliqua
1106 2179 1306 2213 offensione
1330 2183 1541 2219 tenuerunt,

101 2225 408 2269 magnanimitatis
444 2236 486 2258 ac
518 2227 748 2260 fortitudinis
773 2238 858 2260 suae
887 2228 925 2260 in
958 2225 1068 2260 rebus
1104 2225 1282 2265 turbidis,
1320 2225 1539 2270 prudentiae

99 2271 187 2304 item
207 2273 463 2317 caritatisque,
494 2285 565 2319 qua
596 2275 855 2319 imperatorem
889 2279 926 2307 et
959 2274 1054 2307 filios
1085 2274 1163 2307 eius
1196 2271 1539 2317 comprehenderet,

99 2318 337 2352 ostentandae
362 2320 584 2354 occasionem
608 2320 746 2354 nullam
775 2325 900 2354 nactus
928 2324 992 2354 est.
1041 2320 1166 2359 Nunc,
1202 2320 1375 2364 quoniam
1402 2329 1440 2352 se
1467 2318 1538 2352 ob·-

99 2365 186 2398 tulit
216 2366 376 2406 occasio,
403 2371 441 2399 et
462 2377 583 2401 omnes
606 2367 715 2401 simul
741 2373 778 2401 et
801 2378 962 2401 seorsum
988 2365 1205 2412 quemlibet,
1230 2371 1406 2412 quantum
1427 2365 1538 2400 intel-

97 2411 249 2456 ligentia
282 2412 506 2457 consilioque
533 2416 671 2458 possit,
708 2415 788 2458 ipso
815 2415 923 2448 etiam
960 2414 1055 2448 facto
1086 2414 1332 2447 demonstrare
1369 2418 1540 2458 oportet:

99 2459 210 2491 verba
226 2460 338 2500 enim,
359 2459 389 2491 si
412 2458 504 2493 facta
527 2461 662 2501 desint,
685 2461 782 2494 nihil
799 2462 936 2498 valent.
964 2461 1034 2494 Sed
1055 2461 1100 2494 ad
1122 2461 1215 2494 sacta
1235 2459 1537 2506 postea‚quando

101 2516 192 2550 opus
231 2504 360 2546 fuerit,
400 2507 598 2542 veniemus.
658 2508 700 2540 ln
737 2519 906 2552 praesens
939 2508 1072 2552 singuli
1108 2507 1321 2541 sententiam
1355 2507 1537 2552 explicare

102 2550 258 2594 debent,
293 2553 382 2599 quid
407 2563 569 2596 agamus,
609 2559 650 2587 ut
682 2567 748 2588 nos
777 2556 873 2600 ipsos
906 2555 1155 2599 reliquamque
1183 2553 1310 2588 urbem
1344 2564 1537 2588 conserve-

99 2610 188 2632 mus.
239 2601 381 2633 Etenim
413 2599 571 2634 cubiculi
600 2602 821 2646 praesectum
853 2612 927 2635 non
954 2602 1186 2646 quieturum,
1229 2601 1292 2634 sed
1323 2600 1535 2646 propediem

100 2645 284 2680 hostiliter
308 2647 346 2680 in
370 2657 437 2680 nos
469 2648 604 2680 iturum
629 2649 813 2682 existimo:
848 2648 955 2681 modo
979 2648 1087 2692 plane
1124 2651 1220 2681 certa
1246 2648 1339 2688 sint,
1371 2659 1463 2693 quae
1489 2647 1536 2681 de

100 2692 316 2736 imperatore
342 2699 543 2729 narrantur.
593 2695 656 2728 His
681 2695 807 2736 dictis,
838 2696 968 2728 Asanes
994 2695 1118 2729 tacuit.
1155 2693 1431 2740 Comitopuius,
1462 2704 1534 2739 quo

98 2745 174 2772 erat
195 2740 316 2774 studio
339 2741 566 2784 imperatoris
592 2742 784 2784 incensus,
810 2744 847 2774 in
873 2741 1033 2774 medium
1058 2741 1248 2786 prodiens,
1271 2742 1368 2776 hunc
1392 2742 1431 2774 in
1455 2752 1535 2775 mo-

102 2784 187 2820 dum
231 2786 412 2822 disseruit.
474 2787 663 2824 Neminem
696 2800 760 2834 ego
791 2793 972 2832 vestrum,
1011 2792 1193 2835 quotquot
1224 2788 1377 2830 adestis,
1414 2788 1536 2832 fugere
