1800 3146
562 169 940 225 msTomAmJM
981 172 1052 212 111.
1083 172 1153 218 77.
1455 151 1532 219 48
1546 171 1563 206 1

125 274 226 321 πίας
256 272 550 323 ἐκπεσεῖσθαι,
579 271 701 311 τοῦτο
731 266 860 322 μόνον
890 271 1036 325 σαφῶς
1066 269 1142 311 οὐκ
1173 263 1300 326 ᾔδειν.
1347 263 1463 327 ᾤμην
1488 268 1568 326 γάρ
1585 279 1767 326 A.C.1344

126 353 175 378 σε
222 337 322 379 οὐδὲ
351 338 518 392 σαρκῶν
555 335 795 391 φείσεσθαι,
836 338 984 390 καιροῦ
1018 337 1256 388 καλοῦντος,
1299 335 1407 392 ὖπὲρ
1441 337 1572 389 ἐμοῦ,

127 401 175 444 τὸ
208 404 368 457 πλῆθος
396 403 658 456 μεμνημένον
699 402 771 441 καί
797 398 844 442 τὸ
881 403 1055 454 μέγεθος
1081 403 1162 443 τῶν
1202 402 1462 457 εὐεργεσιῶν.
1517 399 1572 443 σύ

128 469 164 508 δ’
185 469 278 510 α’ντί
311 467 467 510 τούτων
512 464 680 522 ἐχρήσω
711 472 798 515 τοῖς
837 465 1145 516 ἐναντιωτάτοις
1157 501 1170 520 ,
1213 467 1287 510 καί
1320 462 1573 524 μοχθηρούς

100 530 373 588 5ἅνθρώπους
412 531 485 573 καί
515 530 591 580 τὰς
631 531 801 586 γνώμας
839 532 1195 586 διεστραμμένους
1238 530 1466 588 ἀπατηλοῖς
1502 532 1577 575 καὶ

125 601 356 656 περιέργοις
381 597 519 651 λόγοις
562 595 761 638 ὑπελθών
815 595 888 638 καί
911 602 1004 646 ταῖς
1041 599 1123 640 τῶν
1163 600 1373 652 μεγίστων
1402 598 1574 653 ἑπαγγε-
1591 606 1630 641 V.
1646 608 1710 654 497

123 669 233 714 λίαις
264 663 553 718 ἐξαπατήσας,
592 665 762 705 τουτονί
794 661 868 704 τὸν
907 662 1087 716 πόλεμον
1130 664 1252 706 οὐδὲν
1291 659 1416 719 ἦττον
1454 665 1574 721 κοινῇ

123 729 229 772 κατὰ
248 730 495 789 Ῥωμαίων,
523 724 553 783 ἢ
582 731 670 770 κατ’
686 729 792 781 ἐμοῦ
820 731 1053 783 κεκίνηκας·
1101 726 1175 779 οὓς
1214 728 1425 781 α’ξιιότατα
1456 729 1575 784 ἠμεί-

121 808 193 849 ψω
219 797 293 851 τῆς
321 812 366 837 τε
393 795 562 837 ἐκείνων
590 794 841 849 άβελτηρίας
883 793 956 836 καί
997 797 1069 850 τῆς
1098 798 1166 837 ool
1192 793 1431 850 προσούσης
1468 795 1573 851 πρὸς

75 859 220 911 ιοτούς
248 860 400 916 φίλους
428 858 622 916 ἀπιστίας
653 859 780 914 ζόφον
807 860 974 902 πάντων
1012 858 1442 917 καταψηφισάμενος,
1486 857 1614 903 (ὅσ-Ι)

122 942 201 981 περ
230 921 338 981 ἦσαν
371 919 496 977 ἄξιοι.
554 927 602 967 σὲ
628 926 707 976 μὲν
735 919 833 978 οὖν,
863 922 1002 980 ὥσπερ
1031 924 1160 981 ἔφης,
1194 925 1360 968 πάντων
1386 924 1574 979 μάλιστα

122 992 203 1047 ἐγώ
230 989 444 1046 γινώσκω·
503 988 556 1033 σύ
599 991 637 1031 δ’
655 991 731 1043 ἐμὲ
768 989 879 1032 πάνυ
918 1007 993 1043 μοι
1033 993 1168 1040 δοκεῖς
1207 989 1468 1046 ἤγνοηκέναι.
1536 994 1577 1034 εἰ

121 1056 203 1113 γάρ
242 1054 355 1106 ὅστις
389 1050 504 1114 ᾔδεις
533 1055 641 1110 ἐγώ,
676 1055 752 1098 οὐκ
789 1051 840 1098 ἂν
882 1054 1013 1107 οὕτως
1063 1056 1348 1113 η’γνωμόνεις·
1393 1057 1487 1100 ἐπεὶ
1527 1059 1575 1100 δὲ

120 1121 229 1176 μετὰ
277 1119 358 1165 τῶν
405 1117 542 1164 ἄλλων
581 1123 656 1164 καί
690 1122 833 1165 οἴκαδε
873 1128 1094 1178 παραινεῖς
1133 1124 1408 1176 ἐπανελθεῖν,
1463 1125 1576 1165 δοκῶ

75 1195 195 1245 ιόμοι
222 1187 294 1230 διὰ
323 1187 403 1244 τήν
431 1183 615 1243 ἀρχαίαν
647 1188 794 1244 φιλίαν
822 1190 892 1230 σοι’
924 1188 1235 1243 πεισθήσεσθαι
1272 1191 1346 1230 καί
1383 1187 1442 1243 μή
1474 1188 1575 1243 πρίν

121 1252 364 1297 παύσεσθαι
390 1255 489 1309 πρίν
516 1253 631 1303 ἐντός
657 1254 857 1308 γενέσθαι
894 1256 970 1309 τῆς
997 1255 1142 1303 οἰκίας.
1165 1253 1385 1307 Ῥωμαίων
1414 1256 1460 1296 δὲ
1490 1250 1574 1296 ὄντι

120 1323 291 1374 βασιλεῖ
324 1317 573 1372 κελεύσματι
613 1322 719 1362 θεοῦ·
766 1320 945 1372 ου’ὃεμία
971 1321 1133 1372 μᾶλλον
1160 1316 1307 1375 ἑτέρα,
1343 1316 1376 1374 ἢ
1413 1320 1439 1375 ἡ
1467 1320 1574 1362 Ῥω-

119 1386 258 1438 μαίων
294 1385 492 1440 ἡγεμονία
537 1386 646 1427 οἰκία
691 1383 1036 1440 πρεπωδεστὲρα,
1095 1381 1145 1439 ἢν
1183 1386 1390 1427 εἰσελθεῖν
1431 1387 1574 1427 πᾶσαν
1610 1374 1611 1377 ¹

121 1449 381 1502 ἐπιδείξομαι
419 1448 628 1503 σπουδήν,
671 1445 701 1506 ᾗ
742 1449 873 1498 αὐτὸς
914 1452 995 1491 τῶν
1034 1451 1168 1505 φίλων
1217 1445 1277 1491 αἲν
1328 1457 1570 1506 παραινεῖς.

69 1514 253 1561 αοπολλιὶ
293 1517 340 1557 δὲ
379 1516 702 1569 μεταμεληθεὶς,
745 1510 808 1555 ὅτι
848 1530 895 1555 σε
934 1510 1034 1556 ὄντα
1063 1517 1239 1570 γέροντα
1274 1515 1568 1571 παρεσκεύακα
1583 1522 1692 1559 Ρ.6αι

121 1582 319 1623 τοσοῦτον
345 1577 471 1622 πόνον
517 1577 742 1632 ὑπομεῖναι
790 1580 863 1620 καί
902 1577 1008 1633 πρὸς
1040 1577 1294 1634 “Ηράκλειαν
1322 1581 1484 1631 ἐλθεῖν,
1530 1579 1573 1621 ἔ-

120 1662 228 1701 γνων
256 1647 342 1687 δεῖν
378 1661 425 1687 σε
461 1647 543 1693 τῶν
571 1644 708 1687 πόνων
739 1642 997 1696 α’ναπαύειν,
1037 1644 1109 1685 καί
1138 1645 1198 1692 εἰς
1235 1642 1438 1698 τετάρτην
1469 1642 1572 1698 ἧμέῑ-

122 1728 202 1768 ραν
228 1709 360 1762 αὐτὸς
387 1711 596 1768 ἀφίξομαι
625 1709 731 1766 πρὸς
758 1712 830 1762 σὲ,
885 1708 958 1751 καί
985 1707 1030 1751 εἴ
1051 1724 1118 1752 σοι
1145 1711 1307 1763 βέλτιον
1334 1710 1454 1751 δοκεῖ
1476 1710 1572 1752 δια-

124 1856 201 1887 res,
226 1855 301 1878 non
339 1845 472 1880 curavi.
522 1845 576 1880 Te
613 1850 733 1880 autem
772 1844 864 1880 adeo
903 1841 1094 1891 insigniter
1137 1838 1343 1889 improbum
1380 1844 1571 1885 futurum,

122 1891 192 1926 hoc
215 1893 331 1926 solum
357 1893 545 1938 explorare
571 1904 644 1926 non
670 1892 768 1927 scivi.
818 1892 1079 1926 Existimabam
1107 1892 1204 1924 enim
1222 1915 1232 1930 ,
1257 1891 1287 1923 si
1317 1891 1457 1924 occasio
1483 1892 1567 1925 data

122 1939 238 1979 foret,
276 1941 521 1974 recordantem
555 1940 817 1973 beneficiorum
853 1944 926 1971 tam
953 1938 1151 1971 multorum
1191 1946 1495 1983 magnorumque,
1520 1948 1568 1971 ne

122 1985 265 2030 corpori
290 1986 437 2032 quidem
464 1991 526 2020 tuo
550 1997 630 2020 mea
656 1997 758 2019 causa
784 1997 981 2030 parsurum.
1029 1986 1077 2018 At
1102 1989 1142 2017 tu
1172 1983 1390 2017 omnimodis
1419 1989 1566 2025 contra·-

123 2031 211 2064 riam
235 2032 402 2066 institisti
426 2033 540 2073 viam,
567 2039 605 2066 et
629 2032 839 2066 hominibus
864 2033 982 2076 pravis
1009 2042 1049 2064 ac
1087 2030 1303 2075 perniciosis
1336 2029 1567 2063 sermonibus

128 2077 371 2113 fraudulentis
395 2083 432 2112 et
458 2079 588 2113 callide
622 2079 806 2112 meditatis
840 2078 1050 2123 obrependo
1089 2082 1125 2110 et
1145 2076 1476 2120 pollicitationibus
1506 2085 1569 2110 eos

124 2125 290 2159 maximis
323 2125 650 2167 circumducendo,
688 2125 758 2160 hoc
790 2125 926 2158 bellum
961 2136 1035 2158 non
1062 2124 1182 2156 minus
1211 2124 1247 2155 in
1278 2133 1468 2155 commune
1494 2123 1566 2155 Ro·

124 2182 335 2212 manorum,
367 2183 476 2218 quam
507 2173 546 2206 in
571 2184 693 2206 meum
726 2173 834 2205 unius
860 2172 1012 2205 exitium
1036 2169 1233 2203 induxisti:
1258 2174 1414 2215 quos,ut
1440 2181 1566 2203 eorum

124 2218 293 2252 vecordia
327 2224 364 2251 et
397 2223 458 2252 tua
495 2219 534 2252 in
571 2221 704 2253 amicos
743 2217 962 2253 infidelitate
996 2217 1249 2260 dIgnissimum
1275 2216 1367 2255 suit,
1400 2215 1564 2249 tenebris

124 2266 314 2305 nimirum,
340 2275 428 2310 quas
450 2265 704 2307 merebantur,
728 2265 909 2299 damnatis
934 2263 1102 2297 omnibus
1138 2266 1386 2295 remuneratus
1413 2272 1461 2294 e3.
1510 2263 1566 2296 Te

125 2311 236 2356 igitur
259 2313 346 2346 novi
363 2337 374 2354 ,
397 2317 438 2346 ut
460 2313 534 2352 ais,
559 2317 596 2346 et
619 2313 671 2346 ita
695 2312 845 2359 quidem
870 2312 978 2351 novi,
1004 2314 1045 2343 ut
1068 2319 1174 2343 nemo
1201 2308 1343 2341 melius.
1392 2308 1449 2341 Tu
1474 2319 1566 2340 con-

123 2362 179 2392 tra
203 2369 329 2403 parum
358 2369 414 2391 me
435 2358 568 2392 videris
592 2370 709 2394 nosse.
758 2359 796 2393 Si
823 2359 920 2392 enim
948 2357 1070 2397 scires,
1095 2355 1158 2401 qui
1176 2364 1241 2399 ego
1268 2355 1349 2394 sim,
1374 2364 1448 2386 non
1471 2354 1561 2388 adeo

124 2410 161 2438 te
186 2403 277 2438 mihi
314 2405 480 2450 iniquum
513 2406 714 2450 praeberes.
772 2406 818 2439 Et
841 2405 1014 2450 quoniam
1039 2404 1135 2435 inter
1159 2401 1231 2434 alia
1257 2402 1367 2434 etiam
1394 2399 1563 2441 hortaris,

125 2455 167 2484 ut
199 2450 348 2484 domum
384 2455 563 2492 revertar,
599 2457 748 2497 propter
783 2458 943 2486 veterem
987 2449 1181 2484 amicitiam
1205 2445 1275 2480 tibi
1310 2446 1563 2492 obtemperare

124 2502 263 2531 certum
310 2503 365 2531 est
415 2508 483 2531 nec
513 2499 612 2541 prius
646 2499 856 2544 quiescere,
895 2508 1004 2543 quam
1042 2497 1138 2528 intra
1173 2494 1318 2528 domum
1357 2495 1432 2526 sim.
1483 2493 1561 2538 Qui

125 2549 248 2576 autem
289 2543 413 2578 divino
449 2545 547 2577 iusso
582 2546 820 2579 Romanorum
855 2550 912 2578 est
944 2544 1163 2588 imperator,
1197 2550 1278 2572 eum
1311 2540 1411 2573 nulla
1434 2540 1561 2573 domus

124 2591 249 2635 magis,
273 2601 381 2636 quam
401 2590 639 2624 Romanorum
663 2592 866 2635 imperium,
892 2590 1010 2623 decet:
1045 2598 1153 2632 quam
1179 2591 1220 2619 ut
1242 2587 1442 2630 ingrediar,
1468 2587 1562 2620 sicut

126 2637 262 2671 amicus
293 2642 334 2670 tu
369 2636 464 2670 bene
501 2647 644 2678 mones,
681 2643 760 2671 toto
785 2643 929 2682 pectore
960 2633 1198 2669 contendam:
1225 2637 1423 2677 captusque
1447 2634 1561 2666 multa

125 2683 388 2728 poenitudine,
423 2683 520 2728 quod
547 2689 582 2717 te
607 2686 792 2718 effractum
819 2685 919 2716 senio
947 2687 1019 2714 tam
1047 2681 1228 2714 laboriose
1256 2679 1324 2712 feci
1351 2676 1562 2713 Heracleam

125 2734 274 2774 petere,
299 2729 488 2764 levandum
514 2734 550 2764 te
574 2730 761 2764 laboribus
791 2740 934 2769 censeo,
959 2734 997 2762 et
1010 2727 1069 2760 die
1099 2725 1233 2759 abhinc
1258 2732 1386 2771 quarto
1413 2727 1489 2770 ipse
1515 2724 1561 2756 ad

127 2780 162 2809 te
197 2777 349 2810 veniam.
408 2777 522 2817 Tum,
554 2778 585 2812 si
613 2776 681 2812 tibi
703 2777 883 2823 placuerit
906 2779 987 2821 post
1012 2772 1272 2820 longiusculam
1302 2773 1462 2819 quictem
1486 2782 1561 2804 me·

175 2844 444 2880 Cantacuzenus
470 2844 515 2880 ΙΙ.
1256 2841 1274 2876 3
1283 2852 1295 2876 ι
