1800 3138
289 164 398 222 238
809 186 1174 229 CANTACUZENJ

94 293 273 339 ‘QG-¹342
283 286 491 340 μηδεμίαν
520 285 683 339 γνώμην
709 286 866 340 μηδένα
893 288 1142 340 βουλόμενον
1168 287 1359 342 εἰσάγειν,
1386 289 1465 342 »τὰ
1499 291 1575 342 μὲν
1602 292 1730 347 πρά-.

284 353 447 404 γματα”
475 346 589 391 εἶπεν,
614 349 701 402 ,,ὥς
737 354 929 402 ἐναντίως
956 349 983 407 ἢ
1010 352 1180 410 ηἷόμεθα
1208 353 1431 407 ἀπήντηκεν
1460 354 1570 409 ἡμῖν,
1605 354 1710 398 πάν-

285 431 352 464 τες
392 413 517 469 ὁρᾶτε
546 414 690 469 δήπου.
747 415 1073 471 πρωτοστροῖτωρ
1102 433 1144 458 τε
1169 416 1247 472 γὰρ
1277 420 1347 459 καί
1377 419 1711 463 Θεσσαλονικέων
1725 452 1730 459 Α,

289 479 328 520 οὶ
354 478 406 520 τὰ
435 479 612 533 ἡμέτερα
638 479 859 535 ᾑρημένοι,
898 481 970 530 οὓς
1006 480 1091 523 ἔδει
1118 480 1193 536 τήν
1220 481 1341 524 πόλιν
1368 481 1541 536 ἔχοντας
1577 482 1711 540 εὗρεῖν

289 547 362 587 καὶ
387 542 439 586 τὰ
468 546 639 598 μέγιστα
667 545 922 600 ω’φελεῖσθαι
947 547 1019 588 ὑπ’
1048 548 1211 598 αὐτῶν,
1261 546 1444 605 δυσκόλῳ
1471 548 1579 605 τύχῃ
1601 551 1736 605 χρη-5

830 607 850 623 (Ι

289 610 479 663 σάμενοι,
507 606 786 662 ἐξελήλανται·
827 627 907 662 ο,τε
928 613 1055 665 δήμος
1073 610 1146 652 καί
1169 610 1207 652 οἱ
1231 613 1608 668 ἔναπολειφθέντες,
1637 611 1712 663 οὒς

288 673 514 729 ἠλπίζομεν
532 669 560 728 ἢ
578 677 728 716 πειθοῖ,
744 674 1025 731 προσάξεσθαι
1045 672 1073 730 ἢ
1094 674 1321 730 βιάσεσθαι
1341 681 1424 725 τοῖς
1451 674 1614 731 ὅπλοις,
1639 677 1710 720 διά

289 755 334 780 τε
368 737 448 788 ’τὰς
485 737 674 793 ἁρπαγάς
710 737 808 794 ἡμῖν
842 741 1224 794 ἐκπεπολεμωμένοι
1261 740 1333 782 καί
1369 737 1624 798 θαρῥοῦντες
1660 743 1713 799 τῇ

248 806 340 845 Dein
368 805 604 854 Βυζαντίου
643 808 844 862 στρατιᾷ,
886 807 939 846 ου’
973 804 1340 862 προσχωρήσουσιν
1381 805 1490 860 ἡμῖν.
1553 806 1594 848 εἷ
1629 805 1710 861 γὰρ

286 868 457 921 ἐζιιελλον
478 901 490 921 ,
519 869 592 910 ov’n
620 868 671 912 ἂν
698 870 768 913 ἐπὶ
793 873 866 925 τῆς
896 868 1028 925 πύλης
1055 872 1195 912 αὐτῶν
1221 868 1370 923 σχεδὸν
1395 872 1765 925 ἑστρατοπεδευ-ιο

288 934 415 986 μένου
444 931 657 988 ἡσύχαζον
683 933 826 987 admi,
866 935 956 976 ἀλλ’
993 931 1020 989 ἢ
1057 936 1278 989 πρεσβείαν
1306 934 1546 988 ποιούμενοι
1571 937 1686 991 κοινῇ
1697 966 1712 989 ,

303 995 320 1011 ss

292 1016 318 1053 η
348 998 434 1055 ἰδίᾳ
461 997 603 1055 κρύφα
629 1002 736 1049 τινὲς
765 996 907 1042 αὐτῶν
935 998 1228 1054 διαλεγόμενοι,
1254 1002 1445 1054 παρῆσαν
1470 994 1536 1041 ἄν.
1589 999 1636 1042 τὸ
1665 1001 1712 1044 δὲ

289 1064 447 1118 μηδένα
485 1062 665 1114 ἐξελθεῖν
701 1063 919 1120 τεκμήριον
952 1066 1023 1106 τοῦ
1067 1080 1111 1105 τε
1148 1063 1244 1113 τούς
1279 1062 1455 1114 πολλοὺς
1494 1065 1733 1118 ἐγνωκέναι.

290 1131 482 1181 πολεμεῖν
503 1131 614 1183 ἡμῖν,
646 1128 718 1170 κατ’
733 1132 824 1182 τοῦ,
850 1129 893 1170 εἴ
911 1145 1016 1178 τινες
1035 1131 1107 1170 καί
1131 1125 1212 1171 εἷεν
1234 1126 1427 1185 ᾑρημένοι
1447 1126 1497 1170 τὰ
1515 1129 1710 1184 ἡμέτερα,

291 1194 376 1234 δέει
413 1195 483 1234 τοῦ
517 1192 576 1248 μή
612 1196 746 1242 κακῶς
784 1196 934 1235 παθεῖν
969 1195 1260 1250 συμφέρεσθαι
1294 1199 1379 1242 τοῖς
1404 1188 1558 1242 ἄλλοις.
1613 1189 1774 1236 ὃθενιόΔ

291 1259 388 1300 οῦδὲ
431 1257 608 1299 ἐλπίδων
652 1254 859 1313 ἅνονήτων
901 1261 1018 1300 ἕνεκα
1055 1259 1240 1300 ἐνταῦθα
1280 1256 1420 1310 οἴομαι
1460 1260 1712 1313 παραμένειν

293 1325 391 1364 δεῖν.
450 1324 502 1363 ου’
524 1321 607 1378 μήν
634 1322 704 1364 διὰ
740 1322 784 1365 τὸ
813 1325 883 1378 τῆς
913 1324 1073 1372 πόλεως
1101 1323 1470 1378 οἷποτετυχηκέναι,
1498 1324 1571 1364 καί
1609 1321 1714 1378 πρὸς

171 1387 348 1433 Ρ·479τοὶ
389 1389 582 1430 λείποντα
623 1390 780 1430 δίκαιον
814 1391 888 1430 τοῦ
926 1390 1107 1441 πολέμου
1135 1390 1453 1441 μαλακίζεσθαι.
1508 1388 1604 1429 ου’δὲ
1631 1386 1712 1442 γὰρ

293 1453 390 1494 οὐδὲ
429 1453 532 1507 πρὸς
569 1451 702 1495 πάντα
733 1451 1015 1508 εὐτυχήσομεν
1043 1454 1124 1495 οἷεί.
1177 1453 1404 1509 σωφρόνων
1431 1453 1478 1493 δέ
1504 1453 1616 1495 ἐστιν
1645 1451 1715 1493 οἷν-

292 1518 475 1572 θρώπων
515 1516 586 1558 καί
620 1519 820 1570 γενναίοις
859 1521 1086 1571 χρωμένων
1124 1522 1357 1571 λογισμοῖς,
1404 1517 1506 1572 μήτε
1542 1518 1587 1559 ἐν
1623 1521 1769 1565 ταῖςᾳο

294 1582 509 1635 εὐτυχίαις
547 1584 622 1623 τοῦ
649 1583 818 1636 μετρίου
850 1584 1076 1638 φαίνεσθαι
1106 1583 1394 1635 ἐκπίπτοντας,
1432 1579 1527 1636 μήτ’
1554 1583 1599 1623 ἐν
1626 1586 1721 1631 ταῖς,

297 1648 572 1704 δυσπραγίαις
599 1648 880 1700 καταπίπτειν,
910 1645 1238 1702 α’παγορεύοντας
1258 1645 1304 1689 τὸ
1333 1643 1615 1702 ἀνορθοῦσθαι
1636 1641 1716 1688 αὖ·

393 1775 426 1808 6.
454 1773 771 1819 ἐναπολιφθέντες
796 1772 831 1804 Ρ.

303 1882 402 1915 dium
426 1881 667 1919 inventurum,
691 1890 789 1924 spem
813 1878 1074 1924 concipiebant.
1121 1878 1209 1921 Ergo
1235 1888 1313 1910 cum
1339 1887 1478 1911 sensum
1503 1888 1605 1911 suum
1627 1887 1715 1922 ape-¹

304 1928 376 1961 rire
411 1937 515 1959 nemo
548 1926 675 1968 vellet,
712 1926 763 1959 sic
783 1926 860 1970 ipse
885 1936 1029 1959 exorsus
1064 1927 1136 1957 est:
1184 1924 1313 1956 Contra
1350 1934 1457 1968 quam
1487 1923 1716 1967 sperabamus

303 1973 408 2006 nobis
433 1971 624 2012 accidisse,
654 1983 773 2006 omnes
798 1972 926 2016 utique
949 1971 1088 2004 videtis.
1137 1969 1224 2003 Nam
1253 1975 1289 2002 et
1322 1974 1559 2013 protostrator
1594 1974 1631 2002 et
1653 1971 1717 2015 qui

303 2019 488 2053 nobiscum
513 2019 651 2051 faciunt
668 2018 1016 2061 Thessalonicenses,
1044 2027 1133 2062 quos
1157 2016 1345 2059 oportebat
1362 2026 1425 2049 nos
1449 2016 1572 2049 urbem
1591 2021 1719 2049 tenen⁶

303 2071 358 2099 tes
395 2065 554 2098 invenire
601 2075 795 2110 eorumque
821 2064 950 2109 opibus
974 2064 1011 2096 in
1043 2061 1165 2107 primis
1191 2061 1373 2101 adiuvari,
1408 2061 1538 2094 infesta
1563 2061 1720 2106 quadam

306 2111 449 2144 fortuna
474 2110 611 2155 expulsi
637 2115 736 2144 sunt:
772 2115 808 2142 et
844 2109 996 2154 populus
1029 2114 1136 2153 atque.
1159 2107 1254 2140 intus
1279 2108 1417 2148 relicti,
1439 2118 1528 2153 quos
1552 2112 1615 2140 aut
1636 2119 1718 2141 ver-

304 2158 362 2190 bis
388 2157 536 2189 inflexos
571 2161 632 2188 aut
663 2157 769 2189 armis
795 2157 995 2199 compulsos
1018 2155 1062 2187 ad
1082 2164 1146 2185 nos
1171 2164 1370 2186 accessuros
1395 2165 1475 2198 spes
1503 2158 1597 2194 erat,
1637 2163 1718 2187 cum

306 2209 455 2247 propter
480 2202 701 2246 direptiones
735 2207 855 2235 nostra
882 2213 986 2234 cansa
1017 2201 1179 2234 toleratas
1209 2198 1312 2232 nobis
1346 2200 1581 2233 inimicissimi
1612 2204 1717 2239 sunt,

306 2256 383 2282 tum
408 2248 588 2292 praesidio
621 2248 814 2291 Byzantino
850 2247 994 2287 confisi,
1028 2257 1065 2279 se
1098 2255 1320 2290 nequaquam
1353 2245 1496 2281 dedent.
1544 2244 1650 2289 Quod
1686 2245 1718 2278 si

306 2296 422 2330 facere
446 2295 599 2333 vellent,
623 2305 679 2328 me
707 2300 790 2327 ante
813 2299 932 2338 portas
953 2290 1205 2338 propemodum
1231 2296 1524 2330 castrametante‚
1550 2291 1618 2335 ipsi
1643 2301 1721 2326 non

308 2341 552 2385 quiescerent:
576 2340 638 2372 sed
662 2345 725 2374 aut
747 2340 864 2372 missis
889 2339 1012 2383 legatis
1033 2339 1286 2378 communiter,
1310 2343 1373 2370 aut
1394 2338 1554 2382 privatim
1579 2337 1718 2370 occulte

309 2386 454 2431 quidam
487 2397 625 2418 mecum
661 2391 864 2430 praesentes
900 2390 1058 2429 agerent.
1117 2383 1211 2427 Quia
1245 2393 1327 2416 vero
1363 2385 1483 2417 nullus
1516 2382 1717 2426 egreditur,

308 2432 481 2464 indicium
507 2437 578 2472 est,
622 2434 749 2477 vulgus
785 2432 964 2465 decertare
1002 2429 1185 2462 nobiscum
1218 2430 1406 2463 statuisse:
1456 2435 1494 2463 et
1516 2429 1546 2461 si
1571 2427 1717 2474 quidam

310 2479 415 2510 ctiam
441 2478 534 2518 sint,
567 2477 697 2522 quibus
729 2483 871 2511 nostrae
893 2482 1008 2521 partes
1033 2474 1255 2519 probentur,
1296 2486 1355 2508 eos
1381 2482 1477 2509 metu
1510 2473 1718 2507 subeundae

309 2524 518 2556 calamitatis
555 2535 625 2556 uno
651 2524 763 2557 veluti
798 2523 905 2556 fluctu
938 2532 1017 2554 curn
1047 2522 1127 2553 aliis
1160 2522 1275 2565 abripi
1321 2527 1358 2554 et
1394 2521 1537 2555 involvi.
1594 2516 1718 2565 Quare

309 2579 387 2600 curn
413 2580 501 2600 vana
525 2580 586 2612 spe
611 2569 671 2603 hic
698 2570 910 2602 manendum
935 2578 1007 2600 non
1041 2571 1141 2611 put0.
1187 2567 1259 2599 Nec
1289 2572 1408 2601 tamen
1440 2567 1608 2614 quoniam
1644 2576 1717 2598 nna

307 2616 451 2647 civitate
477 2615 698 2656 frustramur,
734 2626 887 2659 aequum
913 2619 966 2646 est
988 2611 1031 2645 ad
1055 2612 1187 2646 bellum
1215 2613 1258 2645 de
1283 2619 1398 2647 cetero
1424 2613 1581 2646 enervari
1608 2617 1719 2657 atque

310 2661 540 2692 mollescere:
591 2672 771 2706 nunquam
812 2662 905 2693 enim
941 2658 1100 2704 profecto
1145 2670 1208 2702 per
1232 2661 1350 2692 omnia
1376 2659 1497 2692 ielices
1532 2669 1573 2691 ac
1604 2657 1719 2690 sortu-

311 2707 387 2739 nati
418 2706 556 2738 crimus.
585 2706 814 2741 prudentium
837 2711 956 2738 autem
982 2709 1018 2736 et
1040 2705 1276 2738 animosorum
1301 2711 1372 2744 est,
1397 2716 1463 2739 nec
1484 2705 1520 2737 in
1540 2703 1719 2748 prosperis

313 2752 522 2787 modestiam
556 2751 740 2794 deserere,
779 2763 845 2786 nec
868 2753 906 2786 in
934 2749 1086 2784 turbidis
1118 2756 1154 2783 ct
1181 2752 1334 2787 adversis
1359 2752 1410 2784 ita
1433 2751 1578 2790 cadere,
1618 2754 1658 2785 ut
1679 2758 1718 2789 se
