1806 3152
519 174 894 217 ffls'romARUM
934 177 1006 216 111.
1035 178 1105 225 95.
1423 154 1535 213 583

102 273 352 328 ναυάρχων,
395 274 810 326 δοακεκινδυνευμένα
851 276 1006 332 τολμᾷν
1046 272 1372 330 ἰσχυριζόμενοι.
1443 273 1731 324 ἔπείΔ.Ο.ι346

101 341 150 381 δὲ
190 339 266 380 οὐκ
307 339 525 391 ἐπείθετο,
566 341 730 381 εἵποντο
758 338 928 397 ἀνάγκῃ.
985 341 1058 381 καί
1095 341 1297 398 γενομένῳ
1329 337 1434 395 πρὸς
1461 338 1535 382 τὸν

101 403 204 446 ναὸν
247 405 321 446 καί
355 402 432 458 τήν
468 407 764 459 μυσταγωγίαν
805 403 880 460 τήν
919 407 1041 447 θείαν
1086 407 1317 446 ε’κτελοῦντι
1354 406 1536 460 ἐπῆλθεν

99 467 253 523 Ἁμούρ
280 467 386 521 μετὰ
413 471 487 524 τῆς
510 471 722 525 στρατιᾶς.
742 479 744 481 ’
767 472 840 512 καί
869 468 916 512 τὸ
948 471 1026 523 μὲν
1052 465 1152 512 ἄλλο
1181 469 1420 526 στράτευμα
1451 470 1536 512 τῶν

75 535 299 585 5Λατίνων
327 533 511 590 διεσώθη
540 535 824 591 ἅναχωρῆσαν
861 535 966 590 πρὸς
997 534 1043 578 τὸ
1075 536 1300 591 φρούριον,
1346 532 1369 576 ὃ
1396 541 1536 578 κατεῖ-

99 615 201 653 χον,
240 601 333 642 ἐπεὶ
372 599 471 650 τούς
495 602 671 656 Πέρσας
713 598 824 643 εἶδον
852 598 1064 651 ἐπιόντας·
1094 600 1356 658 πατριάρχης
1390 603 1436 644 δὲ
1462 599 1537 657 τὴν

99 663 219 719 ἱερὰν
251 663 402 721 στολήν
434 667 707 720 ἐνδεδυμένος
751 663 975 723 οἶπεσφάγη
1016 666 1097 708 ὗπὸ
1125 669 1207 710 τῶν
1234 668 1417 721 Περσῶν
1456 668 1535 708 καί

97 733 319 785 Μαρτῖνος
358 729 432 773 καί
462 727 582 773 ἄλλοι
622 733 705 774 τῶν
731 733 948 788 ἐπιφανῶν
988 732 1133 787 ὀλίγοι.
1187 732 1234 774 ἔν
1259 733 1306 774 δὲ
1332 737 1417 782 τοῖς
1435 729 1539 788 χρό-

96 811 184 845 νοις
236 795 399 846 τούτοις
434 800 510 839 καί
542 798 624 839 τῶν
672 799 718 840 ἐν
757 799 797 840 Γ
794 795 940 856 εννούᾳ
976 797 1154 852 εὕγενῶν
1195 812 1304 847 τινες
1349 795 1427 839 δύο
1466 797 1541 838 καί

51 860 320 917 ιοτριάκοντα
364 863 655 919 πληρώσαντες
698 862 863 913 οἰκείοις
916 864 1164 917 ἀναλώμασι
1208 861 1393 920 τριήρεις
1437 864 1579 904 ἐπέ-Ι)

98 932 284 970 πλευσαν
317 931 371 987 τῇ
406 932 500 987 Χίῳ
551 931 624 971 καί
648 927 946 985 ἐπολιόρκησαν
985 928 1141 986 χρόνον
1170 926 1245 971 οὖκ
1275 928 1431 984 ὀλίγον,
1465 929 1540 972 καί

100 993 377 1048 τειχομαχίας
402 1010 445 1037 τε
473 993 628 1044 πολλάς
655 994 898 1051 ἐποιήσαντο
935 994 1009 1038 καὶ
1044 994 1250 1051 καρτερὰς
1290 997 1364 1036 καί
1392 1012 1534 1050 μηχα-

97 1057 265 1113 νήματα
291 1062 513 1114 προσῆγον.
560 1055 688 1114 ἤνυον
715 1061 762 1102 δὲ
790 1058 872 1102 α’πὸ
898 1063 980 1103 τῶν
1005 1059 1205 1103 τοιούτων
1243 1059 1365 1114 ὀλίγα
1407 1057 1434 1114 ἢ
1462 1059 1535 1101 οὖ-

95 1124 182 1166 δέν.
240 1122 280 1165 οἱ
299 1123 380 1180 γὰρ
409 1128 511 1167 Χῖοι
540 1124 742 1180 ἠμύνοντο
771 1125 870 1175 τούς
888 1125 1099 1175 Λατίνους
1125 1129 1367 1182 καρτερῶς,
1396 1126 1533 1183 ἐνδείᾳ

41 1190 138 1236 ι5δὲ
180 1191 419 1239 πιεσθέντες
455 1190 529 1232 καί
577 1190 854 1244 λιμώξαντες,
914 1190 1007 1233 ἐπεὶ
1047 1190 1292 1246 ἐπικουρίας
1331 1191 1534 1243 οὐδεμιᾶς

88 1252 316 1308 ἐτύγχανον
355 1253 469 1311 παρὰ
495 1255 737 1310 Ῥωμαίων,
767 1256 1065 1312 προσεχώρουν
1095 1263 1182 1306 τοῖς
1211 1258 1410 1303 Λατίνοις
1458 1256 1532 1297 καὶ

89 1321 327 1373 παρέδοσαν
356 1318 432 1374 τὴν
458 1319 580 1362 πόλιν
611 1321 686 1362 ’ὕπ’
706 1317 898 1377 οἷνάγκης.
936 1321 962 1376 ἦ
990 1322 1157 1375 βασιλίς
1190 1322 1237 1365 δὲ
1275 1321 1418 1374 ἠνιᾶτο
1451 1320 1531 1372 μὲν

90 1384 250 1437 δεινῶς,
270 1384 344 1438 τῆς
366 1384 477 1426 Χίου
506 1388 879 1442 πολιορκουμένης,
908 1390 1081 1442 βοηθεῖν
1117 1387 1164 1428 δὲ
1194 1382 1270 1426 οὔκ
1288 1382 1397 1438 εἶχε·
1421 1400 1529 1438 χρη-

87 1447 233 1503 μάτων
269 1465 313 1491 τε
352 1448 431 1504 γὰρ
473 1448 548 1491 οὐκ
589 1450 762 1505 εὐπόρει
799 1450 903 1507 πρὸς
939 1451 1146 1506 τοσαύτην
1173 1450 1379 1504 δύναμιν,
1423 1448 1528 1492 ὥστε

31 1511 226 1560 αοστόλον
263 1513 511 1571 α’ντίῤῥοπον
548 1516 604 1571 τῷ
631 1517 830 1557 Λατίνων
872 1515 1110 1571 ἐξαρτύειν,
1149 1517 1223 1556 καί
1264 1513 1336 1556 τὸν
1371 1513 1530 1569 διοική-

86 1595 213 1623 σοντα
242 1582 378 1630 καλῶς
420 1580 494 1622 καί
535 1580 594 1629 ὥς
623 1583 805 1636 προσῆκε
831 1579 883 1623 τά
908 1578 1137 1636 πράγματα
1170 1582 1245 1621 ου’κ
1274 1576 1388 1634 εἶχε·
1420 1578 1528 1621 πάν-

83 1663 150 1696 τες
168 1646 262 1702 γὰρ,
285 1642 376 1688 ὅσοι
404 1641 514 1701 ἦσαν
540 1644 748 1700 α’ξιόλογοι
770 1645 1013 1699 Ῥωμαίων,
1045 1648 1091 1688 ἐν
1119 1647 1421 1701 δεσμωτηρίοις
1449 1661 1526 1686 κα-

83 1714 320 1756 τεκλείοντο.
377 1707 490 1764 ὅμως
536 1709 655 1759 τινὰς
694 1709 858 1766 ὀλίγους
900 1713 1198 1767 ε’φοπλίσαντες
1240 1709 1279 1753 οἱ
1318 1705 1647 1765 Eleleusque&

175 1812 210 1845 6.
236 1809 407 1890 εῖδενΡΜ.
525 1810 556 1844 8.
577 1807 616 1843 οἱ
642 1807 751 1844 ἄλλοι
775 1809 824 1843 Μ.
935 1811 990 1845 23.
1017 1807 1149 1855 ὀλίγας
1176 1809 1224 1843 Μ.
1348 1806 1522 1854 &poniti-

178 1867 309 1895 σαντες
359 1883 370 1895 q

82 1941 205 1987 plum,
243 1941 330 1975 olim
355 1940 698 1986 metropolitanum,
722 1938 861 1984 ingredi
885 1944 922 1973 et
950 1939 1030 1973 illic
1060 1939 1168 1973 sacris
1202 1940 1370 1985 operari,
1395 1939 1519 1973 iussit-

83 1999 155 2034 que
177 1988 311 2022 milite's
336 1994 489 2022 armatos
513 1989 628 2034 sequi.
676 1987 852 2020 Martinus
885 1991 923 2019 et
956 1986 1021 2019 alii
1060 1985 1231 2020 navarchi
1268 1986 1402 2020 factum
1434 1986 1518 2027 hoc,

82 2040 125 2067 ut
147 2035 308 2079 periculo
341 2045 416 2069 non
448 2044 585 2074 carens,
607 2033 879 2070 dissuadebant.
932 2033 1025 2066 Dum
1052 2033 1259 2066 necessitati
1283 2044 1408 2078 parere
1438 2043 1515 2066 non

81 2081 175 2114 vult·
191 2087 228 2114 et
261 2083 301 2114 in
327 2081 417 2115 aede
441 2081 654 2115 sacrificium
678 2080 784 2120 facit,
813 2080 980 2113 Amurius
1006 2090 1086 2112 cum
1120 2080 1264 2111 armatis
1291 2079 1511 2123 supervenit.

79 2128 127 2162 Et
158 2128 292 2161 milites
327 2129 474 2174 quidem
509 2127 629 2160 Latini
658 2131 844 2159 cernentes
872 2126 991 2159 Persas
1018 2126 1190 2158 invadere
1242 2124 1288 2157 ad
1325 2126 1511 2158 castellum

82 2185 187 2207 suum
212 2174 472 2218 confugienteS,
487 2179 636 2207 mortem
662 2177 868 2207 evaserunt:
893 2171 1095 2216 patriarcha
1120 2183 1201 2204 vero
1231 2171 1338 2204 sacris
1362 2171 1512 2205 inautus

79 2220 241 2254 vestibus
274 2233 344 2254 una
376 2232 454 2254 cum
491 2220 647 2255 Martino
679 2218 875 2265 paucisque
913 2218 1099 2253 nobilibus
1124 2228 1143 2251 a
1170 2218 1281 2252 Persis
1317 2217 1512 2251 obtrunca·

80 2271 140 2300 tus
174 2273 240 2301 est.
300 2268 364 2300 Per
395 2267 489 2300 idem
524 2273 665 2310 tempus
705 2266 913 2299 Geuuenses
946 2265 1115 2297 nonnulli
1151 2263 1268 2298 nobili
1303 2265 1384 2298 loco
1417 2265 1512 2306 nati,

81 2313 220 2347 duabus
256 2319 294 2348 et
328 2313 473 2358 triginta
496 2312 704 2346 triremibus
729 2322 791 2345 sua
818 2312 980 2355 impensa
1003 2309 1210 2351 instructis,
1249 2310 1379 2347 Chium
1405 2311 1510 2344 navi-

80 2366 211 2404 garunt
245 2369 396 2404 eamque
426 2371 500 2393 non
523 2371 648 2405 parum
673 2358 735 2391 diu
775 2357 995 2390 obsederunt
1027 2362 1064 2390 et
1087 2368 1205 2389 muros
1229 2367 1356 2401 saepe,
1380 2356 1508 2390 admo-

80 2407 126 2440 tis
151 2409 260 2439 etiam
285 2406 473 2447 machinis,
491 2406 607 2439 valide
634 2409 895 2451 oppugnarunt.
954 2404 1208 2437 Verumtamen
1235 2402 1334 2435 Chiis
1363 2402 1508 2438 fortiter

80 2463 119 2485 se
146 2453 345 2493 tuentibus,
362 2452 455 2485 nihil
479 2457 542 2486 aut
565 2463 689 2498 parum
714 2452 953 2496 profecerunt.
980 2448 1068 2481 Cum
1094 2455 1214 2482 autem
1239 2451 1352 2484 victus
1382 2450 1506 2493 inopia

79 2505 328 2544 premerentur
362 2499 574 2544 nullumque
598 2511 617 2532 a
644 2497 811 2531 Romanis
844 2497 1019 2531 auxilium
1044 2494 1270 2536 adventaret,
1296 2496 1506 2529 Latinorum

80 2557 120 2579 se
143 2546 314 2591 potestati
334 2546 580 2591 permittentes
592 2571 601 2584 ,
619 2544 745 2577 urbem
763 2545 875 2576 coacti
893 2541 1129 2577 tradiderunt.
1154 2542 1361 2586 imperatrix
1377 2552 1506 2587 quam-

81 2603 190 2637 quam
214 2591 304 2625 Chio
328 2593 471 2625 obsessa
499 2592 649 2625 mirifice
673 2596 885 2635 angeretur,
909 2588 1002 2621 ferre
1033 2593 1152 2620 tamen
1177 2598 1280 2632 opem
1309 2588 1507 2633 nequibat:

80 2649 163 2671 nam
188 2649 253 2672 nec
276 2639 428 2682 pecunia
453 2644 574 2672 contra
598 2642 716 2671 tantas
739 2638 831 2669 vires
855 2635 893 2668 in
918 2638 1175 2680 promtam-at,
1199 2640 1240 2667 ut
1263 2634 1409 2668 classem
1433 2634 1506 2667 La-

80 2687 238 2719 tinorum
262 2685 365 2717 classi
396 2685 583 2728 aequalem
614 2687 854 2726 compararet,
878 2686 916 2714 et
940 2680 1074 2714 bonum
1097 2690 1137 2714 ac
1159 2682 1314 2725 peritum
1337 2682 1416 2714 eius
1435 2679 1509 2713 du-

82 2737 215 2767 ctorem
238 2742 310 2766 non
332 2730 507 2768 habebat:
533 2741 654 2766 omncs
679 2728 869 2775 siquidem,
894 2728 956 2774 qui
982 2727 1074 2762 inter
1089 2727 1263 2763 Romanos
1286 2725 1508 2767 eminebant,
