1806 3152
473 180 848 248 ms'romAmm
888 171 960 222 1‘11.
990 181 1062 230 95.
1357 187 1359 192 ·
1400 154 1508 212 585

84 287 158 339 τῆς
179 285 398 337 Ῥωμαίων
426 282 638 335 στρατιᾶς.
693 278 716 322 ὅ
757 280 803 320 δὲ
828 277 903 334 τήν
931 294 976 320 τε
1009 276 1166 319 οἰκείαν
1195 272 1304 330 ἔχων
1339 289 1408 315 και
1438 270 1604 327 τὴνΔ.Ε.
1624 277 1711 321 ι346

79 340 294 404 Ρωμαίων
332 347 630 401 ἐπεστράτευσε
678 348 1009 400 Σηλυμβριανοῖς
1024 375 1037 398 ,
1088 345 1292 396 βασιλέως
1331 340 1518 392 Λιδυμο-

84 420 207 473 τείχω
246 412 585 468 ὲιδιατρίβοντος.
646 409 876 466 Φακρασὴς
916 411 962 452 δὲ
1004 406 1027 451 ὅ
1068 405 1394 463 πρωτοστράτωρ
1433 402 1515 446 ὖπὸ

89 483 292 535 βασιλέως
319 481 364 522 έν
383 476 633 533 Σηλυμβρίᾳ
647 476 1014 529 καταλελειμμένος
1028 473 1134 528 μετὰ
1165 473 1368 528 στρατιᾶς
1380 505 1394 524 ,
1410 469 1520 525 ἔχων

63 546 162 591 Suae
189 544 285 594 τούς
312 540 681 599 Σηλυμβριανούς,
721 543 986 584 συνεπλέκετο
1025 545 1111 588 τοῖς
1146 540 1245 594 περὶ
1287 533 1520 614 Τομπροτί-

84 614 183 663 τζαν
220 608 400 662 ἐξελθών
446 625 515 650 και
555 608 669 651 ἐνίκα
707 606 812 649 κατὰ
845 606 1009 662 κράτος.
1067 619 1238 660 απειρος
1274 600 1355 658 γὰρ
1396 598 1454 643 ὢν
1495 597 1520 641 ὅ

92 677 399 732 Τομπροτίτζας
440 676 519 716 τῶν
544 674 713 728 χωρίων
751 669 1027 727 ἐστρατήγησε
1059 686 1222 724 κακως,
1249 671 1308 718 εἰς
1333 665 1521 724 τάφρους

87 759 156 784 και
185 743 457 796 στενοχωρίας
485 756 573 781 και
599 740 810 793 α’μπέλους
847 738 945 786 τούς
987 737 1137 785 ἱππέας
1163 732 1377 789 ἐμβαλών·
1418 730 1557 775 fleant)

88 808 332 863 ἡττηθέντες
369 807 498 860 ολίγοι
524 806 604 860 μὲν
644 806 854 847 α’πέθανον
882 803 985 845 κατὰ
1013 801 1088 858 τὴν
1113 799 1277 857 μάχην,
1328 797 1521 842 εάλωσαν

40 875 135 917 ιοδὲ
166 876 310 916 πολλοι
336 869 512 926 ὄλίγων,
548 871 772 926 διαδρᾶναι
801 870 1078 924 δυνηθέντων.
1105 885 1164 910 ων
1200 865 1298 916 τούς
1325 868 1523 922 ἐπιφανε-

89 942 259 994 στέρους
287 936 484 993 δησαντες
511 933 625 990 εἶχον
653 938 698 978 έν
724 942 951 992 φρουραῖς·
997 933 1094 983 τούς
1124 935 1160 975 δ’
1182 928 1335 982 αλλους
1363 933 1521 974 ἀποδύ-

89 1019 234 1053 σαντες
279 1004 469 1045 ἆπέλυον.
523 997 628 1056 ἦλθε
661 1003 707 1043 δὲ
741 1001 814 1042 καὶ
854 1017 876 1042 ο
912 1001 1220 1055 Τομπροτίτζας
1261 998 1384 1053 ἐγγυς
1413 995 1523 1039 ‹2205-

91 1086 181 1124 ναι,
233 1066 346 1122 ὅμως
385 1069 613 1122 διαδρᾶναι
666 1068 860 1122 δυνηθείς
902 1063 1125 1122 ἀνέστρεφε
1166 1067 1522 1123 κατῃσχυμμένος.

88 1134 200 1187 μετὰ
232 1133 306 1189 τήν
332 1129 460 1188 ἦτ’ταν
487 1135 534 1175 δὲ
561 1134 720 1187 ἐκείνην
759 1134 1067 1187 Τομπροτίτζας
1104 1133 1190 1185 μὲνΔ
1209 1130 1451 1172 ὑπελείπετο
1479 1131 1525 1170 έν

42 1201 304 1257 ιόΒυζαντιῖρ
326 1195 403 1254 ἤδη
419 1203 595 1253 γυναῖκα
620 1196 730 1251 ἔχων
755 1197 1040 1250 ἐκῬωμαίων
1079 1198 1151 1238 καί
1192 1198 1314 1251 τιμῆς
1341 1196 1526 1238 ἀπέλαυε

89 1263 205 1319 παρὰ
245 1265 458 1317 βασιλίδος
491 1265 564 1318 τῆς
602 1264 749 1314 ἅξιάς’
796 1264 1016 1318 Θεόδωρος
1045 1264 1091 1304 δὲ
1138 1261 1161 1304 ὅ
1191 1260 1372 1318 α’δελφὸς
1430 1259 1523 1303 ἇνέ-

89 1346 267 1386 στρεφεν
301 1332 360 1380 εἰς
386 1328 460 1385 τήν
485 1329 667 1382 οἰκείαν,
698 1327 775 1384 τὴν
799 1324 1155 1383 ὑπολελειμμένην
1173 1326 1281 1382 ἔχων
1305 1326 1518 1382 στρατιάν.

90 1394 196 1450 μετὰ
233 1399 352 1438 τοῦτο
386 1397 433 1436 δὲ
465 1394 668 1450 Ὀρχάνης
707 1393 811 1449 πρὸς
851 1393 1201 1453 Καντακουζηνόν
1236 1392 1312 1435 τὸν
1346 1394 1523 1447 βασιλέα

91 1460 316 1516 πρεσβείαν
356 1461 526 1513 πέμψας
563 1457 678 1515 ἠξίου
707 1462 905 1502 ἐπιδοῦναί
926 1459 965 1501 οἱ
993 1459 1098 1515 πρὸς
1125 1457 1258 1513 γάμον
1284 1458 1361 1513 την
1388 1462 1524 1513 θυγα-

40 1530 215 1582 αοτέρα·
249 1525 513 1581 έπηγγέλλετό
531 1541 590 1579 τε,
623 1527 663 1567 εἰ
686 1523 963 1580 παράσχοιτο,
989 1523 1222 1580 προθύμως
1236 1523 1568 1580 συμμαχήσεινΡ.
1581 1530 1650 1566 683

95 1591 204 1634 κατά
242 1590 392 1639 παντὸς
419 1593 618 1644 πολεμίου
649 1597 736 1640 τοῖς
756 1591 1013 1643 “Ρωμαιόις·
1073 1590 1209 1632 οῧκέτι
1239 1589 1318 1644 γὰρ
1354 1588 1527 1633 ἔσεσθαι

98 1657 322 1712 σύμμαχον
352 1658 425 1699 καί
446 1656 593 1711 φίλον,
624 1655 731 1698 ἀλλὰ
761 1655 879 1709 υἱὸν,
915 1657 988 1697 καί
1020 1652 1250 1709 προθύμως
1288 1654 1530 1699 δουλεύσειν

96 1721 225 1767 αὖτὸν
252 1739 296 1766 τε
325 1725 396 1765 καί
418 1721 495 1777 την
522 1721 748 1775 σύμπασαν
774 1720 999 1777 στρατιὰν,
1028 1717 1074 1763 οἷ
1094 1717 1349 1780 ἂνηκελεύοι.
1403 1726 1529 1776 βασι-,

96 1788 192 1838 λεὺς
233 1790 279 1830 δὲ
307 1783 405 1830 οὔτε
437 1787 640 1829 ἀπείπατο
672 1787 748 1842 τὴν
775 1788 1020 1842 πρεσβείαν,
1060 1781 1149 1829 οὔτ’
1180 1786 1308 1837 εὐθὺς
1335 1790 1529 1833 συνέθετο

42 1853 200 1910 ηὸπρός
226 1854 302 1909 τὴν
327 1853 573 1909 ἐπιγαμίαν,
602 1852 707 1895 ἀλλὰ
735 1846 951 1908 προσηνῶς
974 1868 1017 1895 τε
1044 1854 1118 1896 καί
1141 1850 1308 1910 ἡμέρως
1325 1859 1411 1904 τοῖς
1430 1855 1530 1910 πρέ-

192 1944 243 1978 17.
269 1933 398 1967 οἰκίαν
427 1932 463 1967 P.
535 1933 587 1967 18.
616 1917 657 1967 δὲ
683 1943 750 1966 om.
771 1932 809 1966 P.

97 2013 164 2046 fice
187 2012 343 2056 excepit,
374 2016 411 2045 et
430 2011 651 2056 Apocauchi,
671 2010 787 2055 magni
815 2010 930 2050 ducis,
944 2012 1021 2045 filia
1046 2011 1316 2055 Tomprotitzae
1340 2013 1380 2046 in
1403 2012 1529 2046 coniu-

99 2061 196 2104 gium
220 2059 353 2091 sociata
368 2083 377 2098 ,
402 2058 528 2091 ducem
555 2069 635 2091 eum
662 2059 811 2091 Romani
841 2059 1018 2092 exercitus
1043 2060 1189 2097 creavit,
1213 2059 1277 2104 qui
1301 2070 1382 2092 suas
1406 2059 1527 2103 copias

98 2117 180 2139 cum
205 2105 368 2141 Romanis
392 2105 622 2146 coniunctas,
644 2105 858 2149 imperatore
886 2105 1128 2148 Didymoticbi
1158 2105 1321 2150 degente,
1355 2105 1394 2138 in
1427 2106 1528 2148 Sely-

98 2152 245 2185 brianos
268 2151 383 2187 duxit,
424 2151 613 2185 Phacrases
634 2156 752 2184 autem
777 2155 1015 2196 protostrator
1035 2151 1080 2184 ab
1104 2152 1320 2195 imperatore
1343 2151 1527 2195 Selybriae

100 2209 180 2230 cum
207 2197 386 2242 praesidio
415 2198 575 2238 relictus,
600 2197 819 2241 Selybrianis
852 2197 1041 2238 adiunctis,
1065 2209 1223 2242 egressus
1248 2198 1396 2242 oppido,
1419 2199 1530 2232 Tom-

98 2245 289 2290 protitzam
314 2245 444 2277 eximia
470 2245 604 2279 virtute
629 2244 771 2278 devicit.
799 2244 988 2289 imperitus
1014 2245 1108 2276 enim
1133 2244 1196 2277 ille
1220 2245 1380 2278 locorum
1419 2247 1526 2291 equi—

98 2296 213 2324 tatum
246 2301 312 2334 per
345 2290 457 2325 fossas
495 2295 533 2324 et
573 2291 755 2336 angustias
803 2297 839 2324 et
873 2292 995 2324 vineta
1029 2289 1201 2324 ducebat.
1236 2290 1333 2324 unde
1368 2292 1528 2336 superati

99 2338 139 2370 iu
171 2338 338 2369 conflictu
372 2338 478 2381 pauci
513 2338 709 2377 cadebant,
738 2337 843 2370 multi
867 2336 1104 2381 capiebantur
1141 2342 1178 2370 et
1212 2337 1273 2370 vix
1297 2339 1412 2383 aliqui
1437 2340 1527 2374 effu-

101 2383 260 2428 giebant.
321 2383 513 2428 Captorum
544 2384 760 2418 illustriores
798 2383 908 2417 vincti
950 2383 1121 2416 custodiis
1154 2383 1437 2424 mandabantur,
1463 2385 1527 2418 alii

100 2430 246 2474 spoliati
275 2429 574 2480 dimittebantur,
598 2430 930 2476 propemodumque
957 2436 993 2463 et
1017 2430 1278 2485 Tomprotitzas
1304 2432 1379 2475 ipse
1403 2436 1526 2475 captus

103 2482 170 2513 est.
218 2476 286 2510 Sed
301 2470 418 2520 ⁴ffigae
442 2457 732 2511 commoditatem
770 2483 912 2516 nactus,
947 2487 1025 2509 cum
1056 2477 1253 2520 ignominia
1277 2477 1394 2511 rediit.
1442 2479 1526 2511 Post

102 2534 179 2556 eam
202 2523 340 2556 cladem
365 2525 442 2568 ipse
481 2524 664 2567 Byzantii,
700 2525 770 2556 iam
794 2533 904 2556 uxore
930 2523 1084 2555 Romana
1110 2523 1272 2566 potitus,
1297 2523 1459 2558 subsedit
1484 2536 1526 2558 ac

102 2580 168 2614 pro
202 2568 376 2613 dignitate
415 2569 461 2602 ab
496 2571 722 2614 imperatrice
753 2573 924 2603 tractatus
961 2575 1030 2603 est:
1073 2568 1284 2603 Theodorus
1310 2571 1418 2604 frater
1442 2582 1523 2603 cum

102 2615 268 2660 reliquiis
288 2616 443 2649 militum
463 2615 608 2648 domum
624 2617 840 2661 remigravit.
865 2615 1068 2649 Secundum
1085 2615 1172 2649 haec
1183 2615 1374 2656 Orchanes,
1393 2617 1439 2650 ad
1455 2618 1527 2650 im-

102 2667 304 2707 peratorem
325 2662 439 2695 missis
450 2663 664 2703 oratoribus,
678 2665 754 2696 eius
769 2663 878 2695 filiam
897 2672 1040 2695 uxorem
1053 2663 1186 2708 poscit:
1211 2674 1314 2708 quam
1328 2665 1357 2696 si
1370 2664 1527 2699 libenter

104 2708 258 2748 dederit,
274 2715 397 2742 contra
417 2710 578 2753 quemvis
600 2711 832 2742 Romanorum
855 2708 993 2742 hostem
1015 2709 1149 2742 auxilia
1159 2711 1360 2755 promittit:
1378 2721 1442 2743 nec
1453 2715 1526 2742 tam

105 2754 151 2794 de
165 2760 282 2792 cetero
296 2755 372 2790 sore
385 2756 521 2794 socium
540 2761 577 2790 et
587 2757 753 2797 amicum,
768 2766 873 2801 quam
885 2755 1011 2796 filium,
1024 2757 1245 2802 impigreque
1254 2757 1309 2790 illi
1321 2769 1400 2792 cum
1412 2756 1527 2790 omni-
