1812 3146
537 185 915 230 msTomARUM
956 191 1028 232 111.
1058 191 1126 236 81
1445 177 1560 252 499

118 282 171 339 τῇ
207 283 357 340 Δέρκῃ
384 283 433 341 τῇ
473 284 596 341 λίμνῃ
636 284 757 326 πόλιν
794 288 868 329 καί
911 287 1117 345 φρούριόν
1140 307 1190 333 τι
1225 291 1364 350 ἕτερον
1392 294 1443 337 ου
1470 301 1646 349 μα-ΑΗΟ
1666 301 1754 347 1345

119 345 226 403 κρὰν
267 347 533 404 Βυζαντίου,
562 350 811 406 Ἐμπυρίτην
851 355 1283 411 προσαγορευόμενον·
1349 356 1438 403 εἶτα
1466 357 1603 404 ἄνις-0

115 429 297 469 στρεφεν
333 416 392 463 εις
418 412 494 469 τήν
524 417 689 462 οἰκείαν.
755 415 837 458 ὑπὸ
870 420 916 461 δὲ
944 418 1043 469 τούς
1070 417 1224 471 αὗτους
1263 421 1447 479 χρόνους
1490 429 1564 469 καὶ

115 476 328 533 Μανουήλ
368 478 392 520 ὅ
430 478 632 536 νεώτερος
658 499 741 523 των
767 485 972 535 βασιλέως
1000 484 1105 528 υἱῶν
1131 489 1323 568 Be9'901'qe
1350 491 1559 546 ἐνδιατρί-

91 547 225 597 ὄβων,
270 560 370 600 οιάρ
408 543 592 602 ἔγραφεν
619 548 725 589 ιδεῑν
753 550 951 593 τοιοῦτον.
1007 553 1145 594 ἐδόκει
1173 552 1246 595 έπι
1268 557 1405 610 κλίνης
1435 555 1561 606 αὐτὸς

114 606 305 651 ἑστάναι·
359 613 536 664 βασιλέα
568 613 615 653 δὲ
641 611 714 654 τὸν
741 617 900 670 πατέρα
931 617 1126 670 τήβεννον
1155 617 1304 672 ἔχοντα
1334 623 1407 662 καί
1429 624 1560 674 χιτῶ-

112 690 162 716 να
192 675 488 732 περιπόρφυρα
526 680 600 719 καί
632 677 840 734 ἱερατικὸν
881 681 1179 737 ἐπιτραχήλιον
1206 686 1415 740 χρυσοῦν,
1457 685 1560 744 πρὸς

113 739 240 783 αὐτὸν
266 742 421 794 ἐλθεῖν,
452 743 529 783 δύο
560 745 607 785 δὲ
635 740 802 799 ετέρους
831 740 1091 802 εκατέρωθεν
1117 751 1239 806 αότῶ
1268 754 1559 806 παρέπεσθαι,

113 822 170 848 ων
200 822 346 862 ατερος
379 810 457 860 μὲν
511 808 560 849 οὗ
602 825 807 864 γνωριμος
836 805 915 864 ἢν,
972 809 1059 866 εἶχε
1089 816 1135 855 δὲ
1163 813 1210 855 τὸ
1242 817 1457 872 προφήτου
1487 819 1559 861 Ἠ-

62 873 232 916 ιοσαΐου
270 873 432 926 βιβλίον
466 873 745 932 οἷνεωγμένον·
816 879 1109 932 Λαντζαρέτος
1146 881 1192 922 δὲ
1222 896 1242 921 ο
1284 881 1475 938 δεύτερος
1508 883 1554 925 τὸ

109 940 316 990 βασιλέως
346 940 463 994 ξίφος
491 937 601 994 εἶχεν
629 942 674 982 ὲν
701 941 835 995 χερσί.
887 946 1062 995 βασιλέα
1093 947 1139 988 δὲ
1166 945 1294 1001 κηρὸν
1327 947 1444 988 αὐτῶ
1470 957 1595 991 noc-D

108 1006 364 1058 ρεσχημένον
391 1021 460 1046 και
492 1008 732 1061 σφραγῖδα,
752 1024 883 1063 αμφω
910 1008 1104 1064 ἐρυθρὰ,
1135 1009 1428 1067 ,,σφράγισον”
1453 1013 1559 1067 πρὸς

106 1067 177 1110 τὸν
207 1067 296 1111 υἱὸν
315 1072 455 1116 εἰπεῖν,
485 1074 563 1112 τοῦ
580 1073 626 1114 δὲ
649 1075 976 1128 σφραγίσαντος,
1003 1076 1136 1126 ζωντα
1151 1079 1297 1118 λέοντα
1317 1079 1560 1134 ἐντυπωθν-

107 1150 177 1177 ναι
208 1136 268 1193 τῷ
294 1137 430 1194 κηρῷ,
463 1132 619 1192 ἄστρον
647 1137 939 1192 λαμπρότατον
968 1155 1023 1196 τω
1053 1141 1122 1181 δεῖ
1101 1143 1175 1198 ,ιῷ
1203 1141 1432 1195 κατέχοντα
1459 1146 1560 1186 ποδί

58 1199 179 1246 ιὸκαι
196 1198 298 1256 πρὸς
316 1204 375 1258 τῷ
395 1218 496 1260 ωμῳ
518 1202 659 1258 ἕτερον
677 1201 828 1258 μικρὸν
849 1202 1000 1258 ἔχοντα
1019 1207 1369 1259 ἐγκεκολαμμένον
1383 1203 1556 1263 ἄστρον.

102 1268 280 1319 βασιλέα
299 1268 347 1309 δὲ
364 1269 493 1310 εἰπεῖν
503 1268 769 1323 »ἀναστήσω
786 1267 1276 1326 αὕτόν.”ἆναστήσαντος
1291 1273 1338 1314 δὲ
1355 1275 1431 1314 τοῦ
1444 1274 1555 1327 υἱοῦ,

103 1330 177 1374 τὸν
195 1330 242 1373 τὸ
261 1332 423 1386 βιβλίον
439 1335 615 1376 Ἡσαΐου
635 1337 864 1388 κατέχοντα
886 1337 1028 1389 εἰπεῖν,
1049 1335 1102 1389 ,,ὄ
1117 1335 1218 1384 θεὸς
1239 1336 1456 1391 ὡδήγησεν
1476 1341 1554 1380 αὖ·

100 1395 174 1438 τόν
202 1399 247 1448 ἐξ
271 1396 519 1452 Αἰγύπτου,
553 1399 610 1448 ὥς
631 1399 758 1451 δόξαν
776 1403 1053 1455 μονοκέρωτος
1088 1401 1222 1443 αὐτοῦ
1250 1400 1422 1445 ἔδεσθαι
1450 1402 1554 1460 ἔθνη

102 1464 268 1519 ἐχθρῶν
287 1464 431 1517 αὐτοῦ’,
450 1464 524 1506 καί
536 1471 626 1513 ταῖς
638 1467 798 1518 βολίσιν
813 1466 952 1508 αὐτῶν
971 1466 1266 1517 κατατοξεύσει
1292 1471 1366 1510 καί
1394 1467 1444 1511 τοὶ
1473 1470 1553 1512 πά-

50 1545 159 1583 202¹]
189 1528 327 1570 αὐτῶν
354 1531 576 1582 ἑκμυελιεϊ.
618 1530 860 1578 ἀνακλιθεὶς
884 1529 1152 1572 ἀνεπαύσατο
1173 1532 1230 1580 ὥς
1251 1535 1357 1574 λε’ων
1379 1537 1451 1576 καὶ
1490 1532 1547 1584 ὦς

98 1593 292 1647 σκύμνος·
310 1595 372 1643 τίς
391 1597 531 1650 ἐγερεῖ
546 1591 700 1647 αὖτόν;
723 1593 761 1636 οἱ
781 1592 1040 1649 εὖλογοῦντές
1061 1612 1108 1637 σε
1127 1599 1406 1651 εὐλογημένοι,
1421 1601 1493 1642 καί
1508 1599 1547 1642 οἱ

98 1658 390 1716 καταρώμενοί
411 1677 459 1702 σε
478 1660 810 1716 κεκατήρανται.”
824 1662 957 1702 ταῦτα
975 1663 1022 1702 δὲ
1040 1660 1176 1703 ἐδόκει
1198 1664 1253 1718 τῷ
1272 1665 1422 1720 βιβλίῳ
1440 1659 1535 1707 ὄντα
1549 1676 1664 1713 P.632

96 1726 409 1782 ἐγγεγραμμένα
433 1723 743 1781 ἀναγινώσκειν.
772 1724 973 1779 βασιλευς
1003 1728 1050 1769 δὲ
1069 1722 1199 1777 αὖθις
1224 1729 1283 1784 τῷ
1310 1729 1389 1787 υἱῷ
1416 1745 1546 1786 προσ-ο,

96 1869 241 1909 praeter
279 1864 483 1911 Sozopolim
518 1863 674 1913 subegit,
733 1862 842 1913 cepit
872 1864 957 1901 item
986 1862 1161 1913 oppidum
1187 1869 1226 1901 in
1255 1868 1366 1902 Derce·
1394 1866 1540 1912 palude,

96 1917 133 1944 et
158 1912 346 1946 castellum
382 1913 564 1957 quoddam
602 1925 677 1947 non
712 1914 839 1958 procul
880 1916 1072 1958 Byzantio,
1107 1915 1319 1967 Empyriten
1346 1915 1540 1952 vocabulo:

95 1957 228 1992 deinde
252 1959 291 1991 in
316 1961 536 2001 provinciam
562 1961 681 1995 rediit.
732 1960 806 1993 Sub
828 1960 925 1993 idem
949 1967 1091 2005 tempus
1115 1961 1263 1994 Manucl
1292 1962 1415 1994 iunior
1439 1963 1534 1996 filius

94 2004 172 2038 eins
208 2004 409 2038 Berrhoeae
444 2018 615 2048 manens,
653 2006 725 2040 tale
751 2007 863 2046 visum
888 2018 954 2051 per
976 2018 1139 2041 somnum
1163 2007 1233 2040 sibi
1260 2007 1422 2041 oblatum
1445 2011 1534 2042 scri-

93 2052 176 2095 psit.
225 2051 428 2086 Videbatur
453 2053 524 2086 sibi
551 2053 676 2086 sedere
702 2064 809 2096 super
834 2054 993 2094 lectulo,
1031 2061 1171 2098 patrem
1200 2058 1319 2087 autem
1347 2060 1466 2097 togam
1496 2063 1535 2090 et

92 2098 251 2131 tunicam
275 2110 434 2143 purpura
461 2105 662 2144 praetextas
690 2100 871 2139 indutum,
899 2106 1170 2145 gestantemque
1200 2112 1219 2132 a
1245 2100 1339 2133 collo
1367 2103 1531 2144 peu-iens

91 2145 228 2178 monile
257 2145 479 2179 sacerdotale
507 2158 655 2179 aureum
687 2146 879 2186 accedere,
912 2147 1037 2180 dextra
1063 2148 1215 2191 levaque
1239 2147 1412 2191 stipatum
1438 2148 1530 2181 duo-

90 2189 182 2230 bus,
220 2202 370 2237 quorum
406 2193 497 2226 alter
522 2194 687 2237 ignotus,
722 2193 921 2238 prophetae
943 2193 1060 2227 Isaiae
1082 2193 1253 2226 volumen
1278 2198 1444 2237 apertum
1471 2201 1528 2228 te-

88 2235 218 2271 nebat:
251 2238 343 2271 alter
376 2238 614 2279 Lauzaretus,
653 2239 809 2286 gladium
851 2241 1078 2284 imperatoris
1117 2249 1226 2272 manu
1263 2240 1454 2284 portabat,
1490 2247 1528 2275 et

88 2284 208 2328 ipsum
241 2284 493 2328 imperatorem
532 2297 648 2319 ceram
688 2290 725 2318 et
755 2286 938 2330 sigillum,
977 2287 1082 2320 ambo
1121 2284 1253 2326 rubra,
1280 2287 1527 2330 porrigentem

87 2329 358 2377 dicentemque,
382 2330 500 2375 Signa.
549 2333 640 2366 Cum
672 2333 859 2378 signasset,
888 2332 1006 2365 vivum
1029 2333 1173 2366 leonem
1198 2332 1236 2365 iu
1263 2343 1344 2365 cera
1370 2334 1524 2386 impres-

89 2388 166 2409 sum
191 2387 385 2424 apparere,
416 2379 541 2414 dextro
566 2380 656 2424 pede
682 2380 821 2412 stellam
847 2384 1031 2412 tenentem
1055 2379 1337 2419 lucidissimam,
1365 2384 1402 2413 et
1424 2381 1526 2414 iuxta

89 2434 226 2457 armum
258 2425 366 2457 aliam
403 2425 542 2458 stellam
583 2425 762 2459 modicam
796 2426 897 2460 velut
933 2426 1148 2470 insculptam
1172 2424 1379 2459 habentem.
1428 2427 1523 2460 Tum

87 2470 343 2515 imperatorem
375 2471 517 2512 dicere,
544 2472 669 2505 Excita
694 2474 822 2517 ipsum.
871 2472 981 2516 Quod
1007 2484 1087 2505 cum
1112 2473 1267 2511 faceret,
1296 2471 1358 2518 qui
1384 2472 1519 2506 librum

87 2516 204 2550 Isaiae
240 2517 412 2556 tenebat,
443 2517 533 2552 haec
568 2518 654 2552 inde
685 2519 878 2552 videbatur
912 2520 1084 2559 recitare,
1120 2518 1295 2551 Dominus
1330 2518 1403 2552 dux
1439 2520 1518 2552 eius

87 2562 159 2597 suit
193 2574 238 2597 ex
270 2542 454 2617 Aegypto,
488 2570 528 2598 ut
563 2565 713 2610 gloriam
746 2566 930 2599 unicornis
971 2567 1072 2604 eius,
1117 2569 1158 2596 ut
1190 2564 1355 2597 comedat
1392 2572 1517 2610 gentes

87 2607 317 2643 inimicorum
350 2611 449 2649 eius,
485 2617 522 2644 et
554 2612 680 2644 iaculis
716 2622 838 2644 eorum
864 2611 1080 2644 iaculabitur
1107 2615 1144 2643 et
1168 2611 1364 2645 crassitiem
1390 2619 1515 2645 eorum

88 2656 337 2692 emedullabit.
385 2656 564 2690 Recubuit
587 2663 624 2690 et
649 2658 790 2702 quievit
819 2662 859 2690 ut
889 2658 947 2690 leo
976 2662 1013 2691 et
1040 2661 1081 2690 ut
1105 2657 1245 2690 catulus
1268 2657 1406 2698 leonis,
1432 2660 1513 2703 quis

87 2702 263 2738 excitabit
285 2702 413 2737 illum?
438 2703 500 2748 qui
526 2703 748 2737 benedicunt
771 2703 861 2742 tibi,
893 2708 977 2737 sunt
1000 2700 1206 2743 benedicti,
1238 2708 1276 2738 et
1299 2705 1363 2750 qui
1395 2705 1513 2737 male-

86 2748 234 2792 dicunt,
258 2750 453 2783 maledicti.
502 2751 599 2783 Haec
622 2751 684 2783 ille
710 2750 804 2783 libro
832 2751 1004 2794 inscripta
1027 2750 1178 2784 recitare
1201 2749 1398 2784 videbatur.
1437 2751 1510 2782 Im-

83 2801 246 2840 perator
256 2807 376 2833 rursus
409 2797 522 2831 filium
559 2798 696 2842 signare
729 2797 844 2834 iussit.
909 2797 1001 2832 Cum
1029 2798 1224 2844 signasset,
1258 2807 1423 2844 expressa
1456 2801 1511 2831 est
