1800 3138
527 189 904 234 ms‘romARUM
945 193 1018 232 111.
1048 191 1116 237 [ιὸ.
1437 168 1507 225 28
1522 188 1540 223 1

112 293 186 338 καί
225 289 321 336 οὔτε
355 292 528 346 οἶγαθαῖν
561 289 828 346 ἐπαγγελίαι,
873 285 967 332 οὔτε
995 291 1142 332 δεινῶν
1182 288 1422 344 ἐπαγωγαί,
1443 282 1750 341 ,⁰33'A-'C-1342

113 361 252 416 ἕτερον
279 359 361 400 τῶν
387 352 521 399 ὄντων
549 374 605 411 τι,
633 358 706 412 τῆς
733 354 840 412 πρὸς
867 358 1020 398 ἐκεῖνον
1048 358 1225 404 πίστεως
1253 353 1476 410 δυνήσεται
1502 353 1553 395 α’-

114 426 318 479 ποστῆσαι
352 425 427 465 καί
453 423 630 478 α’γάπης.
698 423 777 463 σοῦ
814 423 863 463 δὲ
900 422 1146 476 ἐπιστρέψει
1183 420 1205 463 ὁ
1233 418 1358 469 πόνος
1383 421 1454 461 ἐπὶ
1477 417 1555 474 τήν

115 487 300 546 κεφαλήν
342 490 416 530 καί
450 490 520 530 ε’πί
557 485 750 544 κορυφὴν
785 487 811 542 ἢ
852 487 994 528 ἀδικία
1030 502 1108 529 σου
1135 484 1428 541 καταβήσεται.
1481 482 1587 540 τὴνΛ

89 558 192 609 ὃμὲν
230 550 306 597 οὖν
341 556 568 609 α’πολογίαν
607 552 718 608 ἔχεις
744 546 826 609 ἤδη
852 555 952 609 παρ’
979 553 1097 608 ἡμῶν
1126 552 1246 603 ἀξίαν
1269 553 1353 593 τῶν
1379 566 1560 606 γεγραμ-

112 623 262 674 μένων.
325 619 423 669 τούς
456 619 726 672 κεκομικότας
758 620 804 660 δὲ
831 616 883 660 τοὶ
912 618 1143 673 γράμματα
1169 620 1245 660 νῦν
1274 619 1353 671 μὲν
1380 613 1560 665 ἀπαθεῖς

115 686 427 739 α’πεπέμψαμεν
453 688 615 738 κακῶν,
640 682 736 733 τούς
762 682 861 740 περὶ
885 682 939 726 τά
968 685 1147 726 τοιαῦτα
1179 685 1392 736 κειμένους
1418 680 1560 723 αἰδού-

114 767 231 806 μενοι
258 750 426 805 νόμους,
461 750 504 792 οἳ
519 751 654 799 κακῶς
679 755 812 791 ποιεῖν
840 747 1149 805 ἀπαγορεύουσι
1176 746 1276 798 τούς
1298 748 1404 803 πρὸς
1423 743 1556 800 οἷπαγ-
1572 760 1597 792 Β

114 820 254 872 γελιάς
278 814 482 872 ἥκοντας·
536 811 589 858 ἂν
620 818 667 858 δὲ
696 818 786 868 μετ’
824 813 980 864 αὐτοὺς
1012 816 1155 869 ἕτεροί
1174 830 1281 863 τινες
1310 814 1560 870 ἀφίκωνται,

69 883 298 925 ιοῖοτωσαν
324 881 384 937 μη
415 877 516 924 ἄνευ
545 885 712 936 πληγῶν
738 884 812 924 καί
835 882 1043 936 τιμωρίας
1073 881 1148 935 τῆς
1175 881 1346 935 δεούσης
1373 877 1562 920 α’παλλά-

118 951 291 1000 ξοντες.”
343 950 521 991 τοιαῦτα
558 949 637 1001 μὲν
678 946 715 990 οἱ
753 949 798 990 ἐν
824 947 1119 1004 Διδυμοτείχῳ
1147 947 1413 1000 ἀντέγραψαν
1441 944 1564 987 Ἀπο-

117 1013 258 1072 καύκῳ
286 1015 344 1071 τῷ
371 1013 535 1072 μεγάλῳ
564 1014 700 1055 δουκί.
758 1012 780 1055 ὅ
809 1013 877 1066 δὲ,
925 1013 1019 1055 ἐπεὶ
1050 1010 1101 1053 τά
1131 1010 1364 1067 γράμματα
1393 1006 1568 1064 ἀνέγνω,

117 1079 250 1122 πολλοὶ
276 1084 365 1128 τοῖς
389 1078 646 1134 γεγραφόσιν
674 1076 925 1133 ἀπειλήσας,
954 1079 1214 1119 α’πέπλευσεν
1242 1077 1302 1126 εἰς
1320 1075 1560 1126 Βυζάντιον

119 1146 192 1187 καὶ
227 1145 415 1195 ἐδέξαντο
444 1143 569 1186 αΰτὸν
604 1141 690 1198 ὃ’,τε
726 1144 987 1199 πατριάρχης
1028 1144 1102 1185 καί
1128 1142 1154 1198 ἦ
1182 1143 1423 1195 συνωμοσία
1451 1143 1690 1196 μετοὶΥ.405

69 1212 282 1256 ιόπολλῶν
321 1211 407 1252 τῶν
449 1208 607 1266 κρότων
639 1211 714 1251 καί
751 1209 958 1260 ἐπαίνων,
987 1209 1044 1258 ὥς
1070 1211 1206 1258 καλῶς
1234 1203 1567 1261 ἐστρατηγηκότα

119 1275 193 1318 καί
226 1275 460 1331 νενικηκότα
491 1272 854 1330 Καντακουζηνόν.
922 1275 997 1317 καί
1033 1273 1165 1324 αὐτὸς
1195 1270 1276 1329 ἤδη
1305 1271 1568 1329 φρονήματος

119 1338 178 1384 (ὃν
220 1339 434 1392 ἀνάπλεως
461 1339 533 1382 διὰ
567 1340 644 1396 την
669 1342 942 1396 στρατηγίαν,
991 1338 1283 1382 ἀνυπεύθυνον
1309 1335 1443 1394 ἑαυτῷ
1485 1353 1567 1378 πα·-

121 1407 285 1462 ρείχετο
313 1409 397 1448 τῶν
421 1407 681 1462 πραγμάτων
707 1405 785 1461 τήν
824 1405 963 1463 α’ρχην
996 1405 1071 1448 καί
1103 1404 1238 1447 πάντα
1283 1402 1461 1460 ἔπραττε
1497 1401 1605 1445 καὶΟ

123 1470 287 1530 διῴκει,
330 1466 358 1528 ᾗ
405 1473 522 1530 αὐτῷ
551 1471 707 1526 ἐδόκει,
750 1471 827 1527 τὴν
865 1471 1085 1528 ὑπόκρισιν
1115 1473 1188 1513 καί
1211 1468 1258 1512 τὸ
1288 1468 1569 1524 βουλεύεσθαι

69 1533 203 1592 αοῆδη
241 1537 299 1587 ὥς
337 1534 529 1592 οἷνόνητον
569 1538 836 1594 α’πορᾜίψας.
871 1538 1045 1593 -Εἰρήνη
1076 1539 1121 1579 δὲ
1149 1536 1316 1591 βασιλὶς
1343 1533 1370 1590 ἦ
1399 1538 1569 1577 Καντα-

124 1602 301 1659 κουζηνῆ
343 1600 432 1656 ἅμα
471 1603 686 1658 Μανουηλ
723 1605 881 1660 Ἀσάνῃ
925 1605 983 1661 τῷ
1017 1604 1216 1660 α’δελφῷ,
1261 1600 1353 1643 ἐπεὶ
1380 1599 1418 1642 οἱ
1450 1599 1568 1655 παρὰ

123 1669 381 1712 Ἀποκαύκου
428 1671 504 1710 τοῦ
552 1669 737 1723 μεγάλου
790 1665 957 1724 ἥκοντες
1013 1666 1162 1716 δουκὸς
1207 1665 1461 1721 ἀπήγγελλον
1514 1662 1567 1706 τὰ

123 1733 224 1788 περὶ
265 1736 470 1787 βασιλέως
508 1731 576 1778 οἷα
606 1734 794 1790 συμβαίη
834 1737 879 1777 ἐν
906 1737 948 1777 Γ
943 1732 1277 1790 υναικοκάστρῳ,
1326 1731 1570 1773 ὑπώπτευον

123 1801 202 1854 μὲν
246 1800 320 1841 καί
362 1798 422 1854 μὴ
470 1799 733 1843 παντάπασιν
773 1797 881 1843 εἶναι
924 1801 1082 1856 α’ληθῆ,
1135 1797 1242 1853 πλην
1288 1799 1568 1853 ἐθορυβοῦντο

71 1867 321 1923 25σφοδρῶς
369 1868 443 1908 καί
482 1869 768 1921 ἐκυμαίνοντο.
843 1866 1105 1909 ἐδεδοίκεσαν
1141 1863 1237 1922 γὰρ,
1274 1863 1334 1921 μη
1373 1865 1456 1906 τῶν
1493 1863 1568 1904 αὕ-

126 2020 227 2054 iuius
251 2029 318 2053 nos
343 2017 570 2055 abstraxerit.
618 2017 720 2049 Tuus
746 2022 866 2050 autem
893 2014 998 2048 labor
1027 2019 1226 2049 revertetur
1257 2016 1297 2048 in
1328 2018 1434 2059 caput
1463 2018 1568 2047 tuum

128 2073 166 2101 et
191 2069 229 2099 in
254 2067 423 2099 verticem
453 2070 553 2099 tuum
578 2063 756 2110 iniquitas
782 2069 842 2096 tua
868 2061 1073 2100 descendet.
1120 2062 1240 2095 Habes
1271 2062 1417 2107 dignum
1444 2060 1506 2093 abs
1531 2066 1568 2095 te

130 2113 274 2157 scriptis
311 2122 531 2156 responsum.
591 2111 819 2145 Tabellarios
855 2121 952 2143 nunc
994 2108 1140 2155 quidem
1172 2109 1327 2142 intactos
1366 2109 1568 2142 dimisimus

129 2160 249 2203 legum
278 2159 500 2199 reverentia,
529 2158 660 2202 quibus
693 2158 767 2191 illis
801 2162 956 2190 cavetur.
982 2155 1020 2189 Si
1048 2156 1112 2188 alii
1137 2156 1432 2200 supervenerint,
1454 2155 1570 2187 sciant

131 2217 170 2239 se
194 2206 272 2237 sine
297 2205 410 2249 plagis
434 2204 686 2249 supplicioque
712 2203 891 2248 condigno
917 2202 1013 2236 haud
1038 2201 1215 2235 abituros.
1256 2202 1352 2235 Haec
1376 2202 1439 2246 qui
1466 2205 1570 2234 erant

127 2251 399 2294 Didymotichi‚
425 2250 638 2295 Apocaucho
664 2261 792 2295 magno
818 2251 902 2283 duci
932 2249 1217 2295 responderunt:
1244 2249 1376 2295 quibus
1409 2248 1470 2279 ine
1488 2258 1570 2291 per·

129 2299 253 2338 lectis,
290 2298 403 2331 multa
439 2297 595 2330 minatus
630 2297 838 2341 Byzantium
865 2297 1117 2340 abuavignit,
1154 2294 1218 2328 ubi
1243 2306 1263 2326 a
1295 2293 1496 2339 patriarcha
1532 2299 1570 2326 et

131 2345 331 2380 coniuratis
358 2355 439 2378 cum
470 2344 657 2388 geminatis
682 2343 872 2390 plausibus
899 2349 935 2377 et
967 2343 1192 2388 praeconiis,
1226 2347 1266 2375 ut
1294 2342 1356 2387 qui
1386 2341 1568 2385 praeclare

129 2391 317 2435 implesset
354 2390 454 2422 ducis
487 2389 641 2424 officium
677 2391 1040 2434 Cantacuzenumque
1078 2389 1241 2428 vicisset,
1284 2395 1454 2432 exceptus
1492 2392 1568 2420 est:

132 2439 198 2483 qui
221 2438 293 2470 iam
321 2441 466 2483 propter
494 2436 640 2470 ductum
665 2439 861 2471 exercitum
878 2436 1048 2482 superbia
1067 2435 1246 2479 turgidus,
1276 2445 1392 2467 rerum
1411 2444 1569 2466 summae

132 2485 185 2518 sic
217 2494 379 2527 praeesse
415 2482 638 2527 incipiebat,
675 2490 715 2517 ut
748 2486 925 2517 rationem
951 2483 1090 2516 nullam
1118 2482 1289 2514 referret:
1327 2481 1569 2527 simulat-eque

132 2530 290 2574 amplius
317 2536 353 2563 et
377 2530 600 2570 consultare,
635 2535 676 2564 ut
700 2531 869 2571 inutilia,
899 2541 1094 2574 spernens,
1128 2539 1192 2571 pro
1229 2527 1383 2562 libidine
1411 2528 1571 2560 faciebat

134 2583 173 2611 et
197 2576 344 2622 regebat
377 2577 507 2608 omnia·
555 2577 660 2611 Irene
694 2583 815 2610 autem
843 2578 1092 2611 Cantacuzena
1119 2575 1347 2620 imperatrix,
1385 2586 1463 2607 cum
1491 2574 1570 2606 Ma-

132 2623 243 2658 nuele
268 2623 382 2655 Asane
408 2623 541 2662 fratre,
566 2629 607 2657 ut
631 2623 675 2657 ab
700 2624 916 2668 Apocaucho
953 2622 1072 2655 nuntii
1108 2627 1301 2661 venerunt,
1340 2622 1428 2666 quid
1453 2623 1570 2665 impe-

137 2670 244 2704 ratori
270 2669 366 2713 apud
396 2669 719 2713 Gynaecocastrnm
746 2672 867 2709 lieret,
892 2679 1106 2714 quamquam
1134 2679 1207 2701 non
1231 2669 1377 2712 penitus
1395 2679 1476 2700 vera
1494 2677 1571 2699 esse

137 2716 426 2760 suspicarentur,
457 2721 576 2749 tamen
615 2716 845 2749 vehementer
872 2714 1183 2748 conturbabantur
1211 2715 1571 2759 sollicitudinumque

138 2762 306 2799 fluctibus
326 2762 548 2796 aestuabant.
598 2762 809 2796 Metuebant
835 2774 1002 2808 numque,
1030 2773 1075 2794 ne
1102 2762 1247 2809 quidam
1274 2762 1318 2794 ὼε
1347 2762 1446 2794 iuius
1472 2772 1574 2793 cacr-

138 2809 212 2843 citu
237 2808 329 2843 clam
357 2810 540 2854 ne50tium
564 2810 688 2843 Annae
714 2815 869 2854 agentes,
880 2809 1185 2855 opportunitatem
1210 2809 1304 2843 hanc
1329 2813 1365 2842 et
1389 2807 1572 2840 adversam
