1812 3146
260 147 391 221 '492
776 168 779 171 ’
813 167 1181 213 CANTAcUzEm

86 262 390 321 Δ·(5’·134ὶὶ,ιιετιιῖ
423 266 498 322 τὴν
525 262 570 309 ἓν
609 269 649 309 Γ
647 268 953 327 υναικοκάστρῳ
996 274 1073 313 τοῦ
1100 273 1304 324 βασιλέως
1331 268 1596 330 ὢναχώρησιν
1627 273 1709 317 ύπό

283 330 467 386 μεγάλου
508 332 657 382 δουκὸς
695 333 828 375 πολλοὶ
868 339 1155 391 φενακισθείς,
1199 339 1273 379 καί
1301 341 1361 388 εἰς
1395 338 1494 388 τούς
1524 339 1715 395 πρώτους

280 399 363 439 τῶν
397 398 531 453 φίλων
566 400 831 453 τεταγμένος,
870 400 1249 456 πρωτοβεστιάριός
1288 418 1333 445 τε
1378 399 1501 462 ὅλίγῳ
1543 402 1715 461 ὕστερον

283 462 575 516 ἀναδειχθεὶς,
618 461 760 506 ἔπειτα
798 465 855 515 εἰς
883 466 956 520 τήν
984 468 1118 509 οἰκίαν
1162 472 1432 524 κατεκλείσθη
1475 468 1550 511 καί
1587 469 1716 526 ζόφον

241 530 509 584 Βκατεκρίθη
539 535 625 578 τοῖς
653 525 809 579 ἄλλοις
831 530 985 584 ὁμοίως
1014 534 1177 588 φίλοις,
1224 536 1298 576 καί
1322 533 1474 590 χρόνον
1504 532 1612 577 οὕτω
1640 535 1744 577 σιν-5

283 591 388 646 χνὸν
416 594 617 644 διανύσας
643 596 953 652 φρουρούμενος
979 599 1024 640 ἐν
1054 601 1107 654 τῇ
1133 600 1242 657 οἰκίᾳ
1260 631 1273 654 ,
1300 596 1472 655 ὕστερον
1502 598 1732 656 ιιέτε-’,λεύτη->

285 674 359 711 σε,
390 662 513 713 πένης
539 662 611 702 καί
640 655 790 714 ιῖτιμος
817 663 861 712 ἐξ
898 662 1076 718 εὐπόρου
1109 663 1181 706 καὶ
1207 666 1464 722 περιφανοῦς
1503 666 1719 720 γεγενημέ-

151 731 194 767 V.
207 732 273 768 502
287 739 369 774 νος.
425 725 666 783 πατριάρχῃ
696 729 741 769 δὲ
768 730 826 785 τῷ
847 728 1142 783 Ἱεροσολύμων
1171 724 1268 785 όῖρτι
1292 728 1380 773 τότε
1407 733 1453 774 ἐκ
1482 729 1719 783 Βυζαντίου

285 789 528 845 διαδράντι,
574 791 890 851 ὖποπτευομὲνῳ
927 795 1001 835 καί
1030 793 1208 849 πάσχειν
1247 798 1443 849 μέλλοντι
1479 798 1613 844 κακῶς
1652 793 1726 836 καὶ

284 856 499 914 ἀφιγμένῳ
542 856 647 912 πρὸς
677 855 838 911 αὐτόν,
883 858 904 902 ὃ
944 860 1142 913 βασιλεὺς
1175 859 1250 916 τὴν
1277 860 1439 917 Βιζύης
1466 862 1778 916 ἑνεχείρησενιο

283 921 532 975 ἐκκλησίαν,
568 919 675 963 (ὅστε
714 922 766 965 τοὶ
805 930 891 974 τοῖς
932 925 1060 981 ἱεροῖς
1098 924 1266 969 κανόσιν
1303 928 1550 980 ἐνδεδομένα
1588 924 1723 981 πράτ-

279 1002 368 1028 τειν
388 1019 399 1040 ,
444 986 535 1028 ἐπεὶ
560 988 711 1044 ταύτης
738 989 763 1030 ὅ
793 986 1020 1047 ἀρχιερεὺς
1048 991 1260 1048 ἀπεχώρει
1288 990 1363 1047 τὴν
1387 994 1594 1046 βασιλέως
1617 990 1723 1032 α’πο-

288 1051 501 1106 σειόμενος
535 1055 772 1109 ἐπιδημίαν.
826 1054 918 1098 ἐπεὶ
951 1058 998 1098 δὲ
1034 1055 1173 1100 πάντα
1211 1057 1387 1116 διῴκητο
1427 1055 1477 1099 τὰ
1507 1055 1614 1099 κατὰ
1651 1055 1727 1111 τὴν

285 1119 408 1160 πόλιν
437 1122 629 1174 βασιλεῖ,
681 1117 810 1171 αὖθις
838 1122 1092 1179 ἀνέστρεφεν
1131 1124 1191 1172 εἰς
1221 1121 1510 1178 Χαριούπολιν
1556 1120 1630 1164 καί
1651 1119 1728 1171 τοὶς

287 1181 412 1238 μήπω
453 1185 811 1240 προσχωρησάσας
847 1188 987 1238 πόλεις
1027 1193 1114 1237 τοῖς
1145 1203 1191 1230 τε
1231 1186 1373 1238 ὅπλοις
1414 1185 1601 1242 ἐβιάζετο
1656 1185 1782 1229 καίιό

290 1247 427 1302 λόγοις
462 1252 655 1299 πιθανοῖς
698 1253 904 1308 ἐπεχείρει
940 1254 1104 1296 πείθειν
1141 1258 1403 1309 προσχωρεῖν
1441 1254 1567 1310 αὐτῷ’.
1626 1250 1726 1302 δούξ

253 1317 339 1360 CB&
382 1313 403 1356 ὅ
442 1316 599 1368 μέγας,
645 1316 737 1357 ἐπεὶ
775 1318 822 1358 τὸ
863 1318 1091 1372 διατριζθειν
1135 1321 1285 1372 τειχῶν
1324 1316 1404 1370 ἔξω
1446 1316 1728 1372 ἀπηγόρευεν,

294 1379 358 1436 (αἱ
385 1382 462 1433 μὲν
502 1378 581 1435 γάρ
628 1384 710 1423 τῶν
737 1380 894 1424 πόλεων
938 1385 1270 1441 Καντακουζηνῷ
1302 1381 1634 1439 προσεχώρησαν
1671 1381 1730 1438 τῷ

290 1449 484 1499 βασιλεῖ,
526 1444 572 1487 αῖ
616 1448 662 1487 δὲ
715 1445 1064 1502 πολιορκούμεναι
1100 1446 1172 1488 καί
1197 1451 1333 1497 κακῶς
1371 1447 1611 1501 πάσχουσαι
1639 1451 1732 1495 ταῖς

291 1515 593 1567 καθημεριναῖς
630 1511 801 1567 ἐφόδοις
842 1513 1071 1568 α’μφιζθολοι
1099 1509 1179 1568 ἤδη
1207 1507 1339 1568 ἦσαν·
1380 1514 1621 1568 ἐπικουρίας
1648 1509 1786 1568 γὰρᾳο

294 1578 496 1629 ου’δεμιᾶς
523 1580 624 1632 παρ’
641 1577 772 1619 αὐτοῦ
801 1577 1052 1631 ἐτύγχανον,
1080 1577 1239 1632 συχνάς
1267 1577 1512 1631 ποιούμενοι
1538 1577 1613 1626 τὰς
1630 1592 1734 1630 πρε-

293 1644 437 1694 σβείας
472 1643 544 1682 καί
580 1641 656 1697 τὴν
693 1645 976 1697 κακοπραγίαν
1017 1642 1308 1700 ὅδυρόμενοι,)
1352 1643 1421 1685 ἵνα
1467 1642 1525 1698 μὴ
1569 1645 1732 1697 δοκοίη,

292 1704 434 1761 ὥσπερ
479 1707 523 1748 ἐν
561 1706 727 1764 μεγάλῳ
771 1706 952 1749 κλύδωνι
979 1707 1077 1757 τοὺς
1104 1707 1250 1757 οἴακας
1290 1710 1363 1764 τῆς
1402 1709 1539 1765 οἷρχῆς
1564 1712 1736 1750 καταλι-

295 1770 386 1813 πών
423 1771 552 1827 ἀργὸς
580 1774 797 1828 καθῆσθαι
830 1772 931 1829 πρὸς
961 1772 1014 1815 τὸ
1036 1774 1257 1825 διασώζειν
1284 1773 1494 1829 ἀπειπών,
1527 1769 1734 1828 ἑσκέψατό

295 1918 389 1964 iugis
414 1929 498 1952 suae
524 1929 731 1962 germanum
758 1919 968 1953 Manuelem
995 1920 1149 1954 Asanem
1176 1919 1398 1965 praefectum
1424 1917 1510 1962 ipsis
1526 1941 1536 1957 ,
1563 1921 1605 1950 ut
1638 1916 1737 1950 dice-

298 1964 449 2006 hamus,
483 1967 680 1999 constituit.
744 1966 833 1999 Nam
867 1971 1106 2011 protostrator
1129 1971 1211 2013 post
1234 1966 1469 2000 secessionem
1502 1962 1552 2004 ¹ab
1584 1963 1739 2008 impera-

297 2016 376 2045 tore
409 2011 507 2056 apud
553 2013 880 2055 Gynaecocastrum
915 2023 935 2044 a
972 2024 1099 2057 magno
1135 2013 1226 2046 duce
1273 2012 1414 2056 egregie
1452 2009 1658 2043 ludificatus
1700 2015 1740 2043 et

299 2061 397 2092 inter
430 2059 612 2104 principes
660 2059 855 2092 amicorum
882 2063 1068 2103 cooptatus
1109 2059 1292 2103 pauloque
1327 2062 1410 2102 post
1442 2057 1739 2101 protovestiarius

302 2104 528 2145 declaratus,
555 2110 680 2149 postea
705 2105 802 2138 domi
830 2115 916 2137 suae
947 2106 1107 2138 inclusus
1149 2110 1186 2138 et
1219 2103 1383 2137 tenebris
1418 2103 1587 2136 similiter
1610 2106 1652 2135 ut
1674 2102 1740 2135 alii

304 2151 469 2184 eiusdem
496 2152 596 2185 ducis
621 2153 726 2185 amici
754 2151 965 2192 damnatus,
991 2153 1044 2185 ita
1072 2150 1199 2198 perdiu
1226 2152 1263 2183 in
1289 2150 1441 2183 aedibus
1465 2150 1539 2182 suis
1579 2147 1740 2182 custodi-

301 2202 381 2238 tus,
422 2198 569 2231 tandem
609 2208 716 2241 egens
762 2203 798 2230 et
843 2197 987 2231 infamis
1025 2208 1069 2231 ex
1093 2198 1239 2241 copioso
1267 2201 1303 2230 et
1326 2195 1460 2229 illustri
1483 2199 1644 2228 mortuus
1672 2199 1738 2228 est.

303 2244 529 2278 patriarchae
554 2248 674 2277 autem
700 2244 1054 2287 Hierosolymorum,
1091 2243 1154 2289 qui
1195 2247 1380 2286 suspectus
1415 2247 1451 2275 et
1477 2251 1609 2286 poenas
1633 2241 1741 2275 datu—

307 2301 367 2323 rus
402 2301 525 2324 recens
556 2291 739 2334 Byzantiou
761 2290 806 2324 ad
831 2302 868 2323 se
893 2290 1126 2334 confugerat,
1162 2289 1358 2332 imperator
1394 2290 1600 2331 Bizyenscm
1627 2287 1742 2321 eccle-

307 2336 395 2368 siam
442 2347 623 2370 sacrorum
657 2337 844 2370 Canonum
879 2347 1049 2369 concessu
1083 2335 1273 2378 regendam
1313 2334 1599 2368 commendavit:
1625 2344 1743 2379 quan-

308 2381 505 2427 doquidem
534 2383 612 2416 eius
642 2384 831 2428 episcopus
857 2381 1046 2415 adventum
1072 2382 1186 2426 ipsius
1212 2387 1391 2415 aversatus
1416 2380 1612 2424 aufugerat.
1647 2380 1742 2413 'l'oto

308 2428 406 2461 orbis
443 2435 538 2463 statu
569 2430 791 2474 composito,
823 2428 1070 2472 Chariopolim
1108 2439 1145 2460 se
1181 2429 1318 2472 recepit
1351 2432 1387 2460 et
1413 2427 1546 2471 oppida
1572 2426 1743 2459 restantia

312 2475 359 2507 ad
383 2475 604 2509 deditionem
634 2477 761 2520 partim
788 2476 895 2508 armis
923 2475 1219 2519 coegit,'partim
1244 2474 1409 2507 oratione
1449 2472 1744 2518 adpersuaden-

314 2520 399 2554 dum
434 2522 700 2555 accommodata
733 2521 908 2555 invitavit.
966 2521 1041 2555 lam
1074 2531 1158 2554 vero
1195 2531 1343 2565 magnus
1379 2519 1451 2552 dux
1489 2523 1612 2563 captus
1650 2519 1746 2551 intra

314 2567 440 2599 urbem
465 2568 603 2601 latendi
627 2567 788 2607 fastidio,
811 2567 921 2612 (aliae
956 2566 1134 2612 siquidem
1160 2566 1409 2599 cantacuzeno
1437 2576 1474 2598 se
1498 2566 1745 2610 permiserant,

313 2613 407 2645 aliae
442 2614 608 2648 obsessae
652 2619 690 2648 et
724 2613 949 2659 quotidianis
985 2613 1285 2657 populationibus
1327 2611 1514 2645 divexatae
1556 2611 1747 2650 nutabant,

314 2670 392 2692 cum
420 2659 621 2692 subsidium
651 2660 696 2693 ab
726 2660 792 2692 illo
815 2660 968 2700 nullum,
993 2660 1155 2704 quamvis
1177 2659 1301 2691 crebro
1329 2663 1366 2690 et
1385 2664 1461 2691 cum
1487 2657 1746 2690 lamentatione

314 2716 458 2738 suarum
491 2716 738 2741 aerumnarum
767 2706 978 2750 expetitum,
1006 2705 1343 2750 consequerentur,)
1376 2715 1421 2737 ne
1440 2729 1449 2743 ‚
1477 2708 1518 2736 ut
1559 2703 1596 2734 iu
1620 2703 1752 2749 turbu*
1795 2704 1798 2706 ’

319 2752 416 2786 lenta
451 2756 663 2797 tempestate
704 2753 830 2786 relicto
865 2753 1010 2799 imperii
1043 2751 1138 2789 clavo
1187 2752 1323 2786 otiosus
1360 2750 1484 2784 sedere
1529 2760 1569 2782 ac
1595 2749 1747 2784 salutern
