1800 3132
270 143 344 196 66
794 157 1165 201 ΩΑΝΤΑΟΠΖΕΝῙ

80 260 497 318 Δ.(3.ι34ιστρατηγὸν
537 259 608 303 τὸν
655 260 1030 316 παρακοιμαὶμενον
1068 257 1363 313 Ἀπόκαυκον,
1410 258 1483 300 καί
1509 253 1586 300 ὅσα
1620 255 1711 300 ἔδει

268 326 554 381 ἐντειλάμενος
583 325 753 368 καὶτοῦ
775 328 927 368 λοιποῦ
946 326 1143 375 κελεύσας
1179 326 1296 383 αὐτῷ
1320 326 1462 379 μέλειν
1493 321 1565 365 τὸν
1601 321 1708 364 α’πό-

266 399 422 446 πλουν,
443 392 570 441 αὐτὸς
596 391 790 450 Ὀρχάνῃ,
813 394 871 449 τῷ
892 393 964 448 τῆς
983 389 1087 434 κατὰ
1114 392 1324 434 Βιθυνίαν
1350 387 1456 448 ἑῴας
1486 390 1707 447 σατράπῃ,

269 458 588 515 διεπρεσβεύετο
617 457 715 514 περὶ
741 454 1041 514 εἰρήνης.Ξοῦδὲ
1068 454 1147 512 γὰρ
1178 453 1430 511 ἐδόκειῖδεΐν
1457 451 1574 513 αὖτῷ
1602 457 1708 511 πρὸς

267 524 448 580 ἑσπέραν
473 526 664 578 μέλλοντι
692 525 955 580 στρατεύειν,
1000 521 1178 576 πόλεμόν
1199 537 1299 564 τινα
1321 521 1546 575 Ῥωμαίοις
1574 521 1734 565 ὄπίσω5

265 595 522 633 καταλιπεῖν.
576 590 671 632 ἐπεὶ
706 591 752 631 δὲ
792 581 866 631 kat*
904 589 929 644 ἢ
957 587 1062 645 πρὸς
1092 590 1243 630 ἐκεῖνον
1270 585 1411 642 εἰρήνη
1437 590 1554 637 τέλος
1579 585 1710 642 εἶχεν,

265 654 392 705 αὐτὸς
421 658 500 709 μὲν
536 655 642 712 πρὸς
682 655 759 711 τὴν
786 653 927 707 ἔξοδον
963 651 1305 710 παρεσκευάζετο.
1360 647 1441 708 ἤδη
1472 651 1552 709 γὰρ
1582 653 1655 696 καί
1680 653 1709 707 ἦ

227 721 442 777 Βστρατιά
470 720 575 764 κατὰ
615 716 918 775 Διδυμότειχον
949 723 1022 762 καί
1048 718 1122 775 τὴν
1145 715 1377 774 Ἀδριανοῦ
1403 715 1549 772 πόλιν,
1579 716 1715 762 αὐτοῦ’

264 785 527 840 κελεύοντος,
556 788 834 841 συνελέγοντο.
892 787 936 828 έν
975 781 1005 843 ᾗ
1032 786 1077 827 δὲ
1115 782 1283 839 ἔμελλεν
1309 784 1444 842 ἡμέρᾳ
1471 786 1709 836 Βυζαντίου

262 857 446 907 ἐξιέναι,
475 852 548 895 τὸν
576 852 844 909 πατριάρχην
871 851 999 905 μόνος
1025 848 1151 904 μόνον
1178 848 1440 907 παραλαβών
1486 852 1561 892 καί
1601 850 1763 907 nedem

263 919 334 962 τὸν
372 921 417 962 ἐν
451 921 676 974 βασιλείοις
710 920 786 960 τοῦ
812 914 1080 974 μυροβλῦτου
1122 917 1364 972 Δημητρίου
1392 918 1469 957 τοῦ
1492 916 1708 973 μάρτυρος

263 985 479 1041 γενόμενος
502 983 623 1038 ναὸν,
653 983 780 1038 »τοὺς
797 986 875 1038 μὲν
894 984 998 1037 ἐμοῦ
1023 997 1066 1025 τε
1085 980 1239 1036 μεταξύ
1263 981 1338 1023 καί
1354 983 1597 1036 βασιλι’δος”
1624 981 1708 1039 ἔφη

264 1053 584 1106 ,,γεγενημένους
612 1049 761 1105 λόγους
800 1046 875 1091 οὒκ
904 1050 1075 1104 α’γνοεῖς.
1121 1048 1173 1089 ου’
1199 1044 1275 1103 γὰρ
1305 1044 1429 1100 μόνον
1459 1048 1597 1103 παρῆς
1623 1054 1709 1098 τοῖς

264 1120 364 1172 παρ’
405 1117 653 1172 ἀμφοτέρων
693 1116 951 1171 λεγομένοις,
1002 1113 1108 1157 α’λλοὶ
1150 1114 1223 1155 καί
1259 1115 1340 1155 τῶν
1377 1111 1578 1170 πρότερον
1620 1112 1708 1172 ἰδίᾳ

264 1183 384 1237 ἡμῶν
414 1179 572 1240 ἑκάστῳ
601 1183 828 1238 εἰρημένων
856 1180 986 1230 αὐτὸς
1005 1175 1120 1236 ἦσθα
1147 1178 1346 1235 μηνυτής.
1400 1180 1524 1222 ου’δὲν
1552 1180 1599 1221 δὲ
1625 1180 1762 1222 noc-15

266 1246 439 1303 ράλογον
466 1245 494 1302 ἢ
522 1245 791 1301 θαυμαστὸν,
838 1249 878 1289 εἰ
902 1244 992 1288 τότε
1019 1247 1098 1299 μὲν
1126 1244 1227 1298 περὶ
1250 1246 1357 1298 ἐμοῦ
1385 1246 1561 1286 τοιαῦτα
1589 1241 1709 1302 ἐπῄει

265 1314 316 1370 τῇ
344 1312 531 1366 βασιλίδι
559 1312 711 1365 λέγειν,
744 1308 846 1359 ἴσως
873 1310 1040 1366 οἰομένῃ
1061 1307 1226 1363 μεγάλα
1246 1309 1339 1350 τινὰ
1363 1312 1710 1365 καταπράξεσθαι

227 1379 342 1432 (ζέμὲ
358 1411 369 1430 ,
400 1376 494 1418 νυνί
521 1377 566 1417 δὲ
596 1374 668 1417 ἐπὶ
692 1377 776 1417 τῶν
803 1373 947 1431 ἔργων,
974 1371 1035 1428 μή
1062 1376 1148 1415 κατ’
1162 1374 1334 1424 ἐλπίδας
1360 1375 1471 1431 αὔτῇ
1497 1378 1581 1417 τιόν
1599 1393 1709 1432 πρα-

264 1443 432 1498 γμάτων
461 1438 759 1496 ἐκβαινόντων,
799 1436 1050 1494 μεταμέλειά
1088 1455 1153 1488 τις
1179 1441 1350 1493 εἰσῆλθε
1384 1442 1465 1482 τῶν
1490 1443 1709 1496 γεγενημέ-

262 1526 357 1554 νων.
415 1510 455 1550 εἰ
480 1510 557 1561 μὲν
586 1501 674 1559 οὖν,
720 1503 819 1562 ὅπερ
852 1505 971 1563 ἔφην,
999 1503 1104 1561 πρός
1130 1521 1173 1546 τι
1200 1507 1283 1546 τῶν
1309 1508 1537 1559 γινομένων
1567 1507 1764 1561 αἠδῶςαο

265 1575 534 1625 διατεθεῖσα,
561 1571 612 1614 τὰ
646 1573 871 1627 δεδογμένα
899 1573 1043 1626 μηκέτι
1062 1572 1250 1625 στέργειν
1279 1572 1442 1624 ἐθέλει,
1472 1571 1733 1628 διαρᾜήδηνἸ

264 1642 399 1693 λέγειν
430 1639 535 1688 ἀξιῶ
562 1636 635 1679 καί
659 1636 717 1692 μή
736 1638 1039 1691 συγκαλύπτειν
1057 1634 1127 1678 ὕπ’
1157 1638 1319 1685 αἰδοῦς.
1349 1635 1429 1691 ἐγώ
1458 1636 1534 1694 γὰρ
1565 1636 1707 1694 ὥσπερ

265 1704 339 1746 καὶ
375 1703 573 1759 πρότερον
611 1701 859 1756 ἑτοιμότατοι
896 1701 981 1756 ἔχω
1022 1705 1321 1757 παραιτεῖσθαι
1360 1702 1435 1757 τὴν
1463 1695 1642 1759 ἆρχήνζ.
1668 1706 1710 1746 εἰ

266 1771 303 1810 δ’
331 1770 466 1825 ἐκείνη
496 1768 566 1812 διὰ
596 1771 741 1818 τέλους
768 1766 921 1823 ἔγνωκε
943 1770 1132 1825 στέργειν
1155 1766 1205 1810 τοὶ
1230 1770 1498 1824 ἐψηφισμένα
1525 1768 1599 1811 καί
1609 1768 1707 1819 τούς

358 1894 393 1917 2.
417 1882 485 1916 τοῦ
508 1880 688 1936 ‹indui-ov
711 1879 759 1913 Μ.
787 1891 855 1926 mg.

263 1961 496 2007 praeposuit3
534 1962 591 1994 cui
619 1971 700 1993 cum
725 1956 892 1991 mandata
915 1957 1116 1990 necessaria
1147 1956 1325 1997 dedisset,
1359 1961 1397 1990 et
1428 1967 1525 1990 oram
1561 1957 1705 1991 soiven-

266 2007 347 2040 dam
386 2007 652 2052 discessumque
689 2004 949 2044 commisisset,
982 2003 1028 2036 ad
1053 2002 1276 2044 Omhancm,
1301 2003 1488 2036 orientalis
1513 2003 1704 2048 Bithyniae

266 2060 464 2098 satrapam,
489 2054 624 2097 legatos
650 2053 694 2086 de
718 2061 805 2095 pace
829 2051 950 2092 misit;
976 2061 1050 2083 non
1075 2051 1183 2089 enim,
1209 2051 1247 2081 in
1272 2050 1494 2089 occidentem
1515 2049 1702 2092 ducturus,

264 2100 402 2133 bellum
427 2098 579 2145 aliquod
605 2099 772 2131 Romanis
797 2107 817 2128 a
840 2101 939 2140 tergo
965 2097 1219 2142 reliquendum
1245 2095 1441 2129 iudicabat.
1498 2096 1584 2130 Pace
1620 2108 1702 2131 cum

265 2147 331 2179 illo
367 2142 537 2186 'fii-mata,
572 2150 608 2178 et
638 2143 886 2187 Didymotichi
919 2147 1027 2189 atque
1060 2142 1294 2187 Adrianopoli
1329 2143 1517 2177 domestici
1551 2149 1702 2178 evocatu

265 2199 478 2237 congregato
513 2191 694 2232 exercitu,
731 2190 854 2222 itineri
893 2200 931 2222 se
965 2189 1132 2227 accinxit,
1187 2189 1270 2235 Quo
1297 2194 1415 2223 autem
1441 2190 1500 2223 die
1538 2191 1703 2224 exiturus

266 2243 362 2280 erat,
390 2239 631 2284 patriarcham
656 2237 772 2270 solum
797 2236 893 2269 solus
920 2236 1158 2276 conveniens,
1185 2242 1222 2270 et
1244 2235 1288 2269 ad
1315 2237 1488 2281 templum
1523 2237 1700 2270 Demetrii

264 2286 429 2329 martyris
457 2284 696 2329 myroblytae,
724 2283 762 2316 id
787 2287 841 2315 est
868 2282 989 2315 oleum
1013 2282 1208 2322 stillantis,
1239 2284 1480 2326 cognominati
1506 2282 1704 2324 adducens,

266 2331 370 2375 Quae
407 2332 503 2365 inter
532 2342 588 2364 me
621 2335 657 2364 et
686 2329 951 2374 imperatricem
987 2328 1082 2361 dicta
1107 2334 1208 2370 sunt,
1233 2330 1374 2375 inquit,
1403 2341 1476 2363 non
1499 2335 1535 2363 te
1563 2329 1701 2364 latent:

263 2387 332 2410 nec
366 2380 461 2410 enim
498 2382 640 2411 tantum
675 2376 893 2414 interfuisti,
934 2375 998 2408 sed
1035 2379 1070 2408 et
1103 2386 1196 2420 quae
1224 2378 1324 2421 prius
1362 2381 1514 2421 uterque
1538 2380 1700 2414 nostrum

265 2425 456 2467 separatim
482 2424 595 2464 dixit,
619 2429 660 2457 tu
685 2434 807 2457 eorum
831 2422 1077 2455 internuntius
1100 2422 1213 2455 fuisti.
1262 2422 1363 2455 Nihil
1388 2434 1493 2467 porro
1528 2422 1699 2466 inopina-

265 2475 341 2503 tum
366 2474 428 2503 aut
452 2469 690 2510 admirabile,
715 2469 745 2502 si
769 2474 845 2502 tum
871 2467 1018 2514 quidem
1051 2469 1272 2512 imperatrici
1307 2469 1393 2502 talia
1426 2469 1471 2502 de
1507 2479 1563 2502 me
1593 2469 1699 2514 loqui

266 2515 525 2557 occurrebant,
560 2527 654 2562 quae
685 2516 836 2549 forsitan
873 2515 1005 2547 eximia
1039 2513 1215 2559 quaedam
1240 2526 1295 2548 me
1320 2521 1607 2560 perpetraturum
1635 2525 1699 2548 ar-

266 2561 480 2596 bitraretur:
512 2574 608 2596 nunc
633 2567 751 2596 autem
776 2564 814 2595 in
847 2562 924 2605 ipso
962 2572 1089 2605 opere,
1125 2561 1234 2593 rebus
1265 2573 1365 2594 secus
1398 2572 1506 2606 quam
1530 2560 1698 2605 sperabat

265 2607 530 2649 evenientibus,
554 2608 755 2653 poenitudo
782 2607 958 2654 quaedam
984 2607 1068 2640 facti
1097 2618 1172 2640 eam
1199 2608 1319 2640 subiit.
1371 2608 1408 2641 Si
1434 2609 1543 2652 igitur
1557 2607 1596 2640 in
1619 2608 1697 2652 pri-

265 2654 360 2687 stino
388 2654 525 2688 iudicio
549 2656 777 2699 acquiescere
802 2654 956 2698 amplius
980 2664 1054 2686 non
1081 2654 1176 2694 vult,
1210 2661 1333 2699 aperie
1366 2654 1402 2687 id
1424 2654 1512 2687 mihi
1541 2652 1697 2687 indicari

263 2711 330 2734 nec
353 2700 492 2744 pudore
519 2701 674 2745 quodam
699 2702 808 2734 celari
835 2701 955 2745 cupio.
1003 2700 1074 2743 Ego
1101 2700 1220 2741 enim,
1246 2700 1426 2747 quomodo
1466 2704 1596 2739 antea,
1629 2700 1701 2732 ab-'

265 2747 384 2781 dicare
413 2758 469 2781 me
494 2746 807 2781 administratione
835 2746 978 2791 imperii
1002 2747 1248 2792 paratissimus
1273 2759 1360 2780 sum.
1411 2745 1520 2792 Quod
1559 2747 1588 2779 si
1620 2748 1697 2792 ipsa
