1800 3138
533 173 906 218 HlsTORlARUM
953 177 1024 216 111.
1053 176 1122 221 1⁸5.
1404 172 1504 229 271

202 274 281 329 με’.
327 275 375 317 Ὁ
406 275 579 331 Κράλης
615 276 662 318 δὲ
700 276 747 317 ἐκ
775 277 846 330 τῆς
870 278 1027 331 βουλῆς
1055 273 1159 332 πρὸς
1195 274 1373 328 βασιλέα
1413 275 1709 322 ἔπα-ΔὩΛἎἏ

99 337 236 395 νήκων
266 343 533 396 ,,νενίκηκας”
559 338 672 384 εἶπεν
698 335 1030 394 ὖπομειδιῶν,,αῗ
1047 341 1235 395 βασιλεῦ,
1264 341 1339 382 καί
1357 338 1558 389 πάνταςΒ

96 404 286 458 ἔπεισας,
328 408 491 449 πολλῶν
518 404 748 462 χρημάτων
767 407 840 447 καί
862 402 1021 448 πόλεων
1050 407 1240 460 μεγάλων
1263 403 1340 461 τήν
1363 404 1443 461 σήν
1468 405 1519 460 ἧ-

97 475 266 526 γεῖσθαι
292 473 436 527 φιλίαν
462 474 774 527 προτιμοτέραν.
827 467 922 513 ὅθεν
949 474 1021 514 καί
1045 469 1200 520 πάντας
1225 477 1310 521 τοῖς
1345 473 1417 527 τῆς
1444 473 1521 527 σῆς

72 537 242 593 5φιλίας
281 537 409 592 δήσας
450 536 656 593 ἀπήγαγες
684 539 875 590 δεσμοῖς,
918 539 992 579 καί
1016 535 1164 586 πάντες
1191 531 1328 592 ὥσπερ
1357 538 1401 588 ἐξ
1426 532 1552 587 {roge

97 600 362 657 συνθήματος
397 602 473 644 καί
506 602 709 658 χρήματα
749 604 933 646 α’ναλοῧν
973 601 1045 643 καί
1081 601 1212 644 πάντα
1254 601 1378 644 πόνον
1413 602 1521 659 ὅπερ

97 669 180 710 σοῦ’
203 667 431 722 προθύμως
456 666 654 721 εἱλόμεθα
683 668 963 725 ὑφίστασθαι.
1015 670 1231 724 τοιγαροῦν
1257 670 1305 710 σὲ
1331 670 1409 722 μὲν
1424 685 1525 725 χρε-

98 730 158 773 ών
201 730 253 774 τά
292 732 394 775 κατά
432 733 598 788 γνώμην
637 731 895 785 ἐπιτάττειν,
938 733 1049 787 ἡμᾶς
1078 735 1124 775 δὲ
1149 732 1200 775 τά
1229 734 1523 788 ἐπιτεταγμένα

97 797 297 852 πράττειν
311 798 422 856 πάσῃ
449 799 665 857 προθυμίᾳ
683 800 756 840 καί
781 800 981 856 σπουδῇ.”
1010 797 1125 852 ἤξίου
1154 815 1210 852 τε,
1239 796 1380 855 ὥσπερ
1401 802 1525 854 ἐβου-

51 861 274 908 Ιολεύσατο
311 862 415 917 μετὰ
450 862 644 918 γυναικὸς
677 866 751 907 καί
775 867 859 907 τῶν
885 868 931 908 ἐν
956 854 1089 916 τέλειῇ,
1135 859 1284 919 ὅρκους
1310 867 1524 921 παρασχέ-

99 933 204 972 σθαι
240 932 318 972 τοῦ
357 946 401 973 τε
441 927 663 985 σύμμαχον
700 931 772 973 καί
797 931 918 988 φίλον
955 933 1125 985 βέβαιον
1152 931 1223 973 διά
1252 933 1348 985 βίον
1375 929 1529 981 παντὸς

101 996 250 1046 αΰτοῖς
281 1003 420 1050 μενεῖν
458 997 531 1040 καί
569 998 645 1039 τοῦ
670 995 879 1054 μηδέμάιν
908 999 990 1040 τῶν
1018 995 1114 1039 νυνὶ
1137 999 1424 1050 κατεχομένων
1450 998 1527 1039 πό-

100 1066 203 1104 λεων
219 1060 290 1104 ὑπ’
316 1061 462 1115 αὕτοῦ,
490 1062 541 1113 ἂς
560 1063 686 1112 αὐτός
704 1080 748 1106 τε
767 1063 841 1105 καί
862 1062 1013 1118 πατήρ,
1042 1065 1118 1105 τοῦ
1143 1078 1188 1105 τε
1202 1061 1420 1116 Ῥωμαίων
1449 1067 1529 1117 βα-

101 1131 251 1170 σιλέων
277 1126 381 1183 πρὸς
409 1128 612 1184 ἀλλήλους
639 1131 820 1182 πολέμου
850 1130 1113 1184 κεκινημένου
1139 1131 1214 1170 καί
1237 1125 1414 1184 ὕστερον
1432 1128 1528 1171 Ἀν-

52 1189 291 1249 ιόδρονίκου
319 1196 393 1235 τοῦ
421 1196 515 1236 νέου
541 1196 746 1247 βασιλέως
772 1193 836 1237 ἔτι
863 1195 1102 1250 περιόντος,
1148 1192 1276 1243 αὐτὸς
1304 1193 1392 1248 ἔχει
1420 1194 1528 1250 α’φε-

99 1257 294 1313 λόμενος,
338 1258 585 1313 ἅπαιτήσειν
614 1259 874 1302 καταστάντα
902 1258 1007 1314 πρὸς
1034 1259 1111 1315 τήν
1138 1256 1287 1315 ἀρχὴν,
1316 1258 1372 1309 ὥς
1399 1272 1569 1316 προσ-Ι)

98 1322 280 1380 ηκοιῖσας
323 1331 409 1374 τοῖς
439 1323 657 1379 Ῥωμαίων
703 1328 961 1378 βασιλεῦσιν.
1030 1324 1052 1368 ὅ
1095 1323 1296 1380 βασιλεῦς
1340 1327 1388 1367 δὲ
1425 1325 1532 1380 πρὸς

100 1393 177 1445 μὲν
218 1389 266 1433 τὸ
305 1395 530 1433 πεπεῖσθαι
565 1397 716 1447 προῖκα
757 1393 831 1433 καί
865 1393 1105 1447 φιλοτιμίας
1143 1392 1273 1446 μόνης
1312 1394 1432 1433 ἓνεκα
1461 1393 1535 1433 καί

104 1457 247 1514 φιλίας
282 1459 356 1511 τῆς
398 1459 459 1506 εἰς
496 1453 620 1499 αὖτόν
648 1459 882 1512 ἐπικουρεῖν
910 1455 1104 1513 ἔφασκεν,
1136 1457 1212 1498 οὐκ
1241 1457 1354 1514 αύτῷ
1380 1454 1545 1510 μόνον,

51 1524 211 1565 norint)
238 1524 311 1565 καί
335 1522 501 1576 γυναικί
526 1523 599 1564 καί
624 1529 711 1571 τοῖς
737 1524 782 1563 ἐν
808 1525 912 1564 τέλει
938 1522 1094 1572 πολλάς
1109 1520 1291 1578 χάριτας
1306 1520 1533 1576 ὁμολογεῖν,

104 1588 164 1638 ὥς
190 1588 320 1647 ψήφῳ
350 1591 466 1647 κοινῇ
491 1587 543 1630 τὰ
572 1592 747 1631 τοιαῦτα
772 1585 995 1642 ἑλομένοις.
1051 1591 1150 1644 περί
1169 1605 1215 1644 γε
1241 1591 1326 1644 μὴν
1351 1591 1433 1631 τῶν
1464 1586 1534 1644 ὅρ-

104 1671 221 1709 κων,
263 1654 336 1706 οὓς
375 1654 562 1706 α”ξιοῦσιν
600 1656 672 1698 ἐπὶ
710 1658 767 1712 τῷ
802 1653 861 1711 μή
890 1659 1161 1711 παρενοχλεῖν
1186 1655 1291 1711 ὑπὲρ
1318 1655 1402 1716 τῷν
1428 1650 1534 1710 ἄχρι

104 1719 198 1764 νυνὶ
238 1722 523 1774 κατεχομένων
566 1719 639 1762 ὕπ’
684 1720 851 1763 ἐκείνων
886 1720 1044 1762 πόλεων
1081 1723 1377 1775 παρασχέσθαι
1405 1737 1533 1762 κατα-

103 1786 260 1830 στάντα
295 1786 369 1829 ἑπί
392 1789 464 1842 τῆς
488 1786 641 1844 ἀρχῆς,
679 1785 865 1841 μάλιστα
894 1785 1079 1843 ποιήσειν
1106 1785 1181 1844 τήν
1211 1784 1376 1842 γνώμην
1404 1801 1532 1843 φανε·
1563 1819 1569 1825 .

198 1897 255 1942 24.
286 1898 439 1942 ποιήσει
465 1899 500 1934 Ρ.

198 1996 254 2040 45.
301 1995 425 2030 Crales
450 2007 470 2030 e
505 1995 659 2029 consilio
694 1995 859 2036 rediens,
886 1995 1039 2036 vicisti,
1075 1995 1214 2042 inquit,
1248 1997 1463 2043 imperator,
1492 2008 1534 2032 ac

106 2042 212 2080 uobis
237 2042 446 2086 persuasisti
462 2068 471 2082 ‚
495 2048 536 2076 ut
558 2041 755 2076 amicitiam
783 2048 877 2076 tuam
906 2042 1031 2088 grandi
1057 2042 1231 2087 pecuniae
1256 2050 1294 2078 et
1317 2045 1446 2089 amplis
1470 2057 1533 2078 ur-

106 2089 214 2122 bibus
246 2088 534 2134 anteponendam
572 2099 790 2122 censeamus.
845 2090 973 2135 ltaque
1015 2099 1137 2122 omnes
1175 2091 1279 2135 quasi
1314 2091 1532 2136 quibusdam

106 2136 261 2169 vinculis
286 2136 355 2169 tibi
381 2135 571 2169 adstrictos
597 2135 772 2175 trahis‚et
798 2137 899 2181 quasi
926 2135 971 2169 de
999 2141 1182 2180 compacto
1206 2141 1390 2181 sumptum
1414 2138 1536 2172 facere

108 2188 146 2215 et
173 2183 332 2227 quemvis
356 2187 415 2215 tua
441 2192 546 2215 causa
571 2181 730 2215 laborem
764 2181 929 2216 hilariter
953 2183 1111 2227 perferre
1138 2183 1401 2221 constituimus.
1449 2185 1535 2219 Pro-

107 2228 195 2265 inde
225 2234 263 2262 tu
298 2238 389 2274 quae
417 2228 520 2262 lubet
551 2229 711 2273 impera;
747 2239 813 2262 nos
846 2230 1017 2273 imperata
1042 2228 1304 2263 studiosissime
1329 2229 1534 2264 libentissi-

108 2284 239 2319 meque
274 2275 512 2312 conficiemus,
559 2274 719 2319 Rogabat
749 2274 858 2321 item,
901 2280 942 2308 ut
975 2274 1272 2320 quemadmodum
1306 2276 1344 2308 in
1378 2278 1535 2310 concilio

111 2325 206 2354 esset
228 2320 359 2359 visum,
387 2326 607 2355 sacramento
627 2326 836 2366 perpetuam
853 2333 893 2354 ac
917 2322 1083 2355 stabilem
1107 2332 1185 2354 cum
1210 2322 1297 2366 ipsis
1324 2324 1532 2358 societatem

110 2367 378 2411 amicitiamque
405 2369 559 2401 sanciret
583 2373 620 2401 et
641 2369 778 2401 nuliam
803 2367 963 2410 urbium,
1002 2379 1090 2414 quas
1113 2378 1210 2401 nunc
1232 2369 1310 2413 ipse
1333 2370 1535 2414 possideret

111 2423 274 2459 quasque
299 2414 376 2457 ipse
403 2419 599 2460 paterque,
624 2415 788 2448 Romanis
813 2415 1094 2458 imperatoribus
1132 2415 1226 2448 inter
1250 2425 1288 2448 se
1312 2414 1531 2460 beliigeran-

110 2459 210 2493 tibus
238 2465 275 2493 et
301 2466 424 2504 postea
446 2460 650 2495 Andronico
675 2461 816 2494 iuniore
841 2460 958 2494 adhuc
981 2462 1159 2505 spirante,
1193 2460 1270 2506 ipse
1302 2461 1532 2503 abstulisset,

111 2506 244 2550 adepto
268 2506 440 2550 imperio,
474 2511 654 2553 tamquam
679 2507 916 2540 Romanorum
946 2509 1199 2551 imperatorum
1224 2509 1402 2553 propriam
1427 2519 1534 2555 repe-

111 2554 271 2585 titurum.
322 2553 537 2597 imperator,
562 2553 660 2600 quod
686 2554 816 2599 gratis,
842 2553 1014 2599 ductique
1038 2553 1183 2586 honoris
1207 2558 1244 2586 et
1266 2555 1444 2589 amicitiae
1468 2556 1534 2590 de-

110 2598 244 2631 siderio
278 2597 348 2632 sibi
383 2610 487 2644 opem
524 2598 615 2633 ferre
640 2599 897 2638 decrevissent,
933 2612 1005 2633 non
1043 2601 1076 2632 ei
1104 2599 1244 2640 solum,
1280 2600 1342 2634 sed
1366 2607 1403 2635 et
1431 2602 1533 2636 uxori

109 2643 406 2690 principibusque
429 2646 558 2679 multas
580 2657 619 2679 se
644 2647 773 2691 gratias
797 2656 900 2690 agere
925 2650 1076 2679 testatus
1098 2650 1174 2686 est,
1197 2650 1239 2679 ut
1261 2647 1323 2694 qui
1349 2648 1533 2682 communi

111 2691 249 2723 calculo
278 2691 328 2724 ita
353 2691 497 2725 vellent.
546 2691 600 2724 De
629 2691 832 2726 iuramento
857 2696 976 2725 autem
1001 2691 1099 2738 quod
1123 2692 1368 2737 postularent,
1403 2705 1534 2739 nempe

111 2748 192 2771 cum
215 2738 254 2771 in
277 2737 468 2783 imperium
492 2737 671 2781 venisset,
702 2738 748 2773 de
780 2738 962 2785 occupatis
999 2737 1151 2773 urbibus
1182 2739 1322 2775 anuum
1347 2743 1534 2788 negotium
