1800 3138
536 188 909 232 nis'romARUM
949 188 1021 229 111.
1047 193 1116 234 cm.
1422 165 1531 240 267

112 302 360 361 προνοίαςῆ
387 302 627 358 ἐπικουρίας
656 298 912 352 ἀξιώσαντες.
962 300 1006 343 τὸ
1044 302 1121 354 μὲν
1149 293 1224 342 οὖν
1254 295 1506 342 ἀποκτείνειν
1521 302 1576 351 ,Δ.
1590 301 1731 347 (ἰωῇ

113 373 186 412 οὔκ
215 367 309 412 οἶδα
353 367 398 410 εἴ
417 384 480 417 τις
507 369 566 417 εἰς
592 368 786 410 τοσοῦτον
815 366 1118 421 ἀπανθρωπίας
1156 362 1247 420 ἥκει
1274 364 1348 406 καί
1373 361 1537 417 ω’μὸτη-

112 452 207 489 τος,
256 434 312 484 ὥς
351 431 473 483 αύτός
512 448 555 475 τε
590 431 763 475 ἑλέσθαι
800 430 873 474 καὶ
909 437 995 480 τοῖς
1041 426 1183 480 ἄλλοις
1210 431 1537 483 συμβουλεῦσαι,

112 500 216 556 πρὸς
241 498 320 555 γὰρ
365 501 423 556 τῷ
450 500 536 556 θεῷ
561 498 758 552 ἐχθίστην
785 492 891 539 εἶναι
918 494 995 550 τήν
1022 495 1215 551 τοιαύτην
1239 494 1396 548 τόλμαν
1412 527 1423 546 ,
1467 492 1541 536 καὶ

87 564 226 621 5παρά
253 567 379 607 πᾶσιν
409 562 649 619 ἀνθρώποις
686 564 805 619 σαφῆ
827 563 1057 618 παρέχεται
1082 563 1228 611 κακίας
1266 562 1337 602 καί
1369 563 1538 614 μοχθη-

110 632 205 685 ρίας
242 629 452 680 α’πὸδειξιν
485 629 734 684 ὑπερβολῆς.
790 625 836 670 τὸ
867 626 948 684 γὰρ
1001 630 1076 670 νῦν
1112 643 1158 669 τε
1187 623 1287 669 ὅντα
1310 625 1538 679 εΡωμαίων

107 698 284 750 βασιλέα
312 696 386 738 καί
410 696 509 751 πρὶν
536 696 596 744 εἷς
623 696 748 736 τοῦτο
774 690 890 749 ἥκειν
916 691 1126 748 σχήματος
1151 697 1316 742 πολλοῖς
1335 690 1538 748 πρότερον

106 762 271 816 χρόνοις
298 758 449 814 ὅμοίως
477 755 687 814 ἄρχοντα,
713 758 787 801 καὶ
809 759 924 815 παρὰ
952 757 1116 800 πάντων
1142 759 1214 800 καί
1237 755 1439 813 Ἑλλήνων
1466 759 1541 798 καὶ

108 826 333 882 βαρβάρων
371 823 638 880 ἀγαπώμενον
686 825 760 867 καί
809 824 1164 880 περισπούδαστον
1203 819 1306 866 ὄντα
1352 821 1421 864 διὰ
1461 822 1538 877 τήν

64 894 346 947 ιοπροσοῦσαν
382 890 607 933 ἐπιείκειαν
637 892 711 932 καί
746 887 915 933 σύνεσιν
951 888 1024 931 καὶ
1052 890 1294 946 φιλοτιμίαν
1334 889 1378 930 έν
1405 889 1533 930 πᾶσιν
1554 891 1580 923 Β

108 957 304 1011 ἀγαθοῖς,
343 957 419 998 νῦν
447 952 598 1010 ἥκοντα
626 958 724 1011 παρ’
753 956 862 1013 ἡμᾶς
889 954 959 997 διὰ
989 952 1246 1010 πραγμάτων
1274 951 1534 1008 μεταβολὴν,

108 1021 212 1077 πρὸς
239 1024 296 1079 τῷ
321 1021 380 1077 μη
409 1022 634 1076 προστῆναι
661 1023 733 1063 καί
768 1019 971 1076 ἀνήκεστα
1014 1021 1227 1061 διαθεῖναι
1270 1020 1345 1061 οὐκ
1373 1016 1538 1073 ω’μότη-

107 1103 175 1136 τος
203 1089 276 1128 καί
301 1087 603 1141 ἀπανθρωπίας
627 1085 779 1140 μόνον,
823 1084 931 1128 α’λλά
959 1084 1034 1128 καί
1060 1083 1253 1138 ἀσεβείας
1278 1082 1459 1140 ἔγκλημα
1487 1082 1539 1138 ἧ-

107 1158 181 1204 μῖν
209 1153 380 1201 δικαίως
416 1152 636 1207 περιάψαι.
691 1147 744 1193 οὖ
785 1150 835 1207 δη
863 1153 985 1194 ἕνεκα
1020 1153 1105 1193 τῶν
1131 1147 1331 1193 τοιούτων
1358 1146 1469 1204 αὕτὴ
1495 1163 1539 1191 τε

59 1215 263 1271 ι5ἔγνωκα
305 1218 379 1258 καί
409 1217 510 1269 ὑμῖν
550 1217 813 1270 ἀποσχέσθαι
850 1218 1067 1271 παραινῶ.
1123 1214 1170 1257 τὸ
1212 1217 1248 1257 δ’
1278 1212 1540 1268 ἀποπέμπειν

107 1278 314 1338 ἄπρακτον
358 1279 560 1336 ἀβουλίας
602 1277 656 1323 ἄν
695 1297 760 1330 τις
796 1282 930 1336 τιθείη
967 1278 1228 1334 λογιζόμενος
1272 1279 1427 1335 ὀρθῶς.
1485 1279 1537 1321 οὔ

105 1346 182 1403 γὰρ
221 1346 352 1400 μόνον
397 1345 565 1402 ἀγνοίας
603 1346 702 1403 περὶ
736 1345 788 1388 τὰ
834 1345 941 1388 καλοὶ
971 1345 1043 1388 καί
1069 1345 1336 1402 ἀφιλοτιμίας
1363 1347 1534 1394 δικαίως

106 1409 159 1453 ἂν
186 1412 382 1468 ἇλοίημεν
417 1410 532 1467 παρὰ
575 1417 662 1461 τοῖς
702 1413 857 1467 κρίνειν
884 1410 936 1454 τιὶ
965 1413 1136 1454 τοιαῦτα
1176 1412 1350 1464 δεινοῖς,
1400 1407 1463 1453 ὅτι
1492 1409 1538 1453 ὃν

104 1475 343 1530 ἐπεθύμουν
368 1475 514 1519 πολλοὶ
544 1479 625 1518 τῶν
654 1478 872 1519 δυναστῶν
908 1477 983 1518 καί
1007 1474 1140 1518 πολλὰ
1169 1473 1567 1531 ἐπραγματεύοντοῦ

52 1544 229 1597 αοφίλον
256 1540 368 1595 ἔχειν
377 1574 389 1594 ‚
421 1542 570 1584 τοῦτον
596 1540 760 1594 ἔχοντες
790 1540 914 1583 αὐτοὶ
935 1542 1010 1582 καί
1034 1538 1260 1594 δυνάμενοι
1287 1542 1370 1583 τῶν
1395 1537 1533 1582 ἄλλων

103 1609 260 1659 μᾶλλον
303 1603 378 1661 τὴν
414 1608 512 1661 παρ’
547 1605 674 1647 miro&
711 1607 856 1662 φιλίαν
890 1608 1181 1661 καρποῦσθαι,
1226 1601 1384 1654 ἑκόντες
1415 1601 1531 1654 ὄντες

103 1671 375 1727 προηκάμεθα
417 1672 473 1712 δι’
509 1667 736 1725 ἀγροικίαν.
793 1667 881 1712 ἀλλ’
916 1668 962 1711 εἴ
985 1685 1083 1712 ποτε
1112 1672 1298 1726 συμβαίη
1329 1669 1402 1711 καὶ
1419 1670 1522 1712 Ῥω·-
1534 1669 1668 1718 V·399

103 1738 239 1789 μαίων
266 1732 404 1790 ἄρξαι,
430 1737 702 1792 μεμνημένος,
731 1736 788 1786 ὥς
814 1736 1014 1790 οὐδεμιᾶς
1033 1737 1272 1790 ἐπικουρίας
1293 1732 1417 1790 τύχοι
1437 1738 1535 1792 παρ’

105 1906 199 1940 velle
224 1911 260 1940 et
283 1907 365 1939 aliis
383 1907 533 1941 suadere
556 1905 680 1951 possit.
729 1905 820 1939 Nam
844 1910 886 1938 ut
911 1882 1072 1947 taceam,
1104 1906 1177 1939 tale
1202 1905 1316 1940 scelus
1340 1905 1437 1950 apud
1459 1907 1534 1940 De-

106 1964 165 1986 um
191 1963 267 1986 esse
290 1953 578 1993 odiosissimum,
612 1951 707 1997 apud
740 1951 904 1986 homines
930 1963 1076 1999 quoque
1101 1953 1284 1986 universos
1318 1957 1454 1986 certum
1478 1955 1535 1987 in-

106 1999 289 2032 credibilis
313 2000 474 2034 malitiae
499 2004 535 2033 et
561 1998 805 2044 improbitatis
830 2005 1078 2044 argumentum
1102 2003 1167 2030 est.
1199 1999 1341 2032 Etenim
1366 2009 1447 2033 cum
1496 2001 1535 2034 ui

106 2056 204 2078 nunc
228 2046 465 2079 Romanorum
493 2047 687 2090 imperator
712 2049 789 2084 est,
816 2051 853 2078 et
875 2048 1083 2092 priusquam
1108 2045 1264 2090 insignia
1289 2045 1428 2089 accepit
1443 2070 1453 2085 ,
1469 2012 1535 2079 ssiu

106 2092 330 2135 imperatoris
362 2103 490 2125 munus
524 2092 655 2136 gessit3
690 2096 728 2125 et
750 2091 917 2125 omuibus
946 2098 1022 2126 tum
1055 2091 1222 2132 Graecis,
1255 2095 1332 2123 tum
1370 2090 1535 2126 barbaris

106 2148 224 2169 carum
252 2142 287 2170 et
310 2143 455 2182 propter
479 2149 579 2178 eam,
604 2149 674 2183 qua
699 2137 885 2182 praeditus
905 2143 984 2178 est,
1010 2138 1216 2178 lenitatem,
1241 2137 1471 2182 prudentiam
1498 2143 1535 2172 et

105 2185 220 2216 omnis
257 2183 457 2218 honestatis
489 2184 649 2220 studium
680 2184 842 2218 certatim
878 2185 1144 2230 expetendum,
1189 2188 1226 2217 et
1256 2195 1352 2216 nunc
1385 2184 1431 2217 ad
1467 2195 1533 2219 nos

105 2229 211 2263 rebus
241 2229 465 2264 labefactatis
492 2230 783 2275 confugientem,
814 2241 889 2265 non
927 2237 1068 2265 tantum
1101 2241 1174 2263 non
1198 2230 1292 2262 tueri
1320 2240 1361 2262 ac
1393 2236 1532 2276 tegere,

103 2276 166 2308 sed
193 2276 299 2308 etiam
325 2276 628 2320 importunissime
653 2278 810 2318 violare,
845 2288 918 2309 non
942 2276 1166 2310 crudelitatis
1203 2276 1317 2308 solum
1344 2282 1380 2310 et
1404 2279 1536 2310 imma-‘

103 2322 249 2362 nitatis,
278 2321 341 2354 sed
365 2323 559 2367 impietatis
585 2335 730 2369 quoque
754 2324 794 2357 in
824 2324 974 2358 crimine
997 2335 1061 2357 nos
1086 2324 1165 2356 iure
1189 2322 1359 2367 posuerit.
1408 2324 1530 2370 Quare

104 2368 218 2400 scelus
250 2367 459 2402 huiusmodi
505 2376 542 2404 et
574 2371 652 2415 ipsa
684 2369 806 2414 fugere
830 2372 939 2403 statui
979 2375 1016 2404 et
1038 2375 1079 2403 ut
1106 2379 1167 2402 vos
1209 2379 1324 2413 aeque
1358 2371 1528 2416 fugiatis„

103 2425 244 2447 moneo.
295 2415 343 2446 Re
373 2419 492 2448 autem
516 2416 648 2450 insecta
676 2427 757 2448 cum
783 2415 988 2456 dimittere,
1022 2415 1060 2448 id
1082 2415 1198 2448 bonus
1223 2425 1339 2448 rerum
1362 2418 1531 2451 aestima-

104 2465 160 2493 tor
194 2461 372 2494 amentiae
411 2460 650 2507 adscripserit.
696 2462 777 2495 Non
808 2463 905 2495 en'im
938 2463 1054 2496 solum
1079 2466 1120 2494 ut
1142 2461 1284 2494 honesti
1324 2461 1536 2506 ignorantes

104 2511 142 2539 et
167 2506 213 2539 ab
239 2508 337 2539 omni
362 2507 579 2551 cogitatione
603 2508 720 2542 laudis
744 2509 858 2542 aversi
883 2519 902 2540 a
927 2509 1053 2554 peritis
1085 2507 1266 2540 iudicibus
1290 2510 1418 2542 merito
1445 2510 1530 2544 red-

100 2563 309 2595 arguemur,
342 2553 393 2592 si,
435 2555 535 2587 cuius
576 2555 771 2588 amicitiam
807 2555 912 2588 multi
950 2554 1133 2600 principes
1178 2553 1320 2587 solicite
1356 2561 1394 2589 et
1426 2556 1530 2590 labo-

103 2598 197 2631 riose
230 2599 502 2643 quaesiverunt,
543 2600 638 2634 hunc
669 2601 738 2645 ipsi
773 2601 962 2634 nobiscum
999 2599 1196 2640 habentes,
1236 2610 1313 2633 cum
1346 2613 1529 2647 possemus

104 2650 189 2677 ante
214 2645 303 2678 alios
337 2645 414 2678 eius
438 2646 632 2680 amicitiam
660 2648 853 2692 consequi,
881 2659 924 2680 ex
948 2647 1103 2692 quadam
1141 2645 1338 2680 rusticitate
1365 2649 1527 2683 volentes

104 2689 375 2724 deseruerimus.
425 2692 534 2736 Atqui
559 2694 588 2727 si
623 2693 766 2739 quando
802 2705 882 2727 eum
913 2693 1076 2726 Romanis
1101 2694 1180 2724 iura
1213 2692 1296 2726 dare
1320 2695 1529 2738 contigerit,

105 2746 259 2777 memor,
285 2748 322 2770 se
347 2737 486 2770 nullum
513 2738 599 2772 hinc
623 2741 796 2773 auxilium
822 2739 1033 2778 abstulisse,
1078 2738 1142 2772 sed
1164 2743 1337 2786 quantum
1361 2742 1399 2773 iu
1424 2742 1528 2775 nobis

105 2781 197 2824 fuit,
221 2785 327 2819 etiam
351 2782 516 2819 hostibus
541 2787 614 2819 suis
640 2785 841 2826 obiectum,
867 2784 1032 2831 (perinde
1067 2785 1163 2820 euim
1189 2790 1267 2827 est,
1288 2796 1386 2821 nunc
1410 2789 1527 2833 ipsum
