1806 3152
283 154 388 228 592
774 168 1152 215 ,CANTACUZEM

86 276 266 320 A.c.1346
281 275 447 327 φθεῖσιν
487 266 688 324 ἄρχουσιν
707 302 717 320 ‚
765 270 820 319 ὥς
849 266 900 312 ἂν
920 271 1010 329 μὲν
1029 271 1314 325 διαλλάττοιτε)
1343 271 1449 326 πρὸς
1477 274 1653 326 βασιλέα
1683 271 1707 328 ἧ

276 337 472 391 Σαρχάνη
500 335 671 391 στρατιά
689 368 701 389 ,
736 334 920 391 (οἴεσθαι
945 334 1025 391 γάρ
1059 333 1210 384 αὕτοὺς
1238 335 1414 388 βασιλέα
1442 339 1596 379 πείσειν
1635 354 1709 379 κα-

273 403 518 444 τατίθεσθαι
552 399 623 443 τὸν
652 399 756 455 πρὸς
792 402 944 442 ἐκεῖνον
983 400 1159 454 πόλεμον
1189 403 1262 442 καί
1297 403 1582 458 συμμαχεῖν,)
1610 404 1708 457 μηδ’
1747 456 1751 457 ⁷

277 464 430 516 αὐτούς
469 466 776 508 ἀποκαλύπτειν
804 464 850 508 τὸ
883 463 1150 522 ἀπόρρητον,
1191 465 1296 508 α’λλὰ
1326 465 1430 519 μετὰ
1459 470 1542 508 τῶν
1576 461 1711 508 ἄλλων
1755 494 1763 500 κ

278 530 384 587 πρὸς
411 530 482 574 τὸν
511 533 712 585 βασιλέα
719 528 848 585 ἥκειν.
905 527 957 573 (ἲν
985 534 1024 573 δ’
1050 533 1249 574 ἐθέλωσιν
1277 530 1423 573 ἐκεῖνοι
1450 536 1639 585 πολεμεῖν
1657 529 1738 580 ὥςό

239 596 450 651 Βᾶληθως
433 630 475 650 ς,
502 598 661 652 κρύφα
690 592 934 674 πέμψαντας
973 595 1078 653 πρὸς
1118 600 1295 651 βασιλέα
1339 602 1555 652 παραινεῖν
1597 594 1715 654 αὖτω

282 658 662 704 ἀντικαθίστασθαι
701 661 806 717 πρὸς
846 659 987 717 μάχην
1027 668 1112 710 τοῖς
1156 662 1400 718 βαρβάροις.
1467 659 1636 704 ἐπειδάν
1666 663 1713 703 δὲ

283 743 363 767 ωσι
390 729 743 782 παρατεταγμένοι
775 743 844 768 και
885 720 964 782 ηδη
994 730 1177 784 μέλλωσι
1207 728 1521 779 συμπλέκεσθαι
1539 757 1551 779 ,
1592 727 1716 779 μεθίε-

282 796 465 836 στασθαι
497 792 602 847 πρὸς
632 795 809 845 βασιλέα
842 794 913 835 καί
936 798 1090 847 χωρεῖν
1119 809 1220 834 κατα
1252 793 1336 834 τῶν
1363 791 1588 847 βαρβάρων
1603 788 1709 854 μετά

282 861 357 912 τῆς
396 858 551 899 ἐκείνου
587 857 791 913 στρατιᾶς.
856 863 942 907 τοῖς
984 858 1062 910 μὲν
1100 873 1175 899 ουν
1203 872 1384 912 αρχουσι
1417 859 1491 912 τῆς
1517 858 1769 912 στρατιᾶςῑο

286 922 396 965 οὕτω
431 925 696 978 προσέταττεν
721 922 907 978 Ἀμουρ,
935 921 1114 977 μηδενὸς
1142 923 1285 971 αυτοῖς
1311 920 1454 978 ἑτέρου
1483 920 1718 970 συνειδότος

274 989 328 1031 “τὸ
359 985 611 1044 ἀπόρρητον.
669 994 755 1037 τοῖς
782 987 1056 1043 στρατιώταις
1085 990 1131 1031 δὲ
1152 991 1313 1031 ἐκέλευε
1332 986 1466 1030 πάντα
1493 979 1719 1035 πείθεσθαι

285 1060 369 1103 ’τοῖς
397 1049 579 1108 ἄρχουσι
606 1053 678 1095 καὶ
703 1056 864 1108 μηδένα
893 1048 1267 1109 πολυπραγμονεῖν,
1299 1053 1370 1107 ὥς,
1398 1053 1443 1096 εἴ
1460 1070 1525 1102 τις
1549 1052 1608 1108 μὴ
1628 1055 1718 1108 πεί-

286 1124 421 1172 θοιτο,
463 1119 595 1161 αὐτοῦ’
633 1121 706 1160 καί
731 1121 874 1174 γένους
911 1121 1326 1175 διαφθαρησομένου.
1381 1122 1555 1161 τοιαῦτα
1581 1120 1660 1172 μὲν
1692 1115 1715 1158 6

285 1183 442 1240 Ἁμούρ
473 1184 747 1238 συσκευάσας,
778 1183 885 1238 μετά
915 1187 998 1226 τῶν
1024 1179 1159 1226 ἄλλων
1186 1186 1460 1238 συνεξέπεμπε
1486 1183 1561 1238 τὴν
1591 1179 1771 1239 arpa-15

286 1249 390 1293 τιάν.
454 1249 635 1306 Τάγαρις
677 1252 722 1292 δὲ
768 1249 789 1290 6
831 1253 961 1304 μέγας
1002 1247 1368 1328 στρατοπεδάρχης
1411 1248 1570 1297 πάντας
1609 1247 1719 1303 ἔχων

164 1315 315 1365 P.687
294 1316 402 1369 ομοῦ
442 1314 684 1371 ἐπεραιοῦτο
712 1314 784 1357 τὸν
799 1312 1111 1370 Ἑλλησποντον.
1166 1316 1238 1356 καί
1260 1312 1280 1354 6
1310 1313 1506 1367 βασιλεὺς
1532 1315 1625 1355 ἐπει
1645 1307 1720 1369 τὴν

287 1379 490 1435 στρατιάν
533 1381 713 1422 ἐπύθετο
755 1384 1089 1435 περαιωθεῖσαν,
1118 1376 1206 1431 α’μα
1237 1379 1282 1420 δὲ
1311 1396 1368 1428 ως
1401 1381 1474 1420 καί
1499 1377 1539 1421 οἱ
1565 1378 1722 1433 ταύτην
1761 1406 1767 1411 ·

288 1441 480 1500 ἄγοντες
493 1461 709 1500 στρατηγοι
758 1448 840 1486 τῶν
885 1446 1018 1499 φίλων
1058 1459 1138 1486 εισι
1177 1460 1246 1485 και
1281 1443 1365 1486 τῶν
1393 1446 1620 1499 συνήθων,
1647 1442 1722 1485 τὸν

289 1509 544 1565 Λοιδορίτην
585 1513 657 1551 καί
680 1508 882 1553 Ἆθιανὸν
918 1510 1088 1562 πέμψας
1125 1507 1230 1564 πρὸς
1256 1524 1432 1558 αυτους
1443 1507 1621 1566 παρήνεὶ
1646 1520 1774 1550 ιτα-20

288 1577 535 1618 τατίθεσθαι
563 1573 637 1616 τὸν
663 1573 838 1627 πόλεμον
869 1573 938 1615 τὸν
966 1574 1070 1630 πρὸς
1103 1573 1255 1616 αὐτόν·
1303 1574 1378 1615 καὶ
1403 1573 1540 1617 πάντα
1567 1571 1722 1630 τρόπον

290 1643 497 1695 ἐπεχείρει
544 1642 705 1682 πείθειν
745 1641 1012 1696 α’φίστασθαι
1051 1642 1128 1681 τοῦ
1164 1636 1411 1685 κατ’μαῦτοῦ
1445 1646 1614 1697 χωρεῖν.
1647 1652 1652 1653 ’
1681 1638 1721 1682 οἱ

289 1709 366 1761 μὲν
393 1702 465 1748 οὖν
502 1700 620 1747 ἄλλοι
646 1708 726 1748 τῶν
751 1703 961 1761 ἡγεμόνων
994 1707 1070 1746 ov’x
1101 1704 1326 1761 α’φίσταντο
1353 1707 1429 1748 τοῦ
1453 1703 1645 1762 πράττειν
1670 1704 1722 1747 τὰ

291 1771 395 1814 κατά
433 1769 598 1826 γνώμην
634 1773 692 1829 τῷ
729 1772 849 1828 σφῶν
877 1768 1087 1828 σατράπῃ·
1146 1772 1315 1827 α’ληθῶς
1340 1769 1419 1827 γὰρ
1448 1772 1723 1827 ἐπέμφθησαν

392 1867 441 1900 ι8.
466 1867 529 1899 καὶ
555 1877 621 1900 om.
639 1868 676 1905 P.

291 1941 438 1983 gratiae,
471 1945 511 1971 ut
540 1940 663 1972 amicis
703 1944 739 1971 et
772 1939 892 1978 sociis,
929 1937 1159 1972 haberentur.
1209 1936 1402 1984 Imperavit
1424 1942 1543 1972 autem
1567 1938 1720 1971 ducibus

291 1988 385 2025 suis,
421 1991 479 2026 ut,
505 1988 534 2018 si
562 1986 749 2019 Sarchanis
782 1987 906 2029 copiae
943 1987 1152 2030 imperatori
1183 1985 1513 2024 reconciliarentur,
1537 1985 1721 2026 (arbitrari

298 2034 394 2065 enim
432 2044 468 2065 s‹
521 2043 601 2064 eum
635 2043 678 2064 ex
714 2031 878 2065 hostibus
902 2031 973 2065 sibi
1006 2034 1138 2065 amieos
1183 2039 1219 2066 et
1250 2032 1442 2065 auxiliares
1468 2030 1721 2077 redditurum)

292 2090 359 2112 nec
384 2080 451 2122 ipsi
479 2089 644 2111 areanum
670 2079 921 2119 enuntiarent,
951 2079 1014 2111 sed
1039 2088 1118 2111 eum
1148 2078 1227 2112 aliis
1253 2078 1298 2110 ad
1321 2079 1571 2122 imperatorem
1591 2078 1721 2111 transi-

296 2131 386 2159 rent.
449 2126 512 2158 Sin
555 2125 656 2157 illum
695 2125 788 2157 serio
824 2136 1031 2169 oppugnare
1063 2125 1222 2165 vellent,
1257 2125 1345 2156 clam
1378 2125 1564 2157 mitterent
1605 2128 1641 2157 et
1675 2121 1722 2157 ad

292 2171 453 2204 barbaris
495 2171 733 2204 resistendum
765 2171 1005 2204 hortarentur.
1062 2150 1270 2215 Dispertitis
1295 2180 1399 2214 p01ro
1427 2169 1636 2208 ordinibus,
1664 2170 1722 2202 in-

295 2224 444 2270 gruente
473 2219 538 2249 iam
566 2217 758 2256 conflictu,
785 2218 831 2250 ad
855 2218 1108 2271 imperatorem
1138 2217 1402 2260 transfugerent
1443 2221 1479 2248 et
1516 2227 1594 2249 cum
1619 2216 1721 2249 illius

297 2264 437 2307 agmine
464 2265 501 2296 in
525 2263 695 2296 barbaros
721 2263 991 2307 impressionem
1017 2264 1182 2296 facerent.
1231 2263 1335 2295 Talia
1364 2262 1514 2295 ducibus
1539 2254 1724 2317 praecepit:¹

297 2311 486 2350 Ammius,
512 2317 614 2354 quae
627 2307 785 2355 reliquos
811 2309 986 2343 fallebant
1014 2320 1147 2342 omnes.
1178 2308 1314 2341 Milites
1338 2319 1433 2349 vero,
1450 2309 1579 2342 omissa
1601 2309 1721 2342 curio-

296 2357 415 2396 sitate,
441 2357 590 2389 ducibus
631 2366 697 2401 per
732 2356 852 2389 omnia
891 2357 1139 2399 obtemperare
1167 2354 1281 2391 iussit
1338 2355 1412 2399 Qui
1440 2365 1540 2388 secus
1565 2354 1722 2395 fecisset,

298 2413 375 2434 eum
401 2413 529 2445 genere
552 2414 615 2435 suo
647 2403 854 2446 periturum.
916 2400 1171 2434 Huiuscemodi
1206 2400 1329 2433 ‹lolum
1363 2400 1586 2435 machinatus
1611 2401 1722 2434 Amu-

295 2447 367 2480 iius
396 2460 474 2480 cum
500 2449 579 2481 aliis
605 2457 686 2481 suos
713 2450 842 2481 emisit.
892 2448 1035 2491 Tagaris
1059 2458 1138 2479 cum
1163 2447 1329 2482 omnibns
1365 2447 1475 2481 Persis
1509 2447 1725 2491 Hellespom·

296 2500 373 2527 tum
414 2497 567 2529 tiaieeit.
623 2497 820 2538 Imperator
855 2494 918 2527 ubi
956 2494 1150 2526 exercitum
1176 2498 1438 2534 transvectum,
1465 2498 1502 2526 et
1525 2493 1631 2526 simul
1657 2492 1724 2525 du-

301 2546 416 2573 ctores
443 2543 575 2574 amicos
603 2552 644 2576 ac
669 2542 864 2575 familiares
891 2551 965 2573 esse
991 2541 1147 2584 accepit,
1172 2550 1235 2583 pei
1259 2538 1486 2573 Loceloritem
1523 2544 1561 2572 et
1595 2538 1723 2572 Athia-

299 2598 385 2619 num
413 2589 571 2627 monuit,
610 2589 663 2620 uti
703 2587 802 2620 bello
841 2593 962 2620 contra
991 2598 1028 2619 se
1057 2586 1356 2631 supc'2rsederent
1390 2585 1486 2631 quod
1511 2590 1552 2619 ut
1575 2584 1620 2618 ab
1645 2584 1724 2624 iilis

300 2633 501 2671 obtineret,
528 2633 693 2667 tentabat
719 2635 848 2667 omnia.
897 2634 968 2667 Alii
994 2633 1103 2678 igitur
1129 2631 1255 2672 duces,
1281 2643 1372 2679 quae
1395 2641 1525 2676 cupere
1546 2637 1722 2675 satrapam

302 2691 404 2713 suum
430 2686 600 2719 nossent,
626 2692 700 2714 non
725 2679 1086 2725 praetermittebant,
1115 2689 1197 2712 vere
1223 2678 1402 2723 siquidem
1429 2682 1552 2711 contra
1587 2677 1722 2710 canta-

303 2731 474 2761 cuz'enum
499 2725 600 2759 missi
636 2733 748 2766 erant,
796 2727 1053 2762 Verumtamen
1075 2735 1173 2771 spem
1198 2723 1327 2761 bonam
1355 2724 1499 2758 dabant.
1547 2725 1593 2760 At
1616 2721 1727 2757 ‹luces'e
