1800 3138
493 193 867 236 msTomARUM
907 195 980 234 ιη.
1022 197 1088 241 39.
1389 173 1494 246 237

79 296 220 340 νύκτα.
251 295 446 350 βασιλεὺς
469 296 515 337 δὲ
535 293 881 350 πρωτοστράτορα
903 295 975 335 καί
1001 292 1097 342 τοὺς
1123 295 1167 335 ἐν
1189 291 1294 350 λόγῳ
1311 292 1494 346 μάλιστα
1508 297 1589 332 A.C.
1610 298 1692 342 1342

76 365 159 404 τῶν
187 361 387 417 φυγάδων
412 358 523 414 ἔχων
550 361 648 414 περὶ
674 356 834 411 ἑαυτὸν,
859 355 999 412 η’ραὶτα
1021 356 1098 410 ὅ,τι
1120 359 1206 400 δέοι
1224 364 1382 399 ποιεῖν·
1430 359 1508 399 av'-

76 429 176 476 τούς
201 426 280 481 γάρ
308 423 488 478 μάλιστα
515 424 671 466 εἰδέναι
697 422 750 465 τοὶ
779 424 966 465 ἐνταῦθα
1021 422 1240 479 πράγματα
1284 423 1357 465 καί
1395 419 1505 477 ἇγω-

77 493 159 546 γῶν
186 491 310 533 τόπον
349 492 512 544 ἐπέχειν
539 487 644 545 πρὸς
670 485 822 538 αὖτούς
850 485 947 544 ἄρτι
975 485 1229 544 ἀφιγμένους
1255 490 1298 539 ἐξ
1326 488 1501 530 α’λλοδα-

55 557 173 611 ὅπῆς.
231 554 558 612 πρωτοστράτωρ
592 556 637 596 δὲ
664 552 737 595 καὶ
762 552 801 595 οἱ
829 549 1029 610 φυγάδες,
1057 554 1109 595 τοὶ
1137 556 1215 607 μὲν
1240 555 1500 608 γεγενημένα,

76 619 250 677 ἔφησαν,
280 622 465 663 ἐνταῦθα
489 621 579 662 οὐδ’
607 617 736 668 αὐτὸς
763 617 945 674 ἀγνοεῖς·
1000 621 1181 661 λείπεται
1199 619 1245 661 δὲ
1266 615 1392 661 αὐτὸν
1408 635 1501 662 σκε-

77 684 278 740 ψάμενον,
310 682 390 738 ὅ,τι
418 680 470 726 ἂν
496 686 596 742 δοκῇ
623 685 856 740 συμφέρειν
885 680 1096 739 πράττειν.

183 750 264 793 w.
317 748 526 799 Βασιλεὺς
566 752 613 792 δὲ
650 750 694 798 ἐς
729 748 804 804 τήν
830 746 1054 804 ὖστεραίαν
1080 749 1298 803 ἐκκλησίαν
1324 752 1370 793 ἐκ
1396 751 1497 793 πάν-
1509 750 1625 795 Ρ·473

77 832 161 858 των
187 817 496 870 συναθροίσας,
534 813 698 870 γνώμην
735 815 838 856 πᾶσι
864 812 962 869 περὶ
986 815 1067 856 τῶν
1091 817 1304 869 πρακτέων
1331 815 1496 870 προῦτί-
1507 817 1625 853 V·385

32 885 164 936 ῖοθει,
193 883 264 923 καί
289 881 447 922 ἐκέλευε
473 878 518 922 τὸ
548 877 854 935 παριστάμενον
879 878 1051 922 ἕκαστον
1076 882 1207 935 μηδὲν
1223 880 1537 934 ἆναδυόμενονΒ

78 948 235 999 εἰπεῖν,
274 945 331 994 ὦς
361 947 406 987 ἐκ
441 945 604 987 πολλῶν
629 946 711 986 τῶν
737 945 965 998 λεγομένων
994 941 1118 1001 ῥᾳὸῗα
1147 943 1172 1000 ἦ
1199 947 1274 987 τοῦ
1296 946 1506 988 συνοίσον-

78 1026 146 1060 τος
173 1010 332 1065 αἵρεσις
358 1011 509 1063 γένοιτο
538 1010 695 1058 αὐτοῖς.
755 1007 794 1050 οἱ
822 1010 862 1050 δ’
888 1006 1160 1063 α’νεβάλλοντο
1178 1007 1323 1059 πάντες
1339 1011 1504 1067 ἑφεξῆς,

78 1076 152 1117 καί
187 1074 324 1123 ου’δεῖς
350 1072 396 1116 τὸ
421 1073 730 1130 παριστάμενον
757 1072 913 1126 ἐτόλμα
940 1075 1072 1129 λέγειν
1109 1077 1313 1130 φανερῶς.
1379 1077 1423 1117 οἵ
1462 1092 1506 1117 τε

77 1139 158 1195 γὰρ
195 1140 240 1180 ἐκ
269 1138 502 1190 Βυζαντίου
542 1139 727 1194 φυγάδες
765 1138 874 1192 μετὰ
913 1141 1118 1192 βασιλέως
1157 1139 1376 1195 ἀφιγμένοι
1402 1134 1506 1194 ἄγαν

32 1202 256 1260 ιόἤχθοντο
284 1202 389 1258 πρὸς
415 1202 490 1259 την
518 1203 746 1258 ἀποτυχίαν
771 1205 845 1259 τῆς
874 1205 1174 1260 Θεσσαλονίκης
1199 1203 1272 1246 καί
1294 1206 1340 1247 ἐν
1360 1202 1503 1262 ἀπόρῳ

79 1269 236 1323 εἴχοντο
261 1271 335 1310 τοῦ
359 1269 406 1311 τί
423 1267 506 1324 χρὴ
535 1267 728 1311 ἑλέσθαι·
782 1267 855 1310 καί
878 1269 905 1323 ἧ
934 1264 1037 1325 ἄλλη
1065 1268 1243 1324 στρατιὰ
1271 1271 1315 1312 ἐν
1342 1271 1506 1328 α’θυμύέι

80 1330 209 1390 ἦσαν,
255 1333 308 1374 ου’
343 1331 449 1375 κατὰ
486 1333 584 1389 ῥοῦν
608 1335 828 1388 χωροῦντα
853 1332 904 1375 ra*
934 1333 1155 1389 πράγματα
1183 1333 1360 1390 ὁρῶντες
1385 1338 1505 1388 βασι-

82 1403 149 1440 λεῖ
161 1415 170 1425 ·
209 1399 284 1439 καί
309 1396 335 1438 o‘
361 1395 686 1453 πρωτοστράτωρ
717 1395 808 1451 ἅμα
835 1399 1167 1441 Θεσσαλονικέων
1195 1404 1280 1448 τοῖς
1308 1397 1503 1456 φυγάσιν,

84 1463 142 1512 ὥς
178 1459 319 1517 ἑώρων
353 1462 440 1511 τοῖς
479 1463 524 1504 ἐκ
558 1464 794 1514 Βυζαντίου
825 1469 1069 1519 στρατηγοῖς
1094 1462 1166 1519 τὴν
1191 1463 1311 1507 πόλιν
1327 1481 1505 1518 ,κατεχο-

33 1528 210 1582 Ωομένην
235 1529 308 1569 καί
345 1522 483 1581 ἄπορα
511 1521 591 1582 ἤδη
618 1523 670 1582 ἦν
696 1527 1006 1582 προσάγεσθαι,
1032 1531 1188 1581 μᾶλλον
1217 1530 1503 1583 ἐχαλέπαινον,
1521 1532 1548 1564 C

83 1590 184 1640 τούς
218 1591 390 1640 οἰκείους
428 1593 653 1640 ἐννοοῦντες
690 1589 759 1634 οἷα
785 1595 1008 1635 πείσονται.
1060 1592 1135 1635 καί
1157 1591 1263 1648 πρὸς
1287 1592 1360 1648 τήν
1386 1598 1509 1647 βασι-

84 1659 188 1706 λέως
223 1654 388 1712 γνώμην
413 1654 565 1706 πάντες
593 1656 821 1712 α’φεοόρων,
851 1656 1038 1710 οἰόμενοί
1055 1674 1146 1700 τινα
1175 1660 1297 1714 σφίσι
1324 1661 1407 1700 τῶν
1438 1674 1519 1699 πε-4

85 1721 315 1778 ρισχόντων
349 1722 485 1763 κακῶν
523 1718 645 1764 λύσιν
682 1720 931 1777 ἐξευρήσειν.
995 1721 1192 1775 βασιλεὺς
1234 1724 1280 1765 δὲ
1327 1724 1383 1772 ὥς
1424 1719 1510 1765 εἶδε

88 1902 282 1938 ostendens
307 1907 343 1937 et
365 1907 510 1937 cunctos
539 1903 652 1936 amico
675 1903 776 1937 vultu
801 1904 958 1939 intuens.
1004 1905 1053 1938 Ea
1078 1909 1182 1939 nocte
1205 1905 1283 1939 loco
1308 1906 1372 1939 illo
1398 1910 1510 1940 castra

87 1949 304 1986 habuerunt.
360 1950 559 1994 Imperator
583 1954 873 1994 protostratorem
906 1956 942 1984 et
969 1952 1164 1992 eiectitios‚
1196 1963 1346 1996 quorum
1371 1953 1511 1996 insigne

87 2006 221 2029 nomen
245 1999 333 2036 erat,
357 1996 488 2029 circum
515 2006 552 2029 se
575 1995 724 2037 habens,
750 1997 838 2041 quid
862 1997 1063 2031 faciendum
1086 2002 1192 2038 esset,
1214 1998 1426 2043 quaerebat:
1451 2009 1513 2032 eos

88 2052 244 2087 namque
270 2053 342 2074 rem
366 2041 721 2075 Thessalonicensem
743 2044 948 2087 pet-novisse
972 2048 1008 2076 et
1034 2044 1122 2090 ipsis
1150 2054 1194 2077 ex
1222 2044 1340 2077 aliena
1369 2046 1513 2088 regione

89 2087 319 2121 venientibus
349 2099 414 2132 pro
446 2088 655 2122 ductoribus
686 2099 763 2122 esse
798 2101 911 2133 posse.
959 2089 1051 2122 Tum
1075 2094 1310 2134 protostrator
1333 2094 1370 2122 et
1392 2091 1515 2123 exules

91 2134 372 2178 responderunt,
403 2144 495 2179 quae
518 2134 652 2168 ibidem
678 2134 928 2180 contigissent,
960 2147 1026 2169 nec
1049 2138 1164 2180 ipsum
1193 2137 1350 2169 nescire:
1387 2147 1515 2181 super-

91 2190 168 2214 esse
193 2185 323 2218 autem,
350 2184 391 2212 ut
407 2181 450 2221 is,
474 2180 538 2213 ubi
553 2191 670 2213 secum
687 2181 893 2226 dispexerit,
918 2182 1006 2228 quid
1021 2182 1201 2227 expediat,
1227 2182 1262 2215 id
1289 2189 1514 2227 exsequatur.

183 2226 237 2270 39.
286 2226 427 2259 Postera
453 2226 534 2260 luce
560 2226 763 2270 imperator,
787 2228 952 2261 omnibus
977 2229 1022 2262 ad
1048 2229 1255 2262 concionem
1278 2230 1432 2269 vocatis,
1457 2230 1515 2262 di-

92 2271 226 2305 cendae
241 2274 441 2305 sententiae
455 2277 666 2317 potestatem
682 2273 778 2314 facit,
792 2279 830 2307 et
845 2286 1147 2320 unumquemque,
1161 2275 1256 2319 quod
1272 2275 1410 2308 animus
1431 2286 1515 2320 sug-

92 2323 252 2364 gereret,
282 2318 358 2351 sine
381 2319 672 2364 tergiversatione
695 2320 734 2352 in
757 2320 911 2353 medium
935 2322 1095 2366 proferre
1118 2320 1241 2361 iubet,
1271 2325 1312 2352 ut
1335 2330 1379 2353 ex
1402 2322 1515 2366 pluri-³

93 2375 154 2396 um
178 2363 303 2403 dictis,
335 2364 423 2409 quid
445 2365 673 2410 profuturum
698 2366 766 2406 sit,
795 2365 901 2399 facile
934 2371 1114 2412 appareat.
1163 2367 1219 2400 Illi
1254 2377 1374 2399 omnes
1410 2367 1514 2400 dein-

94 2421 175 2454 ceps
201 2411 380 2450 cunctari,
405 2415 442 2443 et
462 2411 560 2455 quod
583 2415 802 2451 occurreret,
825 2423 897 2446 non
919 2413 1051 2447 audere
1074 2412 1192 2457 palam
1216 2413 1394 2457 proloqui.
1444 2415 1514 2456 By-

99 2457 218 2488 zantio
242 2465 395 2500 namque
419 2456 572 2500 profugi,
597 2457 657 2502 qui
682 2468 759 2490 cum
783 2459 998 2502 imperatore
1022 2464 1217 2500 venerant,
1244 2458 1511 2492 frustrationem

100 2502 376 2535 Thessalonicae
401 2502 564 2536 ferebant
585 2503 845 2544 molestissime,
872 2510 908 2538 et
933 2516 1004 2550 quo
1024 2516 1060 2538 se
1081 2509 1272 2544 verterent,
1291 2505 1511 2539 aestuabant:

100 2549 260 2592 reliquus
285 2554 402 2581 antem
426 2548 527 2582 miles
552 2548 688 2590 videns,
711 2549 825 2583 eidem
849 2556 975 2595 coepta
991 2561 1088 2584 secus
1113 2549 1318 2595 procedere,
1343 2550 1513 2595 despera-

98 2595 199 2626 tione
227 2594 465 2638 frangebatur.
511 2595 745 2629 protostrator
775 2607 919 2642 quoque
946 2603 983 2630 et
1008 2596 1129 2630 exules
1155 2595 1514 2639 Thessalonicenses,

100 2639 226 2672 urbem
252 2651 271 2672 a
299 2639 502 2684 Byzantinis
542 2640 693 2674 ducibus
730 2647 936 2688 occupatam
973 2648 1010 2676 et
1042 2646 1202 2685 ereptum
1244 2643 1343 2676 illius
1374 2643 1513 2676 aditum

101 2691 306 2726 cernentes,
340 2685 513 2719 dolebant
535 2686 716 2728 acerbius,
748 2699 854 2732 quam
878 2690 1006 2721 misera
1031 2694 1124 2721 esset
1149 2688 1265 2722 futura
1289 2691 1516 2735 propinquo-

101 2741 176 2764 rum
203 2742 344 2765 suorum
368 2732 549 2773 conditio,
582 2735 787 2776 cogitantes.
837 2735 997 2767 Universi
1022 2734 1162 2767 demum
1187 2734 1408 2778 imperatoris
1432 2747 1516 2769 sen-

101 2778 250 2811 tentiam
275 2778 549 2824 exspectabant,
584 2789 738 2825 eumque
770 2780 901 2826 quibus
927 2785 1048 2815 essent
1071 2780 1178 2815 cincti
1202 2781 1374 2815 malorum
1405 2793 1516 2815 reme-
