1812 3132
277 159 354 232 98
803 174 1175 217 CANTAGUZEM

83 283 164 319 Ac.
183 285 263 330 1341
280 294 368 335 ροις
397 275 478 318 ὑπὸ
504 278 735 330 βασκανίας
773 277 906 330 μηδὲν
949 275 1159 316 ἀδικοῦντι
1199 276 1451 328 πολεμοῦσιν
1475 277 1570 330 ἐμοὶ
1593 293 1719 332 προσ-

279 346 424 397 νειζιιας
470 341 648 394 ἑαυτὸν,
709 341 803 396 τόγε
843 344 901 390 εἰς
947 338 1059 393 ὑμᾶς
1098 336 1196 395 ἧκον
1235 339 1287 382 ui
1324 339 1482 395 ἔσχατα
1524 344 1719 385 ‹hs-Jews

245 408 400 454 Βκακοὲ.
458 408 505 450 τί
536 402 611 448 οὖν
648 405 752 460 πρὸς
791 410 927 448 ταῦτα
957 408 1064 459 κοῖμὲ
1101 405 1173 447 καί
1200 408 1460 449 διανοεῖσθαι
1488 407 1561 449 καὶ
1585 414 1720 451 ποιεῖν

279 477 422 529 ἐχρῆν,
445 469 469 528 ἢ
490 476 721 525 πειρᾶσθαι
745 471 960 526 βλάπτειν,
991 469 1043 512 ἄν
1073 465 1158 526 ἄρα
1186 488 1226 513 τι
1254 472 1447 524 δύνωμαι
1467 472 1541 514 καί
1567 473 1717 527 αύτόςς

276 543 316 582 εἰ
345 542 385 581 δ’
415 539 485 581 ἐπὶ
500 541 630 580 ταῦτα
649 538 910 594 ἐτραπόμην,
942 539 990 579 τί
1010 535 1153 579 λοιπὸν
1180 534 1259 592 ἧν,
1289 533 1316 592 ἢ
1344 540 1392 579 σὲ
1421 536 1497 592 τὴν
1515 537 1747 594 προτέρανὸ

276 610 447 660 θρηιεῐν
485 603 778 656 εὔδαιμονίαν,
818 598 963 656 ἄτιμον
1002 605 1200 658 ἐξαίφνης
1230 603 1303 644 καί
1338 598 1495 658 ἄπορον
1521 603 1720 658 περιόντα

278 673 323 712 ἐκ
351 670 509 725 μεγάλα
543 670 806 722 δυναμέιόυ,·
846 671 966 710 τοῦτο
993 670 1072 720 μὲν
1098 663 1172 710 οὖν
1203 670 1301 721 ἐμοί
1324 684 1369 710 τε
1395 670 1477 710 τῶν
1504 668 1615 712 πάνυ
1646 669 1723 727 ῥᾳ-

279 737 380 776 δίων
425 729 476 790 ἦν
517 735 589 776 καί
630 732 756 782 αὐτὸς
786 729 840 775 ἂν
871 732 1063 781 δικάσαις
1091 734 1256 790 σεαυτῷ
1297 734 1352 782 ὥς
1374 732 1577 776 τοιούτων
1604 730 1722 790 ἦσθα

278 801 351 842 καί
376 799 578 842 πλειόνων
606 796 721 849 ἄξιος
748 801 822 853 τῆς
852 798 1110 854 πανουργίας
1138 797 1377 845 ἀπολαύειν.
1411 800 1491 854 ἐγώ
1522 802 1557 842 δ’
1586 801 1722 854 ἐμαυ-

276 868 334 923 τῷ
364 868 516 921 πολλῆς
549 864 664 920 παρὰ
692 868 796 906 θεοῦ
816 868 889 919 τῆς
908 863 1151 919 συγγνώμης
1170 866 1349 922 δεομένῳ
1370 864 1593 918 συνειδώς,
1623 859 1773 906 οὕτεῐῡ

277 931 449 988 ἀριθμῷ
474 933 687 983 τοσαῦτα,
728 926 824 971 οὔτε
861 931 1090 984 τηλικαῦτα
1121 932 1214 971 καθ’
1241 930 1402 985 ἡμέραν
1441 930 1720 985 ἁμαρτάνοντι

279 994 324 1036 τὸ
354 997 558 1049 μέγεθος,
604 994 710 1037 ἀλλὰ
755 998 894 1051 πολλῷ
927 992 1144 1050 δεινότερα
1182 995 1255 1036 καί
1293 997 1447 1049 πλείω,
1495 992 1629 1044 ἄλλως
1672 1010 1719 1037 τε

239 1060 353 1103 (3καί
386 1066 472 1110 τοῖς
509 1059 644 1117 ὅρκοις
681 1066 766 1109 τοῖς
806 1066 894 1109 σοῖς
920 1060 1176 1112 πιστεύσας,
1208 1059 1451 1116 συγγνώμην
1478 1063 1720 1117 παρέχομαι

276 1128 350 1167 καί
376 1125 615 1180 ἀμνηστίαν
642 1128 713 1180 τῆς
743 1127 983 1180 ἐπιβουλῆς.
1040 1129 1109 1168 ool
1138 1127 1184 1167 δὲ
1209 1125 1385 1182 μελήσει
1423 1131 1507 1175 τοῖς
1545 1122 1719 1182 ὕστερον

279 1193 455 1246 α’γαθοῖς
483 1190 535 1233 τὰ
565 1192 764 1247 πρότερον
796 1193 1047 1246 εἰργασμένα
1079 1190 1372 1248 ἅπαλείφεινίἷ
1419 1190 1511 1234 τότε
1537 1196 1615 1245 μὲν
1645 1188 1773 1234 οὗνῐό

279 1255 301 1297 ὅ
334 1254 703 1310 παρακοιμιόμενος
747 1252 876 1305 αὖθις
918 1254 1056 1311 λόγοις
1092 1273 1134 1298 τε
1172 1257 1333 1299 πλείοσι
1375 1257 1449 1299 καί
1489 1255 1630 1318 ὅρκοις
1661 1256 1714 1298 τοὶ

276 1323 542 1376 γεγραμμένα
591 1321 897 1375 ἐπιβεβαιώσας
915 1354 927 1376 ‚
975 1325 1047 1377 τῆς
1090 1322 1204 1377 παρὰ
1242 1322 1428 1377 μεγάλου
1477 1325 1718 1376 δομεστίκου

276 1384 399 1430 πάλιν
448 1383 635 1427 ἀπέλαυε
678 1384 810 1441 ῥοπῆς
867 1389 942 1428 καί
975 1387 1151 1437 πολλούς
1189 1387 1487 1442 παρευδοκιζιιει
1523 1391 1596 1431 καί
1634 1391 1718 1430 τῶν

274 1453 382 1504 γένει
408 1452 650 1505 περιδόξων.
704 1451 843 1509 χρόνῳ
871 1454 917 1494 δὲ
946 1450 1119 1508 ὕστερον
1135 1486 1147 1504 ,
1179 1449 1316 1508 ὥσπερ
1345 1454 1396 1508 δὴ
1422 1453 1494 1495 καί
1519 1453 1717 1508 πρότερον

275 1514 484 1570 ἱστόρηται
513 1516 633 1570 ἡμῖν,
679 1519 756 1557 τοῦ
781 1515 885 1558 κατὰ
919 1521 1103 1573 Περσῶν
1140 1516 1285 1559 στόλου
1315 1517 1395 1559 ὖπὸ
1424 1522 1630 1572 βασιλέως
1655 1517 1770 1560 ἔτι20

276 1578 486 1635 περιόντος
508 1582 827 1634 ἀποδειχθέντος
846 1586 1082 1638 στρατηγοῦ
1106 1616 1117 1636 ,
1149 1582 1279 1625 πολλοὶ
1310 1587 1386 1626 τοῦ
1411 1582 1592 1639 μεγάλου
1622 1584 1721 1639 περὶ

275 1646 425 1687 τούτου
460 1648 705 1699 δομεστίκου
737 1649 953 1702 δεηθέντος
978 1652 1205 1702 βασιλέως,
1234 1645 1342 1691 ὥστε
1368 1650 1441 1705 τήν
1468 1651 1717 1705 στρατηγίαν

275 1710 430 1765 ταύτην
467 1713 723 1767 ἐγχειρισαι,
753 1712 812 1767 μή
842 1711 1132 1769 προσήκουσαν
1161 1715 1300 1773 ἐκείνῳ
1329 1714 1405 1770 τήν
1433 1716 1531 1771 περὶ
1552 1715 1605 1757 τὰ
1633 1731 1718 1757 τοι-

370 1822 401 1866 4.
429 1821 524 1867 ἡμᾶς
544 1822 579 1856 Ρ.
632 1828 642 1837 ·’
682 1825 715 1858 6.
741 1824 939 1869 περιϊόντα
963 1825 997 1858 Ρ.
1098 1826 1148 1860 ι5.
1174 1823 1340 1872 πρότερα
1363 1827 1402 1859 Ρ.
1498 1820 1568 1860 οὖν
1588 1837 1656 1860 om.
1682 1825 1715 1858 P.

278 1943 364 1978 prae
389 1933 589 1966 invidentia
624 1944 680 1966 me
706 1934 951 1968 immerentem
976 1934 1269 1978 oppugnantibus
1300 1935 1434 1968 socium
1462 1940 1497 1968 te
1521 1935 1718 1981 adiungere

278 1979 449 2019 voluisti,
493 1981 554 2023 qui
596 1984 773 2023 quantum
814 1980 852 2013 in
896 1979 999 2013 vobis
1035 1980 1127 2021 fuit,
1170 1981 1262 2014 mala
1297 1986 1453 2014 extrema
1492 1982 1716 2026 designastis.

280 2025 382 2070 Quid
406 2037 490 2069 ergo
516 2026 562 2058 ad
586 2026 675 2058 haec
698 2031 735 2058 et
757 2027 916 2070 cogitare
941 2031 979 2058 et
1002 2025 1119 2060 facere
1146 2038 1202 2059 me
1235 2028 1390 2061 vicissim
1419 2040 1482 2073 par
1516 2028 1610 2062 fuit?
1634 2029 1718 2062 Non

279 2072 425 2111 conari,
462 2072 491 2102 si
515 2081 676 2116 possem,
712 2077 835 2105 contra
860 2072 930 2105 tibi
952 2073 1107 2106 nocere?
1146 2074 1224 2106 Huc
1252 2075 1282 2106 si
1307 2085 1364 2108 me
1390 2075 1589 2113 dedissem,
1626 2074 1716 2121 quid

279 2117 524 2162 sequebatur,
562 2118 632 2150 nisi
659 2122 700 2149 ut
722 2123 761 2151 tu
790 2118 968 2162 perditam
997 2119 1135 2163 lugeres
1166 2120 1375 2153 felicitatem
1414 2127 1534 2163 tuam,
1570 2122 1716 2155 infamis

279 2167 427 2207 repente
454 2169 491 2196 et
514 2173 558 2195 ex
581 2163 753 2208 opulento
778 2165 883 2209 inops
898 2165 914 2197 ἰ’
942 2166 1039 2198 Istuc
1062 2165 1151 2197 mihi
1176 2166 1346 2209 perfacile
1369 2174 1467 2207 erat,
1493 2174 1530 2201 et
1553 2174 1589 2202 tc
1613 2170 1715 2213 ipso-

279 2215 356 2242 met
389 2208 509 2242 iudice
536 2209 627 2242 haec
654 2215 692 2242 et
724 2210 829 2254 plura
859 2210 1016 2254 praemia
1047 2223 1113 2256 pro
1144 2213 1289 2245 vafritie
1322 2218 1383 2247 tua
1422 2214 1597 2248 meruisti.
1669 2214 1716 2247 At

280 2267 345 2299 ego
371 2267 450 2288 cum
477 2255 641 2288 mihimet
662 2257 825 2289 conscius
850 2258 938 2296 sim,
964 2268 1072 2302 quarn
1097 2259 1210 2290 multa
1236 2269 1255 2290 a
1281 2259 1357 2292 Deo
1391 2262 1497 2294 venia
1530 2272 1620 2305 opus
1650 2260 1716 2294 ha-

277 2301 405 2339 beam,
431 2313 510 2334 cum
535 2301 702 2346 quotidie
729 2308 766 2335 et
788 2313 936 2336 nurnero
969 2304 1073 2346 plura
1098 2310 1135 2337 et
1169 2307 1340 2349 gravitate
1376 2308 1512 2340 maiora
1547 2317 1715 2351 peccem,

279 2352 316 2380 et
354 2348 503 2391 insuper
542 2353 761 2403 sacramento
798 2353 860 2381 tuo
898 2349 1069 2391 credens,
1107 2350 1177 2383 tibi
1211 2353 1388 2395 ignoscam
1428 2353 1716 2398 insidiarumque

279 2398 421 2425 tuarum
448 2394 647 2427 obliviscar.
697 2395 752 2428 Tu
785 2396 947 2436 enitere,
982 2401 1022 2428 ut
1047 2398 1308 2440 posterioribus
1333 2404 1429 2432 recte
1458 2400 1561 2433 factis
1593 2401 1715 2444 priora

279 2441 467 2472 malefacta
498 2440 696 2473 oblitteres.
747 2441 839 2473 Tum
863 2442 973 2486 igitur
995 2442 1153 2476 cubiculi
1176 2446 1376 2487 praefectus
1403 2446 1522 2480 denuo
1547 2445 1714 2491 pluribus

279 2486 397 2518 verbis
423 2492 460 2518 et
482 2486 692 2519 iuramentis
708 2513 716 2527 ⁷
743 2498 835 2532 quae
859 2490 1071 2532 scripserat,
1109 2491 1348 2532 confirmatis,
1382 2493 1420 2525 in
1445 2493 1563 2535 magni
1589 2491 1713 2525 ‹lome-

281 2533 362 2565 stici
388 2532 535 2573 gratiam
560 2543 597 2565 se
623 2535 783 2566 restituit
807 2530 843 2566 et
864 2535 995 2567 multos
1020 2546 1148 2580 genere
1172 2537 1329 2571 illustres
1355 2538 1566 2572 celebritate
1589 2538 1712 2571 nomi-

279 2578 337 2610 nis
372 2578 534 2610 anteivit.
597 2580 774 2623 Tempore
809 2580 1047 2624 procedente,
1082 2588 1124 2615 ut
1161 2593 1264 2627 supra
1300 2586 1596 2623 memoravimus,
1630 2595 1712 2617 cum

282 2634 363 2656 eum
393 2625 586 2666 imperator
610 2625 727 2658 adhuc
755 2637 952 2670 superans,
989 2628 1110 2661 classis
1140 2634 1262 2663 contra
1287 2631 1407 2664 Persas
1442 2631 1625 2664 ductorem
1656 2631 1710 2663 le·

283 2671 410 2716 gisset‚
435 2669 545 2714 idque
574 2673 692 2716 magni
717 2671 905 2706 domestici
926 2674 1060 2716 magnis
1084 2675 1250 2718 precibus
1279 2676 1460 2716 dedisset,
1493 2677 1590 2722 quod
1617 2677 1710 2710 alio-

284 2717 349 2762 qui
380 2715 466 2748 huic
494 2719 634 2750 muneri
664 2719 811 2753 minime
844 2720 1012 2754 idoneum
1043 2723 1213 2762 sentiret,
1248 2723 1428 2756 curandae
1457 2723 1509 2756 rei
1542 2722 1709 2768 publicae

283 2762 480 2810 praepositi
525 2769 628 2797 erant
661 2763 890 2810 Spanopulus
920 2777 941 2800 a
972 2769 1145 2802 memoria
1181 2775 1218 2803 et
1254 2771 1405 2804 Ioannes
1439 2769 1709 2810 Melitenensis‚
