1806 3152
512 180 887 223 HISTORIARUM
928 183 999 223 ιιι.
1030 183 1100 232 99.
1419 166 1529 239 607

90 287 266 342 χιερέων
292 286 774 340 συνεπιψηφισαμένων,
827 281 1069 338 ἀνεχώρουν
1106 284 1274 334 ἕκαστος
1313 284 1420 340 πρὸς
1455 285 1531 335 τὰς
1545 292 1725 341 A.C.1347

92 346 381 407 οἰκήσειςῆδη
411 351 555 407 πόρ’ῥω
582 352 753 393 νυκτῶν.
807 348 1007 404 βασιλευς
1047 351 1095 392 δὲ
1122 352 1216 392 ε’πεί
1252 348 1421 406 παρῆν,
1451 355 1535 394 τῶν

91 416 210 460 ἔνδον
251 415 495 458 τοὶ-ἐκεινου
538 414 805 472 πραττόντων
844 414 922 470 τήν
959 417 1123 470 χρυσῆν
1150 415 1431 471 διορυξάντων
1453 417 1535 460 πύ-

91 487 190 538 λην,
217 479 459 537 εἰσήλαυνεν
503 481 675 531 οὔδενὸς
713 482 1052 534 α’νθισταμένου,
1105 480 1212 523 ἆλλόὶ
1253 485 1307 524 δι’
1325 483 1537 540 εὖφημίας

66 544 222 591 5αιῖτὸν
257 545 443 602 α’γόντων
482 546 637 597 παντὸς
671 550 748 590 τοῦ
781 546 941 602 δήμου,
985 546 1165 597 καὶτοῖς
1190 564 1234 590 τε
1261 549 1537 605 στρατιώταις

92 617 242 657 α’πεΐπε
279 612 339 668 μη
380 619 536 668 χωρεῖν
573 612 677 667 πρὸς
724 610 937 668 ἁρπαγάς·
976 614 1051 655 καί
1089 611 1161 656 τὸν
1189 615 1326 669 δῆμον
1356 615 1537 659 ἐκώλυεν

93 678 174 724 ὅσα
208 678 377 726 δυνατά.
433 678 533 722 ὅθεν
565 679 665 722 οὐδὲ
693 679 848 734 ἐγένετό
878 695 940 739 τις
966 679 1124 735 κίνησις
1143 678 1216 722 ἐπὶ
1239 679 1338 731 τούς
1361 682 1533 724 δοκοῦν·
1550 692 1583 726 D

92 763 170 796 τας
198 746 387 804 ᾑρῆσθαι
415 745 464 788 τοὶ
494 747 740 799 βασιλίδος,
777 744 886 800 πλὴν
922 743 1041 787 εἵπου
1080 744 1195 795 τινὰς
1222 747 1363 789 αιῖτῶν
1393 748 1538 802 ἐζημιῑε

95 830 210 855 ωσαν
239 811 278 854 οἱ
304 814 494 867 γείτονες.
550 814 621 853 καί
644 813 728 853 τῶν
755 813 1016 866 στρατιωτῶν
1044 812 1090 867 δὲ
1119 811 1250 866 ὀλίγοι
1276 811 1349 854 ἐπὶ
1369 812 1444 862 τὰς
1476 815 1538 856 02..-

46 879 190 928 ιοκιάς
216 881 300 921 τῶν
329 878 563 930 πολεμίων,
591 877 797 930 βασιλέως
824 876 882 933 μή
915 874 1096 930 εἰδότος,
1125 878 1370 939 ᾆπελθόντες
1397 877 1539 934 ἐποιή-

96 944 220 988 σαντό
245 961 336 987 τινα
365 944 542 998 μετρίαν
573 940 778 998 ἁρπαγήν.
832 942 1033 997 βασιλευς
1060 945 1107 986 δὲ
1133 939 1235 1000 ἄχρι
1263 946 1339 1000 τῆς
1353 948 1540 1001 Πορφυ-

98 1010 346 1066 ρογεννὴτου
378 1008 636 1064 καλουμένης
665 1008 798 1058 οἰκίας
821 1008 1064 1064 προελθών,
1093 1014 1242 1066 πρῶτα
1270 1012 1361 1064 μὲν·
1378 1013 1542 1053 ἐκέλευε

98 1079 258 1131 μηδένα
275 1081 431 1131 χωρεῖν
461 1074 566 1117 κατὰ
596 1075 679 1117 τῶν
705 1076 955 1128 βασιλείων,
987 1073 1093 1118 ἆλλοὶ
1126 1077 1320 1132 ἀτρεμεῖν
1336 1112 1349 1131 ,
1381 1076 1438 1126 ὥς
1464 1078 1543 1119 ati*

100 1141 174 1191 τὸς
216 1139 516 1197 διαθησόμενος
562 1139 613 1182 τοὶ
661 1140 766 1182 κατὰ
804 1143 1003 1195 βασιλίδα
1037 1137 1069 1199 ᾗ
1099 1143 1216 1183 δοκεῖ
1238 1142 1349 1197 ἔχειν
1376 1138 1544 1200 ἄριστα.

52 1207 195 1254 ιόἐπεί
220 1210 267 1249 δὲ
296 1209 510 1262 διέφαινεν
538 1202 618 1261 ἤδη
646 1205 809 1261 ἡμέρα,
841 1205 912 1248 διὰ
939 1209 1070 1263 μέσης
1106 1211 1181 1263 τῆς
1210 1205 1366 1263 ἀγορᾶς
1402 1209 1545 1263 ἐβάδιὸ

100 1277 169 1326 ζεν
197 1272 268 1315 ἐπὶ
291 1270 550 1328 θεομήτορος
577 1270 622 1313 τὸ
651 1274 724 1326 τῆς
746 1272 1021 1327 Ὁδηγητρίας
1050 1275 1245 1327 τέμενος,
1273 1272 1347 1328 την
1377 1271 1545 1330 ὄφειλο-

98 1342 227 1394 μένην
253 1337 534 1393 προσκύνησιν
576 1339 651 1379 καί
676 1336 753 1393 την
789 1339 1062 1394 εὐχαριστίαν
1087 1341 1164 1394 τῆς
1181 1340 1294 1395 νίκης
1315 1339 1675 1390 &modenam-696

99 1406 151 1462 τῇ
180 1405 308 1458 μητρί
336 1406 414 1444 τοῦ
442 1404 560 1448 θεοῦ.
616 1397 744 1452 αὖθις
774 1405 820 1445 δὲ
851 1403 922 1445 διὰ
954 1405 1028 1459 τῆς
1055 1404 1190 1459 αὕτῆς
1225 1406 1441 1460 ἐπανήκων
1479 1407 1551 1448 ἐπὶ

100 1471 176 1525 τὴν
201 1470 276 1511 τοῦ
307 1468 719 1524 Πορφυρογεννήτου
753 1468 975 1511 κατέλυσεν
1013 1471 1158 1512 οἰκίαν.
1213 1470 1380 1524 βασιλὶς
1418 1474 1464 1514 δὲ
1491 1473 1550 1522 ὥς

46 1533 193 1590 αοεῖχε
220 1535 273 1577 τά
311 1550 356 1577 τε
398 1536 593 1588 βασίλεια
638 1534 891 1591 ἠσφαλίζετο
905 1568 918 1587 ,
960 1541 1046 1584 τοῖς
1073 1536 1240 1583 οἰκείοις
1265 1535 1341 1578 καὶ
1366 1536 1550 1590 μάλιστα

105 1604 298 1648 δοκοῦσιν
338 1597 477 1650 εὔνοις
514 1602 794 1655 ἐπιτρέπουσα
834 1601 911 1654 την
940 1600 1146 1655 φυλακήν.
1201 1599 1275 1641 καί
1307 1601 1358 1642 ἐκ
1395 1590 1479 1644 τῶν
1505 1605 1551 1646 ἒν

102 1670 144 1710 Γ
141 1669 277 1725 atate?
302 1666 506 1720 βοήθειαν
547 1669 824 1718 μετεκαλεῖτο.
881 1663 919 1705 οἱ
959 1666 1006 1706 δὲ
1048 1665 1201 1707 αὐτίκα
1238 1660 1348 1720 ἦσαν
1385 1668 1430 1709 ἒν
1467 1674 1552 1717 τοῖς

103 1730 245 1782 ὅπλοις
286 1735 358 1774 καί
405 1729 594 1786 ὥρμηντο
621 1731 853 1785 προθύμως
879 1733 1076 1784 βοηθεῖν·
1102 1729 1284 1787 τριήρεις
1310 1747 1357 1774 τε
1382 1731 1552 1789 πληριιί·

105 1815 265 1852 σαντες,
293 1794 391 1840 ὅσαι
419 1791 540 1852 ἦσαν,
577 1795 779 1851 αυ’θωρὸν
811 1795 884 1837 καί
910 1798 1087 1850 λέμβους
1116 1798 1410 1854 ἑφοπλίσαντες
1447 1797 1552 1854 πρὸς

106 1912 288 1956 suspecti,
317 1909 355 1942 in
378 1909 569 1943 consilium
598 1907 756 1942 adhibiti
785 1917 859 1941 non
884 1907 1052 1950 fuerant,
1077 1909 1134 1943 his
1159 1909 1211 1944 ita
1235 1911 1414 1955 peractis,
1437 1912 1551 1946 multa

106 1960 181 1991 iam
216 1963 322 1990 nocte
356 1957 394 1989 in
423 1967 486 1989 sua
519 1955 672 2002 quisque
696 1959 790 1988 tecta
816 1960 1052 1993 recesserunt,
1100 1957 1300 2001 imperator
1329 1958 1392 1991 ubi
1424 1959 1551 1998 affuit,

102 2009 147 2037 „et
170 2005 247 2037 eius
274 2004 383 2036 factio
412 2004 508 2035 intus
535 2002 672 2035 aditum
697 2012 761 2045 per
789 2007 928 2046 portam
954 2013 1099 2035 auream
1130 2004 1323 2047 patefecit,
1358 2007 1552 2039 resistente

106 2051 254 2085 nemine
269 2075 279 2090 ,
303 2061 382 2083 curn
408 2051 519 2083 totius
545 2049 671 2093 populi
695 2048 871 2093 applausu
900 2053 936 2082 et
959 2050 1201 2093 gratulatione
1226 2049 1351 2084 urbem
1372 2053 1552 2095 ingressus

109 2105 187 2138 est,
217 2097 470 2142 militibusque
495 2095 708 2135 interdixit,
743 2106 789 2129 ne
826 2094 873 2126 ad
899 2096 992 2129 cives
1028 2096 1254 2141 diripiendos
1289 2097 1550 2133 discurrerent:

110 2150 147 2178 et
167 2149 343 2190 quantum
370 2144 511 2188 potuit,
535 2142 629 2176 idem
655 2140 756 2185 plebi
784 2142 911 2175 vetuit.
960 2144 1013 2176 Ita
1038 2143 1077 2176 in
1106 2154 1192 2188 pace
1216 2143 1366 2178 fuerunt
1404 2146 1467 2191 qui
1505 2145 1552 2178 ab

107 2192 270 2235 Augusta
296 2190 464 2223 stabant:
490 2189 562 2222 nisi
589 2189 619 2221 si
645 2189 738 2222 forte
765 2187 914 2234 quidam
940 2200 959 2222 a
983 2189 1112 2223 vicinis
1126 2190 1271 2224 multati
1295 2195 1402 2232 sunt,
1426 2197 1463 2226 et
1486 2192 1555 2225 mi.

110 2238 195 2271 lites
219 2238 364 2282 aliquot
388 2237 427 2269 in
451 2236 578 2270 domus
604 2235 762 2269 hostium
778 2260 787 2274 ,
826 2236 1042 2279 imperatore
1081 2237 1290 2281 ignorante,
1324 2243 1556 2284 penetrantes

111 2283 263 2329 praedas
297 2283 497 2316 mediocres
532 2282 706 2316 fecerunt.
758 2283 956 2326 imperator
984 2293 1099 2328 usque
1125 2283 1172 2316 ad
1208 2283 1314 2318 aedes
1342 2284 1554 2328 Porphyro-

113 2331 226 2375 geniti
247 2331 445 2374 appellatas
473 2340 553 2362 cum
576 2328 831 2373 processisset,
865 2328 1004 2367 edixit,
1041 2339 1087 2361 ne
1113 2330 1195 2374 quis
1219 2336 1343 2365 contra
1376 2331 1554 2375 palatium

113 2377 299 2417 tenderet,
337 2376 400 2410 sed
434 2376 551 2422 quieti
579 2380 786 2409 manerent:
828 2386 866 2407 se
898 2374 998 2420 quod
1037 2374 1217 2420 optimum
1249 2377 1467 2418 censuisset,
1507 2378 1554 2411 (le

114 2424 344 2468 imperatrice
369 2423 659 2456 constituturum.
709 2423 778 2456 Die
805 2422 873 2454 iam
900 2421 1003 2455 terris
1029 2422 1190 2462 reddita,
1221 2433 1285 2464 per
1311 2424 1472 2457 medium
1498 2425 1554 2458 fo-

116 2482 194 2504 rum
220 2470 266 2502 ad
298 2470 475 2513 Deiparae
499 2469 742 2515 Hodegetriae
768 2468 962 2513 templum,
989 2468 1113 2501 debita
1139 2468 1301 2503 eiusdem
1326 2470 1553 2512 adoratione,

116 2528 157 2550 ac
181 2516 227 2549 de
255 2517 428 2561 praestita
450 2516 599 2549 victoria
622 2516 817 2559 gratiarum
841 2515 985 2549 actione
1006 2514 1197 2549 functurus
1222 2517 1376 2561 petivit:
1411 2517 1556 2551 eadem-

116 2574 187 2609 qne
212 2565 270 2596 via
295 2563 438 2596 rediens
465 2563 503 2594 in
527 2561 824 2607 Porphyrogeniti
850 2562 996 2595 domum
1022 2561 1180 2595 divertit.
1217 2565 1397 2608 Augusta,
1424 2571 1466 2598 ut
1491 2577 1556 2609 po—

119 2616 219 2649 test,
255 2610 433 2654 palatium
488 2611 709 2644 communit:
757 2608 964 2641 domesticis
1004 2613 1041 2641 et
1077 2620 1232 2653 quorum
1274 2610 1555 2646 benevolentiae

118 2657 315 2701 plurimum
354 2654 490 2689 fidebat
519 2655 719 2690 custodiam
747 2655 959 2688 committit:
993 2666 1013 2687 a
1038 2654 1222 2689 Galataeis
1257 2657 1343 2690 item
1378 2659 1556 2691 auxilium

119 2704 288 2736 accersit:
314 2704 378 2748 qui
405 2708 552 2748 repente
576 2702 624 2734 ad
651 2712 747 2735 arma
773 2702 1006 2734 convolantes
1045 2702 1210 2735 subsidio
1235 2702 1387 2738 ferendo
1423 2704 1554 2736 alacri-

119 2753 175 2782 ter
212 2761 249 2784 se
284 2753 511 2794 comparant,
549 2749 747 2795 eademque
782 2749 869 2782 hora
907 2748 1068 2794 impletis
1101 2754 1284 2797 quotquot
1320 2753 1360 2785 in
1385 2756 1555 2797 promptu
