1812 3132
293 173 310 209 1
326 152 397 210 58
819 169 1189 213 CANTAcUzEm

84 280 265 328 &Cumis
280 290 362 329 μον
389 275 434 323 ἐξ
463 272 664 326 οὐδεμιᾶς
692 272 824 320 αἰτίας
854 273 927 314 καί
951 269 1068 325 παρὰ
1099 268 1259 321 πάνθ’,
1293 266 1350 317 (ὃς
1378 263 1430 310 ἂν
1457 266 1537 322 ἐγώ
1563 270 1721 325 φαίην,

279 342 357 382 τοῦ
384 340 549 380 δικαιόυ
577 335 719 391 λόγον,
748 338 823 379 καί
842 336 891 380 τοὶ
921 337 1134 379 δεινότατα
1156 333 1359 389 αἱροῦμαι
1379 331 1597 387 ὑπομένειν
1615 332 1722 390 ὑπὲρ

280 407 356 448 τοῦ
381 403 440 459 μὴ
469 402 652 456 πόλεμον
681 407 805 444 κινεῖν
836 401 944 458 πρὸς
981 402 1179 455 βασιλίδα
1211 399 1317 454 ὑπὲρ
1356 400 1426 454 τῆς
1457 399 1592 454 ἀρχῆς
1621 396 1724 441 ὗπό-

281 474 411 526 ληψιν
449 469 648 524 παρέχειν
674 474 759 517 τοῖς
785 472 967 518 πολλοῖς.
1024 468 1117 508 ε’πεί
1154 468 1200 508 δὲ
1229 461 1368 519 ὥσπερ
1399 463 1529 513 αὐτός
1553 480 1597 507 τε
1625 462 1727 507 σύν-Ι

247 537 382 577 Corda
420 534 493 576 καί
530 534 632 587 ὑμῖν
658 534 974 587 βουλευομένοις
1003 534 1227 574 πείθεσθαι
1247 527 1446 586 προσήκει
1456 562 1469 582 ,
1496 530 1626 582 μείζω
1653 529 1749 572 καὶὸ

278 598 492 656 δεινότερα
522 600 808 654 προσδοκᾶται
837 596 890 640 τὰ
921 597 1035 639 δεινὰ
1066 598 1110 638 ἐκ
1147 599 1220 639 τοῦ
1248 598 1331 637 τῶν
1359 592 1612 651 πραγμάτων
1642 594 1722 637 αὕ-

275 665 343 708 τὸν
370 664 627 721 ὖποχωρεῖν,
656 659 766 706 ἄκων
792 665 871 717 μὲν
898 662 971 704 καί
996 659 1138 716 (ὅσπερ
1165 662 1223 710 εἷς
1251 660 1470 709 κινδύνους
1498 661 1724 716 προφανῶς

276 731 549 784 αὖτομολαῖν,
590 725 687 771 οὔτε
715 728 796 785 γὰρ
827 730 1033 784 ἐπιθυμία
1066 726 1213 781 δόξης,
1246 727 1362 782 (τῆς
1389 724 1467 780 γὰρ
1497 723 1724 781 ἀκροτάτης

276 796 353 838 κιῖν
379 798 435 852 τῷ
463 794 638 850 παρόντι
667 793 854 850 σχήματι
885 792 1084 834 α’πολαύω
1112 792 1185 834 νῦν
1199 793 1232 849 ,)
1263 787 1359 832 οὔτε
1377 792 1609 846 χρημάτων
1637 792 1723 833 ἕνε-

142 861 263 908 V.349
276 878 352 912 κα,
393 860 462 917 (td
489 859 571 915 γὰρ
601 858 787 914 παρόντα
818 859 891 900 καί
916 858 1103 911 ἀριθμοῦ
1131 854 1283 910 σχεδὸν
1314 850 1412 897 ὄντα
1438 858 1610 911 κρείττω
1637 861 1774 905 τοῖςιο

275 928 522 983 διαρπάζειν
550 932 749 982 προεῖμαι
777 925 1046 978 βουλομένοις
1061 923 1094 978 ,)
1127 918 1240 974 ὅμως
1265 919 1387 974 ὑμῶν
1415 936 1459 962 τε
1489 920 1624 963 εἵνεκα
1652 919 1726 963 καί

274 996 349 1048 τῆς
377 997 515 1046 κοινῆς
543 993 624 1033 τών
646 989 867 1043 Ῥωμαίων
899 986 1110 1042 σωτηρίας
1130 984 1230 1034 τοὺς
1250 987 1622 1041 προσδοκωμένους
1645 1000 1723 1038 με-

275 1058 426 1114 γάλους
458 1057 533 1098 καί
569 1054 749 1104 πολλοὺς
778 1051 996 1100 κινδύνους
1021 1053 1093 1106 τῆς
1129 1054 1174 1094 ἐν
1201 1052 1257 1108 τῷ
1284 1048 1457 1105 παρόντι
1490 1046 1724 1106 ἀσφαλείας

278 1123 581 1177 ἆνθαιροῦμαι.
635 1122 710 1161 καί
747 1116 775 1160 ἃ
813 1119 911 1171 ἐμοὶ
938 1118 1250 1158 λυσιτελέστατα
1279 1114 1438 1167 ἐδόκει,
1483 1115 1556 1156 οὐκ
1584 1116 1722 1170 α’πρα-
1767 1153 1774 1162 ,

277 1187 464 1243 γμόνως,
507 1188 598 1228 οὔδ’
626 1183 835 1240 ἀνοήτως,
890 1182 995 1224 ἀλλὰ
1025 1183 1236 1237 μηδεμίαν
1271 1178 1485 1236 πρόφασιν
1521 1180 1775 1235 παρέχεινιὸ

279 1256 338 1311 τῷ
367 1255 532 1308 πολέμῳ
561 1253 796 1307 βουλομένῳ
806 1282 818 1302 ,
850 1249 998 1302 παρείς
1026 1244 1151 1299 ἑκών,
1182 1247 1254 1288 ἒπί
1282 1244 1332 1287 τὰ
1362 1245 1464 1298 ὑμῖν
1495 1245 1723 1298 δεδογμένα

232 1321 349 1375 Βτῆς
376 1317 497 1371 ὑμῶν
526 1315 732 1372 ω’φελείας
761 1317 878 1357 ἕνεκα
893 1348 905 1366 ,
936 1310 1073 1368 ὥσπερ
1104 1311 1231 1367 ἔφην,
1262 1313 1407 1366 τρέψω
1435 1307 1627 1362 ἐμαυτόν.
1673 1308 1723 1351 οὗ

278 1383 364 1439 μὴν
393 1383 482 1424 ἀλλ’
513 1379 732 1436 ἐπειδήπερ
757 1376 833 1420 οὐκ
853 1380 962 1427 ἰδίας
990 1379 1244 1429 πλεονεξίας,
1273 1378 1360 1417 ἀλλ’
1389 1374 1507 1428 ὑμῶν
1533 1389 1576 1416 τε
1603 1376 1724 1416 ἕνεκα

282 1450 355 1492 καὶ
379 1450 453 1490 τοῦ
491 1448 607 1503 κοινῇ
645 1447 956 1492 λυσιτελοῦντος
983 1445 1159 1484 τοιαῦτα
1197 1440 1478 1497 προειλόμην,
1507 1439 1557 1482 οὔ
1588 1441 1723 1494 δήπου

283 1516 466 1565 δίκαιον,
518 1512 618 1553 οὐδὲ
656 1506 790 1559 ἄλλως
827 1509 1017 1562 εὐσεβὲς,
1062 1510 1136 1549 νῦν
1172 1509 1250 1560 μὲν
1282 1505 1435 1558 ὁμοίως
1475 1504 1547 1546 ἐπὶ
1584 1506 1777 1546 ταῦταἰο

281 1577 442 1626 πάντας
467 1574 578 1629 ὑμᾶς
604 1578 861 1631 παρακαλεῖν
888 1575 960 1615 καί
985 1573 1195 1627 μηδεμίαν
1223 1565 1351 1625 ἄλλην
1378 1566 1406 1625 ἢ
1439 1567 1595 1623 ταύτην
1622 1568 1722 1611 ὃδὸν

281 1644 540 1700 ὑφηγεῖσθαι
566 1640 796 1696 σωτηρίας,
826 1639 947 1697 ὀλίγῳ
977 1639 1023 1680 δὲ
1051 1635 1248 1693 ὕστερον,
1278 1638 1318 1678 εἰ
1338 1635 1395 1690 μὴ
1425 1633 1530 1677 κατὰ
1559 1632 1724 1690 γνώμην

281 1709 384 1764 ὑμῖν
420 1707 471 1752 τὰ
509 1704 736 1763 πράγματα
778 1706 962 1760 ἐκβαίνοι
980 1737 993 1758 ,
1042 1698 1166 1753 ἄλλον
1194 1697 1339 1744 ἄλλοτε
1379 1699 1721 1757 ἀφισταμένους,

389 1836 422 1869 6.
448 1832 645 1868 δεινότατα
668 1833 703 1867 Ρ.

283 1940 403 1974 dicere
428 1940 542 1972 ausim
558 1964 567 1980 ,
602 1937 893 1983 promulgatum,
927 1933 1107 1968 dirissima
1132 1934 1310 1968 sustinere
1335 1937 1508 1978 praeopto
1523 1958 1532 1973 ‚
1564 1943 1610 1966 ne
1633 1933 1714 1966 vul-

283 1997 349 2032 gus
374 1996 441 2020 nos
465 1985 686 2030 imperatrici
711 1984 757 2016 ad
780 1980 971 2027 imperium
1001 1980 1229 2024 eripiendum
1262 1991 1357 2013 arma
1389 1979 1524 2013 inferre
1556 1980 1721 2023 suspice-

282 2039 353 2066 tur.
403 2032 587 2077 Quoniam
611 2042 695 2065 vero
721 2031 817 2070 scio,
854 2028 883 2060 si
908 2038 966 2060 me
998 2037 1017 2057 a
1043 2027 1296 2070 gubernaculis
1320 2025 1525 2059 subduxero
1541 2050 1551 2066 ‚
1582 2026 1722 2060 maiora

284 2085 321 2112 et
362 2080 525 2112 saeviora
563 2079 657 2110 mala
693 2074 925 2120 impendere,
967 2083 1035 2105 nec
1065 2073 1315 2106 auctoritatem
1345 2078 1499 2105 vestram
1534 2074 1720 2117 aspernari

284 2136 378 2171 queo
395 2149 404 2165 ‚
431 2124 564 2158 invitus
591 2129 628 2156 et
650 2123 805 2157 velutin
829 2119 1060 2153 manifestum
1082 2119 1275 2152 discrimen
1300 2129 1358 2151 me
1381 2118 1591 2163 proficiens,
1615 2119 1719 2152 nullo

282 2170 464 2204 desiderio
489 2170 647 2214 gloriae,
689 2179 759 2214 qua
785 2176 921 2200 summa
957 2167 1066 2198 etiam
1104 2165 1143 2197 in
1173 2165 1243 2198 hoc
1273 2165 1401 2198 habitu
1436 2165 1560 2205 fruor,
1599 2175 1719 2210 neque

280 2217 517 2262 pecuniarum
538 2217 652 2261 gratia
675 2216 779 2260 (quas
809 2213 905 2246 enim
941 2211 1054 2245 habui
1079 2222 1195 2255 paene
1219 2210 1527 2250 innumerabiles,
1561 2210 1719 2255 diripere

281 2262 490 2296 volentibus
529 2262 662 2308 reliqui
676 2261 702 2306 ‚)
737 2259 801 2293 sed
835 2259 944 2292 vestri
986 2263 1023 2292 et
1064 2258 1261 2290 communis
1307 2258 1547 2290 Romanorum
1590 2257 1718 2291 salutis
1752 2256 1755 2260 ’

282 2310 415 2354 gratia,
440 2320 546 2354 >quae
569 2319 626 2341 me
658 2310 806 2340 manent
828 2305 943 2338 multa
977 2310 1015 2338 et
1039 2304 1186 2348 grandia
1217 2304 1377 2349 pericula
1412 2303 1595 2348 praesenti
1617 2313 1724 2336 secu-

283 2356 384 2390 ritati
408 2356 594 2389 antefero:
629 2363 793 2400 quaeque
826 2350 994 2384 mihimet
1015 2350 1230 2385 videbantur
1259 2349 1474 2390 utilissima,
1508 2358 1582 2381 non
1613 2349 1719 2394 quasi

284 2413 305 2435 a
329 2403 484 2446 negotiis
509 2400 720 2435 abhorrenti
744 2403 807 2431 aut
830 2396 1075 2441 imprudenti,
1101 2396 1165 2430 scd
1191 2397 1328 2430 nullam
1357 2395 1459 2429 bello
1484 2405 1606 2428 ansam
1634 2395 1718 2429 dare

285 2449 468 2493 cupienti,
498 2458 539 2480 ea
564 2447 693 2480 lubens
719 2446 919 2480 dimittam:
948 2448 984 2477 et
1008 2445 1094 2488 quia
1119 2444 1170 2476 sic
1187 2443 1297 2477 vultis
1322 2447 1358 2476 et
1379 2447 1540 2481 vestrae,
1565 2444 1605 2473 ut
1627 2439 1718 2483 dixi,

284 2495 455 2527 utilitatis
481 2495 621 2539 gratia,
658 2493 748 2525 alius
773 2492 867 2524 fiam.
914 2490 1048 2523 Verum
1073 2490 1256 2523 enimvero
1279 2489 1366 2535 quia
1391 2499 1477 2532 non,
1511 2491 1555 2520 ut
1586 2486 1718 2531 opibus

284 2540 486 2580 abundem,
533 2540 596 2572 sed
626 2538 727 2572 vobis
761 2545 798 2572 et
834 2536 1013 2570 communi
1045 2536 1216 2576 studens,
1251 2535 1349 2568 hunc
1386 2538 1518 2567 statum
1551 2543 1715 2576 assumo,

283 2597 359 2620 non
385 2588 511 2631 utique
536 2587 672 2618 iustum
703 2595 822 2630 neque
854 2585 954 2628 pium
988 2586 1102 2623 esset,
1137 2592 1233 2614 nunc
1264 2592 1326 2615 vos
1359 2590 1482 2614 omnes
1514 2581 1718 2624 aequaliter

285 2631 331 2665 ad
350 2631 419 2666 hoc
443 2643 500 2665 me
529 2630 709 2665 cohortari
734 2636 771 2663 et
801 2629 949 2670 docere,
973 2628 1110 2662 nullam
1140 2629 1249 2661 aliam
1283 2632 1425 2672 practer
1460 2625 1553 2659 hanc
1587 2627 1715 2659 salutis

284 2679 378 2710 viam
405 2688 502 2712 esse:
536 2678 645 2721 paulo
677 2685 796 2710 autem
821 2680 926 2719 post,
958 2684 995 2707 re
1028 2685 1128 2708 secus
1165 2685 1272 2719 quam
1305 2673 1446 2707 veneti-s
1478 2671 1715 2715 procedente,

286 2725 398 2758 alium
419 2723 492 2757 alio
519 2723 688 2767 defugere
714 2734 754 2755 ac
778 2721 850 2755 sibi
874 2720 1022 2766 quidem
1038 2731 1104 2764 pro
1130 2721 1316 2754 occasione
1336 2724 1373 2752 et
1395 2717 1532 2751 iudicio
1560 2719 1714 2753 salutem

287 2781 479 2817 quaerere3
508 2780 565 2803 me
591 2775 712 2803 autem
736 2769 852 2803 solum
875 2769 915 2802 in
941 2767 987 2802 iis
1011 2767 1182 2813 periculis
1207 2766 1370 2801 deserere
1382 2789 1395 2807 ,
1431 2774 1523 2811 quae
1548 2774 1634 2808 ego,
1673 2768 1716 2799 ut
