1800 3132
523 168 904 214 msa-ommim
943 171 1017 212 m.
1057 169 1101 216 5.
1460 147 1536 221 39

92 276 214 331 ἕτερα
255 272 411 327 senaar,
449 273 525 315 νῦν
560 274 641 326 μὲν
681 271 891 324 διαλλάξει
923 269 1032 326 πρὸς
1066 269 1234 329 καιρόν,
1274 264 1451 324 ὕστερον
1488 268 1735 318 &Anxur

91 339 214 398 ὃλίγῳ
258 339 389 394 μείζω
432 336 506 380 καὶ
530 339 772 394 βαρυτέραν
790 335 1094 379 κατασκευάσει
1122 337 1318 390 γενέσθαι
1344 332 1420 390 τήν
1448 334 1544 376 δια-

92 407 246 464 φοράν.
303 399 356 446 οὖ
381 402 434 459 δὴ
460 402 580 446 ἕνεκα
621 402 695 445 καί
734 399 862 452 αὖτὸς
885 436 895 454 ,
940 404 979 445 εἰ
1019 403 1192 444 τοιαῦτα
1221 395 1351 450 ὅντως
1379 397 1543 455 εἴρηται

90 470 207 528 παρὰ
235 474 338 525 σοῦ,
367 472 453 512 δεῖν
470 468 600 525 ἔγνων
628 471 812 526 α’κριβῶς
838 471 1009 523 μαθεῖν,
1039 467 1097 516 ὥς
1125 463 1176 509 ἂν
1204 469 1373 522 εἰδείην,
1400 460 1429 524 ᾗ
1455 462 1540 521 χρὴ

65 537 167 584 5καί
190 539 290 592 περὶ
314 538 397 580 τῶν
424 534 650 579 ἐπιλοίπων
677 533 940 591 ποιήσασθαι
965 532 1064 584 τούς
1092 531 1280 587 λόγους,”
1308 530 1383 574 καὶ
1406 530 1542 574 πάντα

91 603 333 656 διεξελθών,
365 600 447 646 ὅσα
481 601 744 659 πατριάρχης
766 601 873 657 πρὸς
901 599 1032 643 αὕτόν
1060 597 1327 655 διαλεχθείη,
1355 596 1545 641 ἐπυνθά-

90 686 184 714 νετο
212 670 370 727 αὐτῆς,
417 671 459 713 εἶ
492 668 566 712 καί
602 669 711 726 αὐτῇ
752 670 902 710 τοῦτον
942 665 1106 723 εἴρηται
1147 665 1220 708 τὸν
1247 663 1417 721 τρόπον.
1471 664 1543 720 ἐφ’

90 731 225 778 ἅπασι
262 737 310 778 δὲ
338 737 637 790 συντιθεμένης
674 734 733 784 ὥς
761 734 903 790 ὀρθῶς
931 734 1006 774 καὶ
1033 733 1206 787 α’ληθῶς
1233 732 1543 790 γεγενημένοις,

90 798 326 857 ,,οὕκοῦ’ν,”
369 797 482 844 εἶπεν
522 802 593 855 ,,ει’
631 800 706 842 καί
744 800 852 856 πρὸς
894 796 948 842 τιὶ
982 799 1178 841 ἐπίλοιπα
1205 798 1394 853 τραχέως
1435 794 1673 849 δόξωΡ.364

41 869 410 925 ιοπροσφέρεσθαι
449 866 523 909 καί
558 863 871 923 ἀπερισκέπτως
886 898 900 919 ,
945 866 1158 920 μηδεμίαν
1185 865 1293 917 ἐμοῦ
1317 863 1549 918 καταγινώ-

90 948 204 976 σκειν
229 931 328 989 μήτ’
359 930 675 987 ἀπειροκαλίαν,
703 931 802 988 μήτ’
814 930 1054 974 αὐθάδειαν
1084 932 1159 972 καί
1186 927 1436 985 θρασύτητα
1465 930 1549 971 τῶν

88 998 253 1056 τρόπων
281 996 388 1051 οἷξιῶ·
414 1031 427 1054 ,
459 1001 550 1041 αλλ’
580 997 621 1040 εἴ
654 1014 719 1048 τις
755 999 928 1054 προσείη
967 997 1041 1039 καί
1082 1001 1170 1045 τοῖς
1206 996 1342 1049 λόγοις
1367 991 1548 1052 ἀταξία,

91 1067 249 1122 ἐκείνην
274 1067 354 1119 μὲν
384 1067 737 1122 προσλογίζεσθαι
763 1066 846 1107 ταῖν
873 1060 1130 1119 πραγμάτων
1155 1063 1210 1119 τῇ
1236 1058 1414 1119 ἀνάγκῃ,
1453 1059 1553 1114 ἐμοὶ

93 1133 142 1175 δὲ
175 1132 446 1188 παρέχεσθαι
478 1129 724 1187 συγγνώμην
752 1128 810 1180 ὥς
835 1127 911 1171 ὑπ’
937 1130 1079 1171 αὐτῶν
1105 1129 1356 1184 βιαζομένῳ.
1382 1125 1463 1181 ἐγώ
1483 1142 1551 1168 ›¹0‹

42 1197 201 1251 ι5μίζω
229 1197 362 1240 πάντα
389 1195 603 1251 ὅντινοῦν,
636 1193 750 1245 ὅστις
773 1197 917 1249 μέλλει
943 1195 1083 1244 καλῶς
1110 1192 1184 1236 καὶ
1210 1188 1314 1249 ἦθος
1346 1193 1551 1235 κατασκέ-

90 1265 269 1305 πτεσθαι
296 1261 450 1320 ἀνδρὸς
475 1265 549 1305 καί
573 1261 651 1312 τὰς
680 1265 752 1318 τῆς
778 1263 922 1317 ψυχῆς
952 1259 1088 1317 ὅρμὰς
1114 1259 1261 1309 ὁποίας
1288 1258 1405 1313 ἔχει,
1431 1256 1539 1314 μήτε

90 1336 176 1380 τοῖς
214 1327 373 1382 ἔξωθεν
410 1328 509 1385 περὶ
550 1330 686 1372 αὐτοῦ
724 1331 950 1385 προσέχειν
978 1330 1237 1382 λεγομένοις,
1282 1323 1379 1381 μήτ’
1407 1323 1542 1367 αὐτὸν

91 1395 163 1451 ἐφ’
190 1393 350 1437 ἑαυτοῦ
389 1399 560 1438 σκοπεῖν
597 1396 642 1438 ἐν
674 1390 738 1444 οἷς
775 1400 937 1450 καιροῖς
965 1394 1042 1436 οὐκ
1067 1394 1132 1435 ἐπ’
1157 1391 1298 1450 ἐκείνῳ
1327 1387 1381 1447 ἧν
1409 1390 1456 1433 td
1487 1388 1541 1433 τὰ

93 1462 405 1514 βεβουλευμένα
449 1458 665 1503 δύνασθαι
690 1461 750 1510 εἷς
777 1459 880 1518 ἔργα
909 1461 1103 1516 ἀγαγεῖν,
1141 1458 1234 1500 ἄλλ’
1262 1455 1386 1513 ἡνίκα
1417 1454 1552 1506 ἔξεστι

40 1524 279 1580 αομάλιστα
304 1528 498 1582 χρῆσθαι
524 1529 574 1584 τῇ
604 1524 796 1580 δυνάμει.
851 1528 892 1569 εἰ
915 1527 994 1582 γὰρ
1013 1522 1104 1568 τότε
1124 1526 1258 1580 μηδέν
1282 1539 1323 1566 τι
1353 1521 1587 1580 φαίνεταιΒ

94 1593 284 1634 τοιοῦτον
310 1592 454 1646 δρῶν,
480 1587 567 1634 οἷον
607 1589 740 1634 αὐτὸν
767 1588 820 1634 ἄν
846 1608 909 1641 τις
936 1593 1125 1647 οἰηθείη,
1153 1591 1287 1647 σχολῇ
1311 1590 1349 1643 γ’
1379 1585 1432 1630 ἂν
1462 1589 1552 1630 εἷσ-

95 1658 242 1703 έπειτα
277 1659 532 1711 μεταβαλεῖν
575 1654 597 1698 ὅ
650 1660 836 1707 τοιοῦτος
872 1659 998 1700 ἕλοιτ’
1026 1652 1089 1703 ἄν.
1145 1658 1287 1699 τοίνυν
1325 1652 1399 1696 καί
1424 1651 1553 1702 αὐτὸς

93 1723 179 1777 ἐρῶ
204 1720 310 1775 μετὰ
348 1722 590 1778 παρῥησίας
618 1725 716 1779 περὶ
741 1725 931 1777 ἐμαυτοῦ
949 1755 962 1777 ,
1014 1722 1072 1771 ὥς
1100 1715 1196 1763 οὔτε
1224 1719 1426 1776 πρότερον
1456 1721 1554 1760 έπε-

93 1786 269 1844 θύμησα
300 1790 360 1838 εἷς
399 1791 608 1843 βασιλέως
646 1792 794 1845 σχῆμα
832 1794 1093 1843 μεταμεῖψαι
1134 1785 1180 1830 τὸ
1219 1785 1387 1840 παρὸν,
1415 1785 1553 1828 καίτοι

189 1895 244 1930 18.
272 1890 342 1940 ἀφ’
364 1891 504 1928 ἑαυτοῦ·
527 1895 562 1929 Ρ.
657 1904 714 1929 20.
747 1895 928 1940 φαίνοιτο
956 1894 1006 1928 Μ.

95 1988 235 2024 efficiat.
297 1988 534 2035 Quapropter
555 1999 644 2023 num
668 1987 759 2021 haee
782 1999 867 2022 vere
895 1988 958 2022 abs
983 1993 1021 2022 te
1046 1986 1141 2022 dicta
1167 1988 1262 2029 sint,
1300 1989 1468 2021 accurate
1491 1984 1556 2021 co·

94 2035 341 2082 gnoscendum
368 2036 466 2071 duxi.
516 2036 604 2070 Mox
633 2035 754 2070 omnia
780 2041 971 2079 repetens,
997 2046 1092 2081 quae
1116 2045 1162 2068 ex
1184 2033 1390 2080 patriarcha
1419 2033 1556 2067 audie-

94 2088 172 2124 rat,
215 2094 303 2116 num
342 2083 468 2117 eadem
506 2083 588 2127 ipsa
621 2082 756 2117 dixerit
789 2082 1003 2116 sciscitatur.
1065 2082 1147 2127 Qua
1185 2087 1227 2115 ut
1263 2086 1360 2114 recte
1396 2086 1434 2114 et
1470 2090 1556 2114 vere

94 2130 216 2166 relatis
248 2131 496 2171 assentiente,
519 2131 654 2176 Igitur,
686 2129 844 2162 subiecit
873 2139 1023 2173 magnus
1057 2128 1296 2168 domesticus,
1328 2127 1474 2161 tametsi
1508 2126 1559 2160 de

95 2177 239 2223 reliquo
276 2177 435 2211 ferocius
469 2187 527 2210 me
562 2181 599 2209 et
630 2175 936 2210 inconsideratius
964 2175 1120 2210 videbor
1145 2185 1293 2220 gerere,
1330 2174 1470 2213 nullius
1497 2184 1557 2207 me

95 2229 161 2257 aut
184 2224 344 2268 ineptiae
367 2229 430 2257 aut
459 2225 686 2267 arrogantiae
712 2222 931 2256 audaciaeve
956 2222 1293 2256 condemnandum:
1332 2220 1398 2254 sed
1426 2221 1456 2253 si
1482 2231 1557 2266 qua

94 2270 210 2305 suerit
241 2270 280 2304 in
306 2271 472 2304 oratione
500 2281 581 2304 mea
606 2270 772 2304 confusio
797 2281 840 2303 ac
863 2268 1115 2315 perturbatio,
1153 2269 1256 2302 illam
1281 2277 1404 2299 rerum
1429 2277 1558 2301 ueces-

96 2318 199 2350 sitati
223 2316 527 2358 adscribendam,
563 2316 655 2350 mihi
683 2321 725 2349 ut
749 2316 794 2350 ab
831 2317 921 2362 ipsis
946 2321 1069 2350 coacto
1098 2313 1358 2360 ignoscendum
1393 2319 1555 2348 autumo.

93 2363 169 2408 Ego
196 2363 353 2399 arbitror
377 2374 685 2410 unumquemque,
710 2362 774 2409 qui
799 2374 920 2397 mores
945 2368 982 2397 et
1016 2363 1225 2396 affectiones
1252 2361 1408 2394 alterius
1442 2360 1558 2405 probe

94 2421 341 2456 perpensurus
366 2416 404 2444 et
432 2411 662 2455 dispecturus
691 2410 761 2451 sit,
799 2420 920 2456 neque
944 2410 1014 2451 iis,
1048 2419 1147 2455 quae
1168 2408 1257 2442 foris
1282 2406 1328 2440 de
1354 2417 1397 2441 eo
1427 2408 1558 2441 dicun-

95 2455 176 2498 tur,
222 2457 357 2491 debere
397 2457 604 2492 attendere:
653 2467 775 2502 neque
812 2457 918 2490 ilium
956 2467 1021 2502 per
1060 2467 1099 2489 se
1146 2456 1266 2500 ipsum
1299 2454 1559 2493 considerare,

97 2504 231 2550 quibus
256 2505 482 2549 temporibus
507 2503 673 2541 consulta
709 2503 887 2549 implendi
913 2507 1135 2549 potestatem
1155 2512 1231 2534 non
1263 2499 1453 2536 habebat:
1493 2501 1558 2534 sed

97 2550 233 2596 quibus
261 2552 417 2584 maxime
451 2562 516 2584 sua
551 2551 586 2583 ei
617 2551 788 2584 libertate
823 2561 864 2585 ac
896 2554 1078 2596 potestate
1122 2549 1177 2581 uti
1209 2548 1350 2581 licitum
1390 2553 1455 2581 est.
1519 2548 1559 2580 Si

98 2598 199 2631 enim
237 2598 266 2630 is
300 2603 379 2632 tum
414 2597 508 2634 nihil
540 2597 668 2632 horum
703 2598 934 2632 committere
967 2596 1173 2635 videbitur,
1209 2595 1332 2640 quali-a
1372 2594 1557 2641 quispiam

99 2645 372 2678 commissurum
407 2649 572 2689 putaret,
609 2644 669 2678 hic
706 2645 747 2678 in
782 2650 966 2690 posterum
1006 2642 1102 2676 haud
1133 2652 1317 2688 quaquam
1358 2642 1554 2685 ingenium

100 2691 354 2725 immutaverit.
403 2690 557 2725 Proinde
582 2696 619 2725 et
646 2702 711 2736 ego
748 2690 794 2725 de
818 2703 876 2725 me
910 2691 1027 2724 dicam
1056 2687 1192 2729 libere,
1229 2699 1296 2721 nec
1329 2692 1415 2721 ante
1455 2687 1559 2731 cupi-

99 2737 195 2771 visse
218 2742 445 2783 praesentem
481 2737 648 2772 habitum
674 2742 814 2772 mutare
838 2749 918 2772 cum
949 2735 1205 2782 imperatorio,
1243 2735 1405 2780 quamvis
1447 2735 1557 2769 toties

103 2794 125 2821 a
159 2785 354 2830 superstite
387 2778 667 2823 adhue'beatae
707 2785 904 2821 memoriae
941 2784 1164 2830 imperatore
1197 2782 1394 2823 invitarer,
1437 2790 1560 2826 neque
