1820 3138
276 141 388 207 402
810 153 1179 197 CANTAcUzssm

83 259 496 314 Α·(ἶ·1343έπανὴκειν
532 255 802 311 τελευτήσας,
844 258 917 311 τῆς
952 253 1120 311 ἡδίστης
1146 249 1284 308 ὅψεως
1311 257 1516 308 βασιλέως
1542 256 1708 300 ἀποστε-

277 326 404 380 ρηθῇ.
457 320 480 364 ὅ
519 324 559 363 δ’
601 323 798 376 ἐπέτρεπε
829 322 906 374 μὲν
947 319 1049 376 πρὸς
1080 323 1232 362 ἐκεῖνον
1286 317 1540 375 ἀφικέσθαι·
1577 319 1710 378 παρῄ-

276 405 338 432 νει
369 390 416 430 δὲ
452 384 646 442 θαςίῥεῖν,
669 387 726 434 ὥς
759 381 910 439 ὄψεται
935 386 1112 440 βασιλέα
1141 383 1213 426 καί
1241 387 1300 433 εἷς
1328 385 1450 439 τήνδε
1476 384 1554 440 τὴν
1591 384 1712 428 πόλιν

155 463 270 510 P.574
282 451 536 507 ἐπανήκοντα
564 451 637 493 καί
655 452 759 506 πρός
788 467 904 499 τινας
925 448 1150 504 ὑπηρεσίας
1177 446 1382 503 χρήσιμος
1411 451 1550 508 ἐκείνῳ
1578 448 1708 493 ἔσται.

274 516 380 572 μετὰ
410 518 457 559 δέ
483 533 576 558 τινα
611 512 789 571 χρόνον,
819 515 938 571 ἡνίκα
969 516 1040 556 καί
1065 510 1195 555 αὐτὸν
1225 512 1294 571 ἴδῃ
1337 515 1442 571 πρὸς
1469 514 1520 558 τιὲ
1555 518 1738 563 ἐκεῖθι-115

276 582 549 638 δικαιωτὴρια
579 583 799 636 κληθέντα,
827 578 1222 634 παρασκευάζεσθαι
1249 582 1324 620 καί
1349 579 1494 635 αὐτόν,
1523 581 1580 631 ὥς
1606 580 1710 635 μετὰ

274 648 426 704 μικρὸν
458 649 743 699 ἀπολείψονται
770 643 814 687 τὸ
842 647 937 702 ζῇν·
968 642 1075 686 οὕτω
1106 643 1186 699 γὰρ
1222 640 1329 686 εἶναι
1360 647 1601 700 δεδογμένον
1632 663 1714 688 πα-

275 715 330 770 ρὰ
356 716 451 771 θεῷ.
482 715 616 755 ταῦτα
648 713 725 764 μὲν
754 706 860 764 οὖν,
892 708 1029 765 ὥσπερ
1063 709 1242 764 εἴρηται,
1281 707 1458 766 ὕστερον
1499 708 1715 765 ἀπέβαινε.

275 781 483 835 βασιλέως
515 779 563 819 δὲ
597 773 892 832 Περιθεώριον
936 777 1249 829 πολιορκοῦντος
1290 774 1362 817 καί
1399 778 1602 829 κλίμακας
1642 778 1717 818 καί

275 842 474 900 μηχανὰς
503 839 878 891 κατασκευάζοντος
910 838 1014 895 πρὸς
1045 839 1122 893 την
1157 839 1460 894 τειχομαχίαν,
1509 840 1560 883 τὰ
1590 842 1767 899 ἐν’τῇτο

277 907 462 965 Μερόπῃ
493 908 681 964 φρούρια
708 907 1051 961 προσεχώρησαν,
1088 901 1115 959 ἦ
1139 921 1182 947 τε
1211 904 1334 959 Ἆγία
1367 903 1523 961 Εἰρήνη
1555 921 1712 961 προσα-

276 973 550 1030 γορευόμενον
591 974 665 1013 καί
694 970 720 1011 ὅ
766 968 998 1024 Ποβισδός.
1054 969 1126 1013 καί
1156 967 1348 1020 ἐλθόντες
1375 970 1479 1026 πρὸς
1509 972 1713 1025 βασιλέα,

278 1037 462 1094 ἡγεμόνα
500 1039 661 1079 ἐδέοντο
693 1035 838 1085 αὐτοῖς
864 1037 1213 1090 παρασχεθῆναι·
1264 1035 1343 1077 σὺν
1374 1033 1538 1086 τούτοις
1569 1037 1616 1077 δὲ
1643 1037 1718 1078 καί

281 1107 415 1159 ἕτεροι
447 1101 625 1156 νομάδες
664 1099 711 1142 τό
755 1099 860 1142 αὐτὸ
893 1103 1101 1149 οἰκοῦντες
1132 1095 1229 1154 ὅρος
1269 1102 1315 1142 ἐν
1353 1098 1513 1153 κώμαις
1554 1100 1715 1155 ἀτειχί-

280 1184 419 1222 στοις,
472 1169 516 1210 οΐ
551 1168 622 1207 διὰ
663 1164 738 1220 τὴν
780 1164 885 1219 πρὸς
919 1166 1097 1218 βασιλέα
1155 1161 1322 1206 εὔνοιαν
1358 1161 1485 1221 (ἦσαν
1513 1164 1594 1221 γὰρ
1642 1165 1768 1212 καίιό

240 1234 479 1289 Βπρότερον
509 1233 579 1273 ὑπ’
604 1232 758 1273 ἐκεῖνον
798 1232 1063 1284 τεταγμένοι,
1105 1232 1310 1284 βασιλέως
1341 1230 1612 1286 Ἀνδρονύτου
1653 1229 1718 1273 ἔτι

280 1297 496 1354 περιόντος
513 1299 544 1354 ,)
589 1299 670 1338 τῶν
719 1290 857 1336 ἄλλων
902 1297 1057 1350 πρῶτοι
1098 1297 1365 1350 παρεγένοντο
1408 1297 1482 1336 καί
1517 1302 1717 1351 παρεῖχον

282 1360 459 1411 ἑαυτοὺς
497 1359 660 1409 ἑκόντες
688 1363 869 1413 βασιλεῖ.
924 1363 1184 1417 σκεπτομένῳ
1218 1361 1264 1401 δὲ
1305 1359 1403 1415 περὶ
1445 1360 1582 1402 αὐτῶν
1613 1359 1718 1415 πρὸς

282 1427 362 1481 ὅ,τι
411 1427 619 1483 χρήσαιτο
649 1427 724 1466 καί
772 1426 863 1466 τίνα
899 1424 1154 1478 ἐπιστήσειεν
1196 1420 1380 1479 ἄρχοντα
1413 1421 1576 1478 αὗτοῖς,
1623 1423 1717 1467 ἐδό-

282 1510 346 1535 κει
387 1495 474 1534 δεῖν
505 1491 754 1547 Μομιτζίλῳ
787 1488 861 1543 την
893 1488 1033 1543 ἀρχὴν
1078 1486 1216 1531 αὖτῶν
1248 1491 1478 1544 παρέχειν,
1509 1491 1562 1530 οὔ
1589 1487 1768 1542 μόνοναο

283 1556 355 1600 διὰ
386 1556 433 1599 τὸ
469 1557 682 1612 ὁμόφυλον
723 1555 896 1606 νομίσας
929 1555 1218 1595 διακείσεσθαι
1252 1554 1363 1610 αὐτῷ
1397 1556 1589 1603 εὐνοϊκῶς
1617 1556 1716 1605 τούς

281 1621 466 1676 νομάδας
501 1623 704 1671 ἐκείνους,
756 1619 846 1660 ἀλλ’
891 1615 955 1660 ὅτι
989 1621 1062 1660 καί
1092 1620 1303 1672 εὐψυχίας
1333 1622 1405 1661 καί
1432 1618 1584 1676 τόλμης
1614 1620 1716 1676 πρὸς

281 1687 354 1736 τὰς
390 1687 532 1740 μάχας
579 1686 703 1726 οὐδὲν
741 1686 899 1726 ἐνέλιπε
953 1685 1026 1725 καί
1079 1682 1186 1738 πρὸς
1232 1684 1424 1741 λῃστείας
1468 1686 1541 1728 καὶ
1579 1683 1716 1741 ἅρπα-

282 1752 360 1808 γας
394 1747 544 1807 ἄριστα
584 1752 790 1805 ἑξησκητο.
846 1744 897 1803 ἦν
938 1747 1019 1804 γάρ
1066 1748 1116 1803 δη
1148 1749 1169 1790 ὅ
1209 1752 1470 1802 Μομιτζίλος
1507 1745 1626 1800 οὗτος
1665 1750 1712 1793 τὸ

283 1819 398 1872 γένος
437 1819 516 1870 μὲν
561 1813 745 1868 Μυσὸς,
786 1813 856 1855 διὰ
902 1816 948 1855 δὲ
983 1816 1175 1871 λῃστείας
1219 1817 1293 1857 καί
1330 1813 1524 1871 ἁρπαγάς
1557 1818 1767 1864 έκεῖθεναό

379 1905 411 1937 5.
441 1901 501 1948 ἴδῃ
530 1902 598 1942 Μ.,
625 1899 690 1943 ἤδη
714 1901 748 1934 Ρ.
843 1911 899 1934 22.
927 1898 1085 1945 νομίδας
1111 1901 1144 1933 Ρ.

286 1989 444 2022 reditum
489 1991 674 2026 mortuus,
705 1984 915 2017 suavissimo
938 1983 1017 2017 eius
1049 1984 1218 2029 adspectu
1251 1986 1461 2029 pr1varetur.
1517 1987 1714 2035 Episcopus

286 2047 368 2068 eum
393 2032 571 2078 proficisci
597 2031 783 2075 permisit,
808 2030 971 2062 hortatus
997 2030 1094 2063 bono
1121 2037 1216 2064 esset
1239 2032 1377 2070 animo,
1403 2033 1560 2066 visurum
1596 2036 1715 2079 impe-

286 2087 443 2115 ratorem
478 2084 516 2112 et
550 2078 698 2123 quidem
735 2079 774 2110 in
811 2086 854 2108 ea
880 2076 958 2120 ipsa
983 2078 1072 2109 urbe
1101 2082 1139 2109 et
1165 2078 1202 2110 in
1226 2077 1440 2122 quibusdam
1465 2079 1714 2117 functionibus

285 2127 428 2160 utiliter
452 2127 487 2158 ei
516 2124 782 2159 inserviturum.
837 2123 1030 2156 Interiecto
1076 2127 1194 2155 autem
1225 2125 1401 2158 nonnullo
1435 2129 1616 2170 tempore,
1648 2128 1714 2162 ubi

287 2184 325 2206 se
357 2173 492 2207 viderit
522 2170 568 2203 ad
597 2169 691 2201 illud
725 2168 880 2201 coeleste
914 2169 1075 2201 tribunal
1100 2174 1304 2209 evocatum,
1326 2178 1516 2214 praeparet
1539 2174 1712 2216 animum,

287 2226 330 2252 ut
357 2219 466 2264 paulo
491 2222 572 2261 post
596 2218 673 2260 ipse
698 2225 845 2259 quoque
868 2215 1122 2248 mortalitatem
1148 2214 1374 2258 expleturus:
1404 2218 1455 2250 sic
1478 2220 1575 2252 enim
1599 2220 1714 2255 visum

288 2266 378 2298 Deo.
438 2265 537 2297 Haec
572 2269 612 2295 ut
635 2263 868 2306 pronuntiata
887 2266 994 2302 sunt,
1017 2262 1067 2293 ita
1092 2267 1302 2295 evenerunt.
1352 2265 1568 2309 Imperatore
1592 2271 1714 2301 autem

287 2311 548 2344 Peritheorium
573 2308 763 2341 obsidente
783 2308 968 2352 scalasque
992 2312 1029 2339 et
1051 2306 1233 2340 machinas
1258 2308 1303 2341 ad
1327 2319 1445 2343 muros
1457 2313 1713 2355 oppugnandos

289 2363 532 2401 comparante,
547 2355 676 2388 Sancta
692 2355 761 2386 Pax
785 2358 822 2385 et
848 2352 1035 2392 Pobisdus,
1048 2353 1192 2385 castella
1216 2354 1393 2399 Meropes,
1411 2367 1449 2389 se
1474 2357 1713 2400 tradiderunt,

289 2415 443 2449 quorum
477 2402 617 2435 incolae
655 2402 842 2433 venientes
876 2399 1093 2443 praefectum
1119 2398 1189 2432 sibi
1214 2400 1293 2434 dari
1322 2402 1505 2446 rogabant.
1553 2404 1714 2439 Dedide-

289 2456 375 2483 runt
412 2461 449 2482 se
481 2459 562 2482 cum
602 2447 675 2480 illis
704 2447 768 2479 alii
798 2445 945 2490 quidam
973 2451 1148 2489 agresteS,
1184 2445 1230 2478 ad
1256 2448 1408 2481 eundem
1431 2455 1590 2483 montem
1614 2451 1711 2486 vicos

288 2495 365 2528 sine
394 2496 504 2527 muris
528 2493 754 2533 habitantes,
795 2491 858 2535 qui
886 2496 1032 2535 propter
1055 2494 1330 2535 propensionem
1356 2505 1436 2538 erga
1459 2496 1712 2541 imperatorem

289 2541 372 2584 (sub
409 2552 451 2574 eo
489 2542 585 2573 enim
615 2544 746 2578 antea,
781 2538 860 2569 vivo
894 2536 1012 2569 adhuc
1038 2536 1242 2571 Andronico
1270 2540 1710 2584 imperatore,militave-

288 2587 382 2630 rant)
406 2598 490 2630 prae
515 2586 642 2619 ceteris
666 2584 711 2617 ad
735 2594 816 2617 eum
843 2587 1027 2616 venerunt.
1080 2584 1146 2616 Cui
1173 2587 1358 2628 cogitanti,
1385 2587 1475 2632 qnid
1498 2589 1550 2621 eis
1572 2591 1710 2635 negotii

288 2633 490 2675 imponeret
525 2637 562 2664 ct
585 2641 692 2676 quem
717 2629 949 2674 praeficeret,
980 2629 1214 2663 Momitzilum
1240 2634 1432 2676 praeficere
1455 2633 1610 2677 placuit,
1635 2647 1710 2670 non

289 2678 404 2710 solnm
440 2679 524 2721 quia
550 2683 695 2721 propter
725 2675 1009 2709 communionem
1036 2677 1150 2719 gentis
1175 2680 1344 2712 rusticani
1370 2681 1424 2713 illi
1449 2690 1529 2712 eum
1553 2683 1709 2726 comple·

288 2725 370 2759 xuri
394 2728 535 2764 essent,
562 2723 625 2757 scd
650 2722 747 2769 quod
774 2722 884 2756 etiam
908 2723 947 2755 in
969 2721 1108 2766 proelio
1134 2724 1273 2759 nullum
1297 2737 1317 2759 a
1341 2736 1379 2760 se
1404 2728 1706 2770 magnanimitatis
