1820 3152
279 156 392 224 534
507 176 510 183 ’
797 172 1166 218 CANTACUzENl

83 284 165 321 AC.
181 279 404 334 ι345“ο’λι’γῳ
430 273 591 330 μεγάλα
620 274 720 330 περὶ
743 272 899 318 ἑαυτοῦ
929 275 1116 330 οἰόμενος
1127 279 1151 330 ,“
1178 275 1253 318 καὶ
1292 271 1486 332 ἀήττητός
1512 291 1577 327 τις
1602 270 1710 318 εἶναι

277 343 409 384 δοκῶν
456 341 528 382 καί
566 338 696 388 δεινὸς
734 342 834 396 περί
871 343 1140 398 στρατηγίας,
1186 344 1231 384 ἒν
1272 344 1354 399 μιᾷ
1387 345 1539 398 καιροῦ
1584 341 1710 398 ῥοπῇ,

276 403 420 459 ἄτιμος
467 404 595 447 ἔκειτο
639 403 989 460 συμπατούμενος
1028 405 1110 448 ύπὸ
1151 408 1231 450 τῶν
1258 405 1487 460 πολεμίων,
1531 408 1617 449 ἀλλ’
1647 403 1711 447 ὅτι

276 472 348 514 καὶ
376 470 415 512 οἱ
447 468 664 524 πεσόντες,
697 465 813 520 ὄντες
839 474 1030 515 τοσοῦτοι
1067 474 1141 514 καί
1164 475 1359 527 τοιαύτην
1386 472 1710 525 ἐπιδεδειγμένοι

276 534 434 592 ἀρετὴν
463 535 535 577 καὶ
564 531 852 591 ἀνδραγαθίαν
861 571 875 591 ,
898 535 1106 591 εΡωμοεῖόι
1134 532 1254 593 ἦσαν,
1287 535 1360 588 οὓς
1389 537 1412 579 ὅ
1443 538 1604 580 πολλῶν
1634 531 1736 578 sca-5

276 601 415 656 κρύων
458 600 592 650 αἴτιος
634 603 839 658 ἐμφύλιος
880 604 1058 656 πόλεμος
1109 601 1424 660 παρανάλωσεν.
1490 599 1599 644 οὕτω
1629 605 1709 655 μὲν

277 663 354 709 ούν
386 666 409 708 ὅ
451 667 708 719 Μομιτζίλος
748 663 905 723 ἤνθησέ
931 684 977 710 τε
1005 669 1050 711 ἐν
1085 668 1209 727 ὀλίγῳ
1249 672 1322 711 καί
1361 668 1432 712 ἐπὶ
1453 670 1564 722 μέγα
1595 666 1710 717 ἔδοξε

276 730 408 788 τύχης
435 735 677 788 προελθεῖν,
706 732 779 775 καί
805 733 953 788 τάχιον
981 733 1199 789 οἷπήνθηκε
1239 735 1311 776 καί
1357 731 1577 790 κατερρύη.
1630 735 1710 785 βα-

275 796 418 847 σιλεύς
453 799 500 839 δὲ
533 795 639 851 μετὰ
668 797 758 853 ’τὴν
797 799 964 855 μάχην,
1004 802 1064 848 εἷς
1100 797 1315 846 Ξάνθειαν
1340 791 1517 855 οἷφῖκτο,
1546 796 1651 840 ἔνθα
1676 797 1704 852 ἦ

278 863 388 904 οἰκία
437 864 703 919 Μομιτζι-λου
738 859 791 919 ἦν
829 864 902 906 καί
926 863 954 919 ἦ
981 864 1100 920 γυνή.
1124 863 1325 913 Ξανθιεῖς
1366 866 1414 906 δὲ
1443 866 1588 919 πρῶτα
1616 864 1762 917 μὲν,ῐο

278 924 402 970 οὐδὲν
448 928 599 977 εἰδότες
632 930 731 984 περί
768 932 1063 984 Μομιτζίλου,
1108 928 1384 972 ἐπυνθάνοντο
1421 930 1519 984 περὶ
1552 930 1709 970 ἐκείνου

152 995 267 1030 P-652
279 989 360 1048 ὅπη
392 991 471 1049 εἴη.
529 996 620 1037 ε’πεί
647 996 694 1036 δὲ
722 994 824 1037 κατὰ
852 994 928 1050 τήν
955 993 1097 1050 μάχην
1125 996 1332 1038 ἐπύθοντο
1360 992 1539 1037 πεσόντα
1583 991 1712 1036 αὐτὸν

275 1057 348 1100 καί
383 1057 554 1112 σύμπαν
597 1058 643 1101 τό
677 1058 980 1116 στρατόπεδον,
1009 1064 1093 1104 τῶν
1132 1063 1210 1114 μὲν
1243 1062 1405 1102 οἰκείων
1437 1059 1710 1115 ἀπωδύροντο

274 1123 348 1179 τὴν
385 1124 607 1180 τελευτήν,
643 1128 815 1179 βασιλεῖ’
836 1127 882 1167 δὲ
909 1126 992 1182 τὴν,
1010 1127 1131 1169 πόλιν
1156 1127 1418 1182 παρεδίδουν.
1477 1127 1550 1167 καί
1577 1124 1599 1166 ὅ
1631 1127 1710 1178 βαι.-

275 1188 419 1238 σιλεύς
464 1191 620 1245 πολλὴν
662 1189 760 1245 περὶ
801 1189 876 1245 τὴν
920 1190 1186 1244 Μομιτζίλου
1237 1196 1413 1245 γυναῖκα
1450 1187 1764 1232 ἐπεδείκνυτοιό

275 1252 354 1308 τὴν
383 1255 618 1297 ἐπιείκειαν.
674 1253 836 1297 ἐκέλευε
863 1271 944 1310 γαρ
974 1256 1106 1310 μηδὲν
1133 1256 1216 1297 τῶν
1247 1250 1375 1296 ὄντων
1403 1251 1604 1310 ἀφαιρεῖν
1631 1253 1710 1295 αὕ-

274 1321 370 1372 τῆς,
424 1315 532 1361 ἆλλοὶ
565 1318 698 1363 πάντα
737 1318 947 1373 ἔχουσαν,
984 1338 1010 1375 η
1038 1321 1179 1373 μένειν
1210 1319 1282 1362 ἐπι
1306 1335 1378 1374 της
1401 1319 1630 1372 Ῥωμαίων
1659 1313 1712 1361 ἂν

274 1384 398 1440 ἐθέλῃ
425 1385 514 1438 γῆς,
543 1379 572 1439 ἢ
598 1382 702 1438 πρὸς
727 1401 801 1439 την
830 1386 984 1426 οικειάν
1009 1386 1342 1439 ἐπανέρχεσθαν
1360 1386 1405 1425 ἐκ
1425 1384 1604 1433 Μυσίας
1628 1381 1711 1438 γὰρ

142 1457 183 1492 V.
198 1443 342 1504 52ιῆν.
396 1450 423 1505 ἦ
467 1450 514 1491 δὲ
553 1452 713 1502 μᾶλλον
752 1450 882 1492 εἵλετο
926 1449 1000 1504 τήν
1037 1451 1108 1493 ε’πί
1152 1452 1226 1504 τῆς
1253 1451 1405 1499 οἰκείας
1431 1450 1712 1506 ἀναχώρησιν,

238 1516 347 1557 Βκαί
376 1515 513 1557 πάντα
542 1514 726 1568 ἔχουσα,
759 1516 918 1573 οἴπῇρεν
945 1518 1005 1565 εἰς
1021 1515 1222 1564 Μυσούς.
1715 1528 1767 1558 20

384 1579 465 1632 πζ’.
517 1578 802 1630 Βασιλεύςδὲ
834 1579 926 1622 ἐπεὶ
953 1578 1240 1623 οἷπεσκεύαστο
1268 1581 1547 1636 Μομιτζιλον,
1576 1580 1713 1623 ἐδόκει

277 1646 364 1687 δεῖν
395 1647 469 1688 καί
497 1643 690 1701 ·Κρα’λην
736 1648 926 1699 μετιέναι
963 1646 1193 1690 ἀδικοῦντα
1222 1648 1295 1688 καί
1322 1648 1712 1703 παρασπονδοῦντα.

276 1712 428 1761 ἐκεῖνος
448 1709 529 1766 γὰρ
550 1709 622 1752 τὸν
648 1710 764 1766 παρὰ
789 1709 1023 1765 ζΡωμαίοις
1042 1708 1220 1765 πόλεμον
1249 1708 1356 1767 ὂρῶν
1387 1712 1524 1754 πάντα
1550 1710 1604 1754 τοὶ
1633 1711 1729 1753 αὖ·

237 1778 357 1831 (ζτῶν
386 1777 698 1832 διαφθεροῦντα
727 1773 883 1833 ἄρδην,
901 1773 1020 1832 ὄλίγα
1046 1778 1131 1819 τῶν
1155 1775 1258 1833 πρὸς
1289 1778 1466 1831 βασιλέα
1494 1778 1714 1834 συνθηκῶν

276 1909 415 1950 tiebat,
448 1913 486 1942 et
535 1909 688 1943 eximius
739 1913 849 1955 atque
896 1909 1052 1944 invictus
1089 1909 1162 1943 dux
1190 1909 1410 1955 apparebat,
1435 1921 1508 1944 uno
1532 1909 1708 1953 temporis

274 1960 457 1988 momento
501 1954 733 2000 despicabilis
767 1956 930 1997 iacebat,
965 1962 1002 1990 et
1039 1956 1198 1991 hostium
1232 1956 1388 2001 pedibus
1413 1955 1710 1990 conculcabatur:

275 2002 339 2034 scd
373 2003 483 2037 etiam
518 2001 616 2047 quod
653 2002 716 2047 qui
751 2002 954 2036 cecide1ant
987 2008 1061 2036 tam
1087 2004 1217 2044 multi,
1243 2013 1324 2035 cum
1351 2006 1450 2035 tanta
1478 2001 1710 2042 fortitudine,

276 2048 425 2081 Romani
463 2053 582 2082 erant:
612 2059 702 2094 quos
737 2047 874 2082 bellum
913 2050 1007 2082 istuc
1039 2050 1169 2090 civile,
1203 2048 1440 2093 plurimarum
1470 2049 1710 2093 lacrymarum

274 2105 424 2137 parens,
459 2095 558 2128 velut
582 2094 780 2128 auctarium
815 2095 994 2140 quoddam
1023 2096 1068 2129 ad
1093 2105 1267 2130 summam
1292 2095 1530 2129 calamitatem
1555 2094 1710 2128 adiecis-

275 2146 340 2175 set.
389 2141 612 2174 Momitzilus
639 2141 685 2174 ad
710 2140 819 2175 breve
843 2148 985 2196 tempus
1010 2142 1062 2174 sic
1097 2142 1221 2175 floruit
1246 2145 1283 2174 et
1310 2142 1407 2176 visus
1444 2147 1499 2175 est
1525 2142 1709 2175 fortunam

274 2187 530 2231 amplissimam
566 2192 799 2228 consecutus,
845 2189 1027 2233 citiusque
1052 2188 1221 2222 defloruit
1253 2197 1295 2220 ac
1341 2186 1502 2221 defluxit.
1550 2189 1709 2232 Impera·

274 2238 334 2266 tor
358 2233 553 2267 secundum
578 2234 757 2280 proelium
781 2234 992 2275 Xanthiam,
1018 2234 1138 2268 sedem
1169 2233 1380 2274 Momitzili,
1405 2233 1620 2274 contendit,
1645 2233 1710 2268 ubi

276 2290 388 2322 uxor3
413 2285 449 2313 et
473 2275 724 2320 xanthienses,
747 2280 845 2324 quod
868 2280 962 2314 nihil
987 2291 1094 2325 super
1119 2279 1318 2312 Momitzilo
1343 2282 1611 2324 comperissent,
1633 2281 1709 2324 pri-

275 2336 373 2357 mum
408 2336 605 2370 quaerere,
643 2327 790 2360 ubinam
829 2331 933 2360 esset.
981 2326 1097 2370 Quem
1131 2330 1174 2359 ut
1199 2337 1278 2359 cum
1305 2327 1466 2360 exercitu
1487 2331 1563 2360 toto
1587 2326 1708 2361 fusum

274 2377 513 2417 acceperunt,
547 2373 831 2418 propinquorum
865 2384 906 2406 ac
944 2373 1223 2406 necessariorum
1249 2383 1393 2405 suorum
1426 2372 1612 2407 interitum
1654 2373 1708 2405 la-

275 2423 504 2459 mentantes,
542 2418 669 2452 urbem
703 2419 911 2463 imperatori
937 2418 1096 2452 dedunt·
1123 2419 1186 2464 qui
1210 2420 1248 2451 in
1281 2419 1508 2453 Momitzili
1502 2420 1704 2472 {coniugem

275 2463 427 2497 mirifica
467 2475 551 2498 usus
588 2465 805 2506 clementia,
838 2465 943 2498 iussit
980 2467 1014 2498 ei
1057 2464 1214 2509 relinqui
1250 2467 1390 2506 omnia,
1415 2471 1453 2499 et
1476 2471 1540 2499 aut
1562 2465 1601 2498 in
1627 2465 1706 2500 solo

274 2508 432 2543 Romano
461 2512 499 2544 in
523 2516 707 2555 posterum
734 2521 880 2556 quoque
904 2510 1051 2556 degere,
1080 2511 1111 2544 si
1136 2511 1241 2544 velit:
1267 2517 1331 2545 aut
1355 2512 1394 2545 in
1419 2512 1573 2556 patriam
1607 2511 1705 2555 (nam

276 2565 295 2586 e
320 2554 455 2588 Moesia
494 2562 571 2590 erat
594 2556 776 2612 oriunda)
799 2557 950 2591 reverti:
991 2557 1031 2591 id
1067 2556 1166 2603 quod
1204 2557 1310 2591 etiam
1337 2558 1445 2599 fecit,
1479 2557 1705 2604 sublatisque

275 2611 393 2636 secum
418 2602 524 2635 rebus
548 2604 643 2642 suis,
667 2603 839 2637 discessit.

367 2650 421 2690 87..
470 2647 668 2683 Momitzilo
693 2660 712 2681 e
742 2649 859 2683 medio
884 2651 953 2683 iam
978 2648 1140 2690 sublato,
1169 2649 1309 2683 Cralem
1342 2659 1512 2695 quoque,
1550 2653 1592 2682 ut
1615 2647 1702 2682 iuris

277 2692 493 2726 violatorem
540 2701 576 2727 et
615 2695 853 2740 foedifragum
897 2696 968 2729 sibi
1001 2697 1245 2729 ulciscendum
1281 2696 1451 2734 decrevit
1505 2694 1579 2740 Qui
1617 2695 1702 2728 dum

277 2744 438 2774 cerneret
476 2740 573 2782 bello
611 2742 847 2777 Romanmum
889 2748 1014 2778 mutuo
1047 2743 1176 2780 νειεῐᾶιί
1201 2742 1363 2778 funditus
1391 2742 1532 2783 omnia,
1558 2752 1702 2777 securus
