1754 3146
210 170 264 207 w
354 137 357 144 ¹
721 164 1127 207 PRAEMONITUM.

185 269 408 326 «tinctis,
443 268 638 319 litterae
674 282 868 319 nostiae
912 286 1228 340 accepe1ant,
1278 273 1317 322 is
1350 292 1482 330 unus
1526 293 1641 324 cum

211 351 384 419 paucis
407 368 557 419 supe1
559 368 655 399 esse
681 350 969 410 videbatur,
994 354 1084 419 qui
1110 370 1213 401 rem
1239 352 1476 402 afflictam
1499 356 1642 404 susti-

212 444 386 490 neret,
436 432 491 480 in
522 449 672 498 quem
708 427 860 481 ceteri
894 434 1078 481 velut
1066 453 1119 481 m
1152 435 1435 502 exemplum
1467 436 1641 484 severi-

212 513 311 561 oris
342 525 399 561 ac
437 531 638 581 prolsus
684 515 923 582 antiquae
941 514 1253 563 eruditionis
1295 516 1640 576 intuerentur,

212 595 267 643 in
302 613 425 662 quo,
474 613 810 663 quaecunque
859 597 957 645 sive
990 596 1054 644 ad
1087 596 1477 665 amplitudinem
1510 599 1642 647 litte-

211 695 410 735 rarum,
445 678 544 726 sive
576 675 640 726 ad
673 677 942 726 arcendam
967 678 1266 746 fortiterque
1298 679 1640 748 repellendam

210 758 615 828 superstitionem
648 770 698 806 et
731 758 1012 806 barbariem
1046 757 1293 817 facerent,
1327 777 1522 808 summa
1562 759 1640 808 in-

213 858 311 889 esse
353 840 521 890 omnia
565 851 823 888 constaret.
893 840 937 888 O
985 856 1122 907 spem
1156 840 1358 888 inanem
1391 841 1640 908 fragilem-

211 941 312 991 que
356 924 605 972 humanae
649 918 1012 987 magnitudinis
1055 910 1421 979 conditionem!
1487 924 1641 971 Hunc

212 1006 362 1053 talem
409 1005 602 1072 virum,
654 1003 706 1050 in
752 1019 855 1067 quo
906 1014 1044 1051 tanta
1091 1015 1210 1051 esset
1256 1002 1445 1069 ingenii
1479 1003 1551 1052 vis
1583 1021 1641 1051 ac

209 1084 564 1154 pulchritudo,
613 1096 780 1133 tantus
814 1084 868 1131 in
919 1083 1175 1143 omnibus,
1218 1101 1349 1151 quae
1381 1083 1638 1152 proderet,

211 1186 472 1235 generosae
506 1179 554 1216 et
588 1167 801 1215 excelsae
837 1168 1017 1216 mentis
1044 1168 1207 1233 vigor,
1247 1179 1385 1216 tanta
1403 1167 1640 1235 amplitu-

212 1250 277 1299 do
312 1250 592 1307 doctrinae,
629 1249 886 1315 integritas
918 1250 1077 1298 animi
1110 1261 1161 1299 et
1192 1248 1403 1307 candor,
1440 1265 1640 1298 morum

215 1330 437 1397 denique
477 1330 716 1388 suavitas,
753 1349 854 1397 qua
889 1330 1118 1379 omnium
1151 1331 1430 1379 voluntates
1462 1331 1639 1378 allice-

211 1424 292 1461 ret
310 1419 360 1461 et
382 1412 435 1459 in
460 1413 696 1461 maiorem
718 1412 794 1461 sui
819 1409 1205 1461 admirationem
1230 1425 1449 1480 raperet,
1474 1412 1637 1469 hunc,

208 1493 443 1561 inquam,
478 1492 650 1542 eodem
671 1511 785 1541 mox
805 1493 908 1541 fato
942 1510 1232 1561 oppressum
1258 1509 1379 1551 esse,
1414 1505 1486 1551 et,
1522 1511 1640 1543 cum
1667 1510 1671 1514 “

206 1592 275 1624 ne
307 1592 501 1624 summa
536 1574 743 1640 quidem
770 1586 1021 1623 senectute
1044 1573 1326 1622 decessurus
1355 1574 1460 1621 sine
1486 1574 1641 1621 hono-

210 1675 328 1705 rum
362 1656 679 1722 querimonia
715 1656 908 1710 fuisset,
957 1672 1246 1723 oppressum
1292 1671 1388 1702 esse
1429 1654 1484 1703 in
1534 1655 1640 1722 ipso

214 1737 436 1804 integrae
482 1737 654 1784 aetatis
696 1752 874 1793 cursu,
928 1736 1194 1785 florentem
1239 1735 1406 1783 adhuc
1449 1734 1641 1784 viribus

210 1817 374 1885 d'eque
408 1818 587 1867 litteris
617 1818 870 1885 praeclare
890 1817 1116 1867 merendi
1149 1817 1314 1866 studio
1339 1822 1640 1885 occupatum

210 1899 504 1950 felicissimo.
573 1900 881 1967 Quanquam
916 1900 1042 1967 quid
1077 1900 1163 1966 ego
1197 1911 1410 1947 mortem
1452 1896 1641 1966 queror

212 1983 564 2031 immaturam?
598 1983 651 2031 in
675 2000 774 2049 qua
803 1980 1058 2048 quidquid
1087 1981 1371 2029 acerbitatis
1403 1993 1453 2029 et
1486 1980 1642 2028 iactu—

211 2081 296 2112 rae
318 2065 469 2122 inest,
495 2082 598 2111 non
625 2063 688 2111 ad
710 2063 1074 2120 Niebuhrium,
1093 2061 1175 2111 sed
1200 2061 1262 2109 ad
1289 2079 1376 2110 nos
1397 2061 1638 2128 pertinet,

211 2145 399 2210 quibus
433 2161 488 2192 eo
513 2153 616 2192 no‘n
644 2143 861 2211 amplius
885 2143 988 2191 frui
1013 2143 1141 2190 licet.
1210 2144 1301 2191 Ille
1335 2144 1450 2191 satis
1470 2178 1482 2199 ,
1517 2141 1641 2189 dum

212 2226 426 2282 viveret,
463 2226 679 2274 nominis
700 2224 1054 2273 existimationi
1086 2225 1339 2272 consului-t
1373 2236 1422 2271 et
1455 2223 1642 2271 virtute

212 2307 382 2356 effecit
413 2326 523 2366 sua,
569 2320 627 2356 ut
661 2326 763 2356 non
798 2323 1318 2364 annorumnumero,
1346 2323 1447 2373 *nec
1480 2305 1642 2373 spatio

215 2389 387 2439 aetatis
418 2390 518 2438 vita
559 2390 990 2445 eius-censeatur,
1027 2387 1125 2455 sed!
1153 2388 1285 2436 fama
1340 2401 1390 2436 et
1439 2387 1640 2435 merito-

215 2489 332 2521 rum
367 2471 515 2520 laude
559 2490 615 2520 ac
650 2484 786 2539 grata
820 2471 1004 2539 piaque
1043 2471 1309 2527 memoria,
1339 2487 1469 2536 quae
1519 2482 1639 2518 tam-

217 2554 308 2602 diu
343 2554 495 2603 infixa
541 2542 770 2604 haerebit
814 2555 868 2602 in
908 2554 1087 2602 animis
1128 2553 1422 2609 hominum,
1466 2568 1641 2617 quam-

218 2636 308 2684 diu
339 2637 516 2685 litteris
551 2637 666 2705 ipsis
692 2649 739 2686 et
759 2636 926 2684 honor
950 2648 1214 2695 eunomen
1249 2634 1506 2684 constabit.
1574 2634 1639 2682 At

218 2719 374 2768 sentio
428 2736 506 2768 me
554 2717 747 2784 impetu
785 2715 1004 2784 quodam
1049 2715 1252 2776 doloris,
1291 2715 1433 2765 cuius
1476 2725 1546 2762 est
1585 2711 1642 2761 in
