1812 3132
546 207 923 251 Hls’romARUM
964 212 1035 253 ιιι.
1065 213 1133 258 26.
1448 192 1551 250 163

114 315 319 368 βασιλέως
354 312 426 353 τοῦ
461 313 761 365 Παλαιολόγου
794 312 921 365 δῆθεν
950 310 1166 367 αἱρεῖσθαι
1194 313 1483 366 πεπεισμένοι,
1514 311 1552 354 οἱ
1565 322 1742 369 Α.0.ι34ι

113 381 192 431 μὲν
218 376 289 419 καί
309 374 409 425 τούς
435 376 680 428 κομίζοντας
699 374 1060 428 συλλαμβάνοντες
1088 374 1178 430 ἅμα
1207 383 1294 427 τοῖς
1309 375 1552 432 γράμμασιν

113 442 293 495 ἔπεμπον
321 443 380 490 εἰς
406 437 641 491 Βυζάντιον
664 441 896 493 δεσμώτας,
928 439 1134 496 πρότερον
1151 441 1446 496 γυμνώσαντες
1466 445 1550 485 τῶν

113 502 254 549 ὄντων.
309 501 399 547 ὅσοι
430 505 476 546 δὲ
503 502 761 560 μετριώτερα
790 506 1036 559 ἐδοκίμαζον
1063 513 1208 560 ποιεῖν,
1235 506 1285 549 τά
1314 509 1391 560 μὲν
1415 506 1552 562 γράμυ

83 569 221 625 5ματα
250 571 528 621 α’πεωθοῦντο,
558 569 682 611 αὐτοὶ
710 571 756 612 δὲ
783 569 889 626 πρὸς
916 570 988 612 τὸν
1014 571 1194 624 πόλεμον
1219 571 1552 627 παρεσκευάζον-

107 652 165 689 το,
194 635 267 689 αἷς,
299 632 354 691 ἢν
381 637 491 692 ἐπίῃ,
523 634 814 689 α’μυνούμενοι.
874 638 967 678 ἐπεὶ
993 638 1040 678 δὲ
1067 639 1149 678 τῶν
1175 634 1434 692 γραμμάτων
1450 639 1592 678 πολ-0

107 699 161 743 a&
190 701 356 743 ἐκείνων
393 702 452 749 εἰς
478 698 712 751 Βυζάντιον
740 701 1025 757 ἀπεκομίσθη,
1054 700 1093 743 οἱ
1117 702 1196 755 μὲν
1223 703 1320 755 περὶ
1344 703 1550 758 πατριάρ-

105 783 186 821 χην
225 762 317 808 ὅσοι
357 765 561 821 πρότερον
595 765 700 821 πρὸς
736 768 939 819 βασιλίδα
978 769 1052 808 τοῦ
1091 764 1272 821 μεγάλου
1303 769 1549 819 δομεστίκου

106 831 164 880 ὥς
198 835 488 885 βασιλειῶντος
527 830 809 886 κατηγόρουν,
847 829 1021 887 ἔχαιρόν
1052 847 1096 873 τε
1124 833 1198 873 καί
1223 838 1410 874 παντοῖοι
1438 828 1549 887 ἦσαν

55 896 178 953 ΙΟύφ’
198 896 363 951 ἡδονῆς.
418 896 471 938 τά
499 912 542 938 τε
568 896 794 952 γράμματα
819 897 1132 949 ἐπιδεικνύντες,
1164 899 1270 951 ,,ου’κ
1300 894 1414 951 ἇρα”
1441 896 1548 954 ἔφα-

102 978 181 1004 σαν
220 961 367 1016 ,,ἦμεῐ’ς
409 963 491 1003 τῶν
530 960 766 1014 μελλόντων
804 964 925 1004 κακοί
951 961 1105 1017 κριταὶ,
1135 964 1222 1004 ἀλλ’
1251 964 1377 1004 αὐτοί
1400 977 1444 1004 τε
1476 962 1549 1003 εὖ-

99 1024 260 1080 στόχως
299 1025 698 1080 κατεστοχασάμεθα
731 1027 803 1080 τῆς
828 1025 1009 1081 γνώμης,
1038 1027 1226 1077 κάκεῖνος
1252 1030 1389 1078 καλῶς
1417 1029 1548 1069 ποιῶν

97 1090 172 1132 ἐπὶ
196 1093 277 1133 ταῖν
303 1089 434 1146 ἔργων
462 1090 594 1140 εὖθὺς
621 1091 834 1142 ἀπέδειξεν
862 1091 1079 1148 εἰρηκότας
1109 1090 1290 1147 ‹ihs-913?
1345 1091 1476 1134 πολλά
1501 1107 1548 1134 τε

96 1157 158 1204 εἰς
184 1159 334 1198 ἐκεῖνον
359 1157 590 1212 βλάσφημα
618 1156 888 1199 ἀπέσκωπτον
916 1157 1110 1212 ἅναίδην,
1139 1160 1212 1199 καί
1239 1160 1337 1200 ου’δὲ
1363 1159 1448 1200 τῶν
1479 1158 1546 1199 αῖ-

53 1223 283 1274 ι5σχίστων
320 1218 573 1275 ἀπεχόμενοι
601 1220 708 1277 πρός
734 1219 871 1277 ὕβριν.
939 1223 1013 1265 καί
1039 1221 1063 1278 ἢ
1092 1225 1258 1276 βασιλίς
1287 1225 1332 1265 δὲ
1361 1219 1440 1277 ἤδη
1471 1237 1545 1263 πε-

96 1288 293 1341 πεισμένη
322 1289 515 1339 πολέμιον
540 1290 788 1342 γεγενῆσθαι
815 1285 889 1329 τὸν
916 1290 1048 1342 μέγαν
1071 1290 1314 1340 δομέστικον
1336 1289 1543 1343 φανερῶς,

95 1352 141 1394 ἐκ
168 1353 249 1393 τῶν
279 1350 535 1406 γραμμάτων
562 1354 728 1393 ἐκείνων
758 1352 874 1406 ὀλίγα
905 1350 1010 1394 ἄττα
1038 1351 1196 1406 ἔπεμπε
1218 1355 1270 1410 τῇ
1288 1352 1420 1406 μητρὶ
1436 1350 1540 1393 κατὰ

93 1416 168 1471 τήν
202 1418 334 1458 οἰκίαν
377 1419 703 1474 φρουρουμένῃ,
750 1414 818 1461 οἶα
856 1415 1023 1473 δράσειε
1061 1421 1349 1473 κατηγοροῦσα
1386 1418 1406 1458 ὃ
1438 1414 1545 1465 υἱός.

92 1483 226 1537 ἐκείνη
256 1484 302 1524 δὲ
328 1483 459 1536 μηδὲν
486 1480 644 1536 ἔφασκε
674 1481 781 1537 πρὸς
813 1480 946 1536 αὖτην
972 1482 1070 1534 τούς
1089 1482 1234 1537 λόγους
1253 1480 1375 1525 εἶναι.
1431 1482 1580 1536 πρό-αἰ)

39 1562 210 1602 αοτερον
246 1545 322 1602 γὰρ
363 1548 512 1602 ἐχρῆν,
555 1545 677 1601 ἡνίκα
708 1551 783 1588 τοῦ
821 1547 919 1590 υἱοῦ
957 1547 1224 1604 κατηγόρουν,
1269 1547 1375 1603 πρὸς
1405 1546 1537 1602 αὐτὴν

90 1611 141 1654 τὰ
180 1610 415 1667 ἐγκλήματα
454 1614 616 1667 δηλοῦν.
687 1606 714 1664 ἦ
742 1612 822 1667 γὰρ
861 1609 914 1654 ἂν
950 1617 1032 1655 τῶν
1059 1615 1283 1666 γινομένων
1311 1616 1387 1655 νῦν
1412 1615 1535 1654 ου’δὲν

89 1680 258 1732 συνέβη,
289 1674 380 1718 ἄλλ’
408 1676 512 1731 ὑπὲρ
543 1678 673 1732 αυ’τῆς
704 1693 746 1718 τε
776 1679 849 1718 καί
875 1680 955 1719 τῶν
983 1679 1157 1730 παίδων,
1188 1676 1251 1718 ἔτι
1281 1680 1327 1720 δὲ
1358 1677 1432 1719 καί
1457 1680 1536 1720 τοῦ

81 1742 320 1796 Ῥωμαϊκοῦ
358 1741 535 1795 παντὸς,
577 1742 712 1784 πάντα
738 1738 791 1784 ἂν
817 1743 1104 1799 κατεπράξατο
1130 1740 1181 1784 τὰ
1204 1744 1399 1795 βέλτιστα
1427 1742 1533 1799 πρὸς

177 1865 210 1898 8.
232 1858 324 1897 κατὰ
350 1868 433 1896 ante
458 1862 528 1896 τοῦ
555 1862 636 1897 add.
658 1863 707 1897 M.
734 1874 800 1908 mg.

86 1958 230 1995 ventes,
269 1964 360 1988 nova
393 1952 556 1986 molituri
594 1951 829 1993 videbantur,
873 1953 906 1985 si
946 1958 1088 1997 tempus
1121 1954 1218 1987 nacti
1256 1959 1386 1988 essent.
1449 1954 1525 1999 Qui

87 2010 172 2035 vero
202 2000 302 2045 prius
335 1999 381 2033 ad
407 1999 659 2043 palaeologum
690 1998 914 2045 sequendum
949 1999 1097 2043 pellecti
1134 2005 1260 2040 erant,
1294 2011 1419 2033 eorum
1458 2002 1525 2035 alii

85 2045 295 2080 tabellarios
318 2045 595 2091 comprehensos
620 2050 657 2078 et
680 2045 855 2090 spoliatos
882 2056 963 2078 cum
990 2046 1121 2079 litteris
1149 2047 1357 2090 Byzantium
1382 2048 1524 2082 vinctos

83 2092 289 2126 mittebant.
338 2092 430 2132 Alii,
463 2091 597 2137 quibus
621 2092 863 2125 moderatiora
885 2091 1098 2136 placebant,
1138 2093 1278 2126 litteras
1311 2099 1525 2128 contemne—

82 2137 195 2179 bant,
233 2148 384 2184 seseque
416 2138 461 2172 ad
485 2138 744 2178 resistendum,
777 2139 808 2171 si
830 2137 1110 2180 invaderentur,
1143 2138 1411 2183 comparabant.
1436 2140 1525 2173 Plu-

82 2184 183 2219 ribus
220 2184 472 2218 huiuscemodi
511 2185 674 2230 epistolis
707 2185 916 2228 Byzantium
956 2185 1097 2225 allatis,
1135 2185 1339 2230 patriarcha
1371 2190 1408 2218 et
1442 2188 1522 2220 eius

82 2231 194 2272 socii,
229 2231 293 2276 qui
317 2242 433 2276 nuper
456 2242 622 2277 maguum
646 2230 884 2264 domesticum
910 2231 1006 2275 apud
1030 2232 1291 2276 imperatricem
1318 2232 1522 2274 tyrannidis

81 2280 269 2311 affectatae
293 2283 520 2318 accusarant,
550 2278 738 2321 omnigena
761 2278 948 2322 voluptate
977 2277 1266 2312 bacchabantur:
1306 2278 1522 2324 litterasque

81 2324 238 2358 invicem
267 2329 510 2365 ostentantes,
545 2322 627 2356 Non
660 2324 790 2368 igitur,
829 2323 1065 2369 inquiebant,
1104 2325 1198 2358 male
1233 2324 1522 2369 augurabamur3

81 2370 208 2404 dextre
231 2375 387 2404 mentem
421 2370 498 2403 eius
533 2370 812 2403 coniectavimus
828 2394 838 2411 ,
868 2370 1021 2416 ipseque
1044 2381 1110 2404 nos
1135 2382 1217 2406 vera
1243 2371 1382 2404 locutos
1407 2382 1518 2418 opere

81 2417 203 2450 statim
227 2415 377 2462 pulchre
406 2415 673 2450 demonstravit.
722 2416 912 2461 Multaque
936 2417 975 2451 in
1000 2417 1104 2450 illum
1126 2417 1279 2461 probra,
1304 2418 1410 2451 etiam
1436 2424 1516 2452 tur·

78 2464 250 2508 pissima,
281 2462 326 2496 ad
350 2463 520 2496 maiorem
553 2463 808 2496 contumeliam
841 2463 1082 2498 inverecunde
1119 2463 1388 2509 intorquebant.
1435 2466 1513 2499 Auf-

80 2515 182 2554 gusta
215 2510 286 2542 iam
320 2509 481 2550 credens,
505 2520 671 2552 magnum
700 2508 935 2542 domesticum
961 2514 1122 2555 apertum
1160 2520 1237 2543 esse
1273 2509 1434 2552 hostem,
1465 2511 1511 2544 de

79 2556 211 2589 litteris
234 2555 308 2589 iuis
332 2565 463 2600 paucas
487 2554 656 2600 quasdam
683 2555 728 2588 ad
752 2556 864 2600 ipsius
889 2562 1034 2590 matrem
1050 2581 1060 2597 ,
1096 2566 1187 2602 quae
1211 2556 1308 2590 domi
1330 2557 1512 2592 custodie-

79 2601 208 2643 batur,
231 2603 350 2642 misit,
374 2607 415 2634 ut
438 2601 553 2634 filium
573 2602 650 2634 eius
676 2603 884 2635 certissimis
903 2602 1075 2636 videlicet
1092 2602 1246 2636 testibus
1269 2606 1511 2637 convinceret.

78 2648 146 2681 1111.
169 2647 375 2692 respondit,
412 2647 477 2680 hos
513 2658 692 2681 sermones
729 2648 823 2681 nihil
847 2654 970 2682 contra
1003 2659 1040 2681 se
1074 2649 1201 2682 valere.
1252 2649 1354 2685 Prius
1392 2651 1509 2690 enim,

79 2704 158 2728 curn
183 2695 278 2727 filius
314 2694 410 2739 apud
436 2704 511 2727 eam
538 2705 619 2727 reus
651 2701 833 2737 ageretur,
870 2695 1019 2728 crimina
1055 2694 1288 2729 demonstrari
1315 2696 1509 2730 debuisse:

79 2741 131 2774 ita
156 2741 317 2786 profecto
350 2739 443 2773 nihil
461 2739 599 2779 Vh'orum
624 2742 813 2781 evenisset,
846 2741 1033 2785 ipsamque
1058 2751 1123 2785 pro
1148 2752 1186 2775 se
1209 2747 1246 2775 et
1272 2742 1380 2783 filiis,
1407 2744 1508 2775 insu‘

77 2797 143 2831 per
167 2798 232 2833 pro
255 2791 332 2820 toto
359 2787 518 2820 Romano
550 2785 702 2831 imperio
725 2787 896 2820 salutaria
920 2797 1086 2833 quaeque
1114 2786 1159 2821 ab
1197 2798 1240 2822 eo
1276 2789 1505 2824 obtenturam
