1800 3132
296 211 404 277 340
817 225 1184 270 CAN-rixemur

1070 320 1083 335 t

97 334 281 380 A.C.1342
296 325 466 381 ὄλεθρος
503 324 699 366 ἐλλείπων
739 326 828 364 κατ’
876 325 1008 369 οὐδέν.
1065 340 1085 364 ο
1125 323 1172 364 δὲ
1196 323 1270 376 τῆς
1306 320 1713 376 πόλεωςᾰρχιερεύς

289 392 399 446 ὁρῶν
436 387 516 445 ἤδη
554 391 845 441 κλονουμένους
872 388 944 430 καί
982 388 1086 443 πρὸς
1122 386 1197 442 τὴν
1232 385 1466 442 ὑπερβολὴν
1503 390 1575 441 τῆς
1615 388 1718 428 δυσ-

283 458 462 510 πραγίας
484 452 745 506 ἐνδιδόντας,
783 453 1005 508 παρελθών
1032 454 1090 501 εἰς
1115 455 1294 505 μέσους,
1324 451 1618 507 παρεθάρρυνε
1647 451 1719 492 καί

288 523 363 562 ου’κ
391 520 457 562 εἴα
485 521 774 570 καταπίπτειν,
806 517 908 559 κατὰ
935 517 1099 572 γνώμην
1127 520 1213 574 θεῷ
1236 514 1366 558 πάντα
1389 516 1440 557 τοὶ
1465 518 1560 574 τῇδε
1583 514 1716 570 πράτ-

287 588 435 627 τεσθαι
465 583 618 635 εἰπών,
657 584 727 623 καί
753 581 828 631 τὰς
858 584 1053 630 τοιαύτας
1081 583 1273 636 ἐπηρείας
1301 581 1371 621 ὑπ’
1395 582 1549 622 ἐκείνου
1578 578 1741 632 παρα-5

284 652 544 704 χωρεῐσθαι,
575 649 643 688 ἵνα
682 646 728 688 τὸ
757 645 859 701 πρὸς
889 649 1064 700 βασιλέα
1108 648 1277 702 φίλτρον
1305 644 1421 698 ὑμῶν
1451 646 1710 699 δοκιμασθῇ·

286 712 332 762 ὃς
365 711 452 767 ἥξει
479 729 524 754 τε
554 711 657 765 μετὰ
685 710 830 766 μικρὸν
868 711 940 752 καί
974 711 1133 759 πάντας
1174 711 1396 763 ἀμείψεται
1432 715 1520 758 ταῖς
1558 724 1714 763 προση-

286 776 456 826 κούσαις
487 778 753 830 εὐεργεσίαις.
782 778 888 831 μηδὲ
913 775 991 830 γὰρ
1023 775 1160 817 οἴεσθε
1193 778 1345 817 ἐκεῖνον
1381 774 1440 829 μὴ
1470 773 1572 816 κατὰ
1609 772 1712 827 γνώ-

247 851 369 897 Βμην
384 840 620 896 βασιλεύειν
639 843 734 897 θεῷ.
765 845 882 883 τοῦτο
905 840 984 895 γὰρ
1008 839 1136 889 αῑῗτὸς
1158 842 1398 895 σαφέστατα
1425 839 1590 880 εἰδέναι.
1629 836 1710 890 ἆμ-

282 910 499 963 φισβητῶν
527 905 621 960 γὰρ,
641 904 836 961 ἔφασκεν,
868 908 913 947 ἐν
929 908 1041 962 α’ρχῇ
1069 905 1165 960 περὶ
1193 907 1364 957 ἐκείνου,
1388 907 1426 946 εἰ
1451 903 1509 958 μὴ
1539 906 1623 945 κατ’
1639 903 1765 944 εὖ-ιο

281 971 450 1023 δοκίαν,
480 967 584 1012 ἀλλὰ
607 972 761 1023 μᾶλλον
788 969 891 1011 κατὰ
914 987 1027 1025 παρα
1029 971 1215 1023 χώρησιν
1245 971 1350 1010 θεοῦ
1375 970 1432 1017 εἰς
1460 969 1579 1009 τοῦτο
1608 964 1712 1022 ἦλθε

279 1035 490 1090 σχήματος
527 1037 613 1093 ἰδίᾳ
651 1033 894 1088 πειθόμενος
933 1037 1135 1091 ἑπιθυμιίιι
1162 1034 1233 1076 καί
1260 1035 1380 1090 ὁρμῇ,
1409 1034 1481 1075 καί
1516 1031 1712 1084 δεδοικώς

278 1099 336 1155 μὴ
355 1099 427 1141 καί
440 1099 566 1148 αὐτὸς
585 1097 869 1152 συναπόλοιτο,
882 1105 965 1148 τοῖς
984 1101 1069 1155 θεῷ
1085 1098 1222 1140 συνών
1231 1101 1576 1152 βουλευσαμένοις
1592 1099 1712 1139 ἐναν-

277 1168 348 1207 τία
367 1196 379 1218 ,
407 1161 551 1217 εὖχαῖς
582 1166 854 1219 προσανέχειν
895 1165 969 1205 καί
994 1165 1160 1218 δεήσεσι
1185 1162 1231 1204 τὸ
1267 1167 1381 1205 θεῖον
1417 1165 1707 1214 ἐκκαλεῖσθαι,

278 1225 385 1271 ὥστε
405 1231 663 1283 διδαχθῆναι
682 1230 780 1283 περὶ
797 1230 926 1270 αὐτοῦ
943 1260 955 1282 ,
983 1230 1022 1270 εἰ
1046 1227 1103 1282 μὴ
1135 1229 1341 1282 ὀργίζοιτο
1369 1228 1466 1282 περὶ
1490 1229 1574 1268 τῶν
1600 1228 1763 1281 ymo-15

275 1295 425 1346 μένων.
491 1296 804 1349 ε’κκαλυφθῆναι
840 1293 886 1333 δὲ
926 1289 1039 1350 αὐτῷ
1076 1291 1190 1347 παρὰ
1234 1294 1307 1334 τοῦ
1345 1291 1601 1345 πνεύματος,
1645 1288 1707 1334 ὅτι

278 1361 363 1400 κατ’
408 1358 600 1398 εὐδοκίαν
636 1360 793 1410 μᾶλλον
825 1357 887 1411 εἴη
918 1356 964 1398 τὸ
1003 1355 1239 1410 βασιλεύειν
1267 1356 1626 1410 Καντακουζηνόν.
1674 1349 1708 1414 ᾧ

277 1423 352 1464 καί
381 1424 606 1464 πεισθέντα
644 1425 714 1463 καί
751 1425 890 1463 πᾶσαν
927 1421 1186 1477 οἷμφιβολίαν
1222 1422 1476 1473 ἀποθέμενον
1501 1423 1546 1463 ἐν
1577 1423 1708 1463 Διδυ-

275 1490 454 1543 μοτείχῳ
475 1487 615 1537 μένειν
631 1488 680 1542 τῇ
706 1485 900 1540 βουλήσει
919 1488 993 1526 τοῦ
1023 1487 1130 1526 θεοῦ
1150 1485 1445 1539 συναιρόμενον
1463 1483 1511 1526 τά
1541 1485 1708 1526 δυνατά.

277 1549 327 1592 οὗ
354 1551 432 1606 γὰρ
464 1546 516 1593 ἄν
538 1567 599 1598 τις
629 1551 757 1591 αὐτοῦ
787 1552 1049 1605 κατηγοροίη,
1081 1546 1144 1591 ὅτι
1174 1552 1256 1591 τῶν
1291 1551 1334 1591 ἐν
1357 1551 1414 1607 τῷ
1440 1547 1612 1604 παρόντι
1628 1550 1759 1608 βίῳαο

243 1615 392 1664 οτινὸς
431 1617 561 1657 δέοιτο
591 1614 703 1669 παρὰ
725 1615 944 1667 βασιλέως.
984 1610 1077 1655 οὔτε
1104 1612 1184 1669 γάρ
1213 1613 1425 1670 πρότερον,
1459 1609 1552 1656 οὔτε
1578 1617 1705 1669 μέχρι

274 1682 352 1722 νῦν
378 1679 567 1722 τοιούτου
600 1677 711 1728 τινός
739 1678 854 1733 παρά
886 1695 997 1728 τινος
1026 1680 1195 1733 ἐδεήθη.
1223 1681 1295 1720 καί
1322 1680 1463 1729 αὐτοῖς
1489 1686 1704 1735 παραινεῖν

276 1744 372 1787 νυνὶ
395 1748 590 1798 γενναίως
618 1744 821 1786 ἵστασθαι
849 1744 949 1799 πρὸς
977 1747 1059 1786 τῶν
1092 1746 1238 1785 δεινῶν
1264 1742 1339 1793 τὰς
1359 1744 1596 1798 ἐπαγωγὰς,
1645 1743 1703 1794 ὥς

275 1810 328 1850 ου’
355 1813 483 1864 μέχρι
515 1812 671 1851 πολλοῦ
699 1825 809 1858 τινος
837 1812 1036 1863 ἐσομένας
1054 1841 1066 1864 ,
1105 1810 1194 1850 ἀλλ’
1225 1810 1346 1867 ὀλίγῳ
1373 1806 1542 1865 ὕστερον
1569 1812 1701 1864 λυθη-

274 1931 454 1964 richenses
479 1930 681 1975 nimiopere
706 1930 908 1974 perturbati
941 1940 980 1963 ac
1015 1931 1152 1971 territi,
1189 1929 1283 1964 nihil
1308 1931 1375 1962 iam
1406 1929 1476 1962 sibi
1504 1928 1627 1962 deesse
1651 1930 1699 1963 ad

274 1977 426 2010 exitium
467 1977 746 2009 arbitrabantur.
817 1976 862 2009 At
904 1978 1091 2020 episcopus
1133 1976 1231 2009 urbis
1262 1976 1367 2011 hosce
1398 1980 1514 2008 motus
1550 1980 1698 2021 tamque

273 2024 387 2056 atroci
413 2023 609 2056 calamitati
634 2034 671 2055 se
696 2021 948 2055 submittentes
972 2023 1108 2055 animos
1133 2023 1296 2061 intuens,
1332 2032 1533 2065 progressus
1557 2022 1596 2054 in
1621 2033 1698 2055 me-

273 2069 374 2100 dium
407 2069 570 2102 labantes
601 2068 707 2112 erigit
740 2073 776 2100 et
812 2068 1016 2101 confirmat:
1056 2078 1148 2114 quae
1179 2069 1238 2101 hic
1273 2067 1386 2107 fiunt,
1418 2068 1538 2099 omnia
1573 2067 1696 2101 divino

272 2119 363 2147 nutu
390 2115 467 2146 fieri
492 2119 529 2147 et
551 2113 758 2146 huiusmodi
783 2114 943 2146 miserias
968 2119 1076 2158 atque
1113 2114 1230 2146 clades
1257 2114 1371 2145 Deum
1397 2114 1626 2156 permittere,
1654 2121 1696 2148 ut

274 2171 396 2193 eorum
424 2171 507 2204 erga
530 2159 782 2203 imperatorem
808 2171 905 2192 amor
930 2160 1151 2199 illustretur,
1184 2159 1245 2203 qui
1270 2159 1478 2202 propediem
1503 2164 1695 2200 venturus,

271 2211 309 2238 et
332 2216 397 2250 pro
423 2218 466 2240 eo
492 2217 533 2237 ac
555 2210 755 2246 mereatur,
783 2217 1074 2250 unumquemque
1098 2210 1384 2238 remuneraturus
1409 2205 1465 2236 sit.
1491 2205 1572 2237 Non
1596 2205 1694 2238 enim

268 2251 493 2296 putandum,
520 2262 601 2283 cum
619 2252 694 2283 Deo
719 2251 869 2287 ῃοΙεῃῑθ,
884 2252 1076 2296 imperare:
1101 2252 1207 2283 immo
1223 2250 1385 2289 volente,
1411 2250 1508 2295 quod
1533 2250 1609 2295 ipse
1624 2262 1692 2284 uo·-

267 2299 315 2330 rit
338 2297 546 2330 certissimo.
571 2296 660 2329 Nam
686 2307 766 2329 cum
790 2297 970 2341 principio
1000 2297 1206 2332 dubitaret.
1232 2307 1315 2327 num
1345 2295 1464 2327 divina
1490 2297 1690 2338 voluntate,

268 2354 314 2375 an
334 2343 581 2388 indulgentiae
607 2343 726 2387 potius
751 2348 789 2375 et
811 2342 1000 2387 cupiditati
1025 2353 1108 2376 suae
1133 2352 1173 2374 ac
1199 2340 1345 2374 libidini
1372 2342 1582 2382 obsecutus,
1606 2352 1692 2388 pur-

270 2400 396 2432 puram
420 2389 689 2433 assumpsisset,
713 2389 948 2434 timeretque,
973 2398 1030 2428 ne,
1059 2390 1087 2421 si
1115 2387 1159 2419 ab
1186 2387 1258 2420 illis
1284 2393 1388 2427 esset,
1418 2398 1568 2432 quorum
1592 2389 1690 2432 eogi-

267 2435 422 2468 tationes
449 2436 525 2467 Deo
546 2434 745 2468 contrariae
770 2441 871 2474 sunt,
897 2446 965 2468 una
991 2445 1067 2466 cum
1093 2432 1165 2465 illis
1190 2433 1295 2465 etiam
1313 2434 1472 2478 periret,
1498 2433 1543 2465 ad
1567 2443 1688 2477 preces

269 2484 305 2511 et
328 2486 410 2514 vota
434 2480 641 2514 incubuisse
669 2480 905 2525 divinumque
929 2490 1060 2513 numen
1088 2478 1277 2522 fatigasse,
1313 2484 1353 2511 ut
1377 2489 1413 2512 se
1439 2478 1603 2520 doceret,
1628 2490 1690 2513 ee·

267 2525 354 2568 quid
379 2527 449 2559 sibi
477 2527 545 2559 ista
568 2526 814 2570 probarentur.
863 2526 954 2559 Tum
979 2525 1049 2558 sibi
1082 2535 1146 2568 per
1169 2525 1333 2568 spiritum
1362 2525 1575 2565 revelatum,
1608 2526 1691 2570 pla..

269 2581 347 2602 cere
377 2572 477 2610 Deo,
502 2571 786 2605 Cantacuzenum
812 2572 996 2616 imperare.>
1035 2570 1080 2603 Se
1105 2580 1186 2602 vero
1211 2571 1296 2603 citra
1314 2570 1587 2604 haesitationem
1609 2581 1686 2604 ere-

266 2615 420 2656 didisse,
454 2622 490 2649 et
527 2617 769 2660 Didymotichi
806 2627 970 2654 manere,
1010 2622 1052 2649 ut
1084 2622 1257 2659 quantum
1294 2617 1428 2660 possit,
1465 2626 1608 2660 operam
1643 2628 1685 2651 ac

267 2661 386 2694 studia
415 2673 477 2694 sua
501 2673 579 2694 curn
606 2663 725 2695 divina
745 2663 928 2695 voluntate
950 2662 1149 2705 coniungat.
1191 2661 1316 2706 Neque
1341 2663 1437 2695 enim
1462 2673 1480 2694 a
1502 2672 1684 2707 quoquam

266 2717 304 2739 se
328 2708 483 2739 accusari
512 2718 633 2750 posse,
671 2709 771 2753 quasi
796 2708 979 2753 quippiam
1005 2718 1119 2740 rerum
1146 2707 1378 2740 humanarum
1401 2708 1446 2740 ab
1469 2709 1682 2752 imperatore

266 2752 336 2785 sibi
362 2758 532 2796 quaerat:
572 2764 684 2798 usque
711 2766 805 2787 nunc
830 2755 923 2786 enim
948 2753 1041 2786 nihil
1069 2753 1141 2786 talc
1175 2753 1219 2784 ab
1254 2753 1327 2786 ullo
1364 2754 1586 2798 quaesivisse.
1635 2754 1681 2786 Et

265 2808 303 2831 se
327 2799 409 2831 illos
438 2797 594 2840 hortari,
633 2804 674 2832 ut
703 2799 771 2832 hoe
794 2804 953 2844 tempore
979 2799 1131 2833 viriliter
1171 2800 1273 2833 malis
1306 2798 1553 2843 praesentibus
1587 2800 1680 2834 resi-
