1820 3138
533 154 912 198 HISTORIARUM
952 157 1026 197 111.
1050 156 1122 202 68.
1422 138 1458 204 [ι
1473 157 1487 192 ι
1503 136 1534 191 5

109 261 248 301 πλεῖον
274 258 454 311 ἐγίνοντο
483 254 523 296 οἱ
548 254 662 308 λόγοι
694 256 766 295 καί
808 255 938 296 ἐδεῖτο
967 254 989 295 ὅ
1031 257 1228 307 Λουκᾶς,
1271 256 1536 311 ἐπηγγέλλετο
1548 263 1732 308 Astus&

109 321 422 377 ἀναχωρήσειν,
461 322 648 373 βασιλίδι
689 335 732 362 τε
769 318 900 373 χάριν
940 319 1098 375 πολλήν
1137 323 1455 375 κατατιθέμενος
1494 322 1579 362 &vc

108 386 243 444 τούτῳ
269 386 342 429 καὶ
364 387 506 443 αὐτῷ,
553 381 636 427 ὄντι
663 387 747 427 τῶν
774 386 1045 440 ἐπιτηδείων·
1074 381 1201 428 ἄλλου
1232 385 1312 442 γάρ
1343 384 1545 442 πρεσβεύ-

111 468 222 501 οντος
254 451 434 508 ἔφασκεν
461 452 538 492 οὐκ
568 446 622 492 ἂν
660 453 905 505 πεισθῆναι.
960 454 1034 493 καί
1058 452 1290 507 συνέβησαν
1317 454 1376 501 εἰς
1414 449 1546 494 Αἶνον

84 516 188 567 Suis*
214 516 396 573 τριήρεις
424 517 584 570 ἐλθεῖν,
617 512 686 565 αἷς
712 514 915 570 χρήσεται
941 515 1043 572 πρὸς
1068 516 1139 559 τὸν
1167 514 1393 569 ἀπόπλουν,
1422 514 1546 572 άγού-

111 599 189 634 σας
217 583 290 624 καί
329 581 381 623 τά
420 580 652 638 χρήματα,
694 581 723 622 ἃ
753 583 1042 635 ἐπηγγείλαντο
1075 578 1203 640 αὐτῷ.
1258 585 1432 632 Λουκᾶς
1467 585 1547 635 μὲν

110 643 188 689 οὖν
218 646 269 690 τὰ
309 649 482 702 μέγιστα
524 645 910 703 κατεργασάμενος,
955 647 1013 697 ὥς
1053 647 1213 699 ἐδόκει,
1253 651 1453 704 ἐπανῆκεν
1488 651 1548 699 εἷς

110 712 367 765 Βυζάντιον,
396 714 468 761 καιῖ
494 712 853 767 παρεσκευάζοντο
893 712 942 753 αἳ
969 729 1015 754 τε
1042 714 1135 768 νῆες
1162 716 1235 755 καί
1259 712 1308 755 τά
1335 712 1548 769 χρήματα.

113 777 271 832 ’Λμοὺρ
303 780 349 833 δὲ
374 776 479 831 μετά
511 779 864 832 Καντακουζηνοῦ
889 781 969 819 τοῦ
993 781 1200 831 βασιλέως
1226 780 1285 828 εἰς
1312 778 1386 834 τήν
1435 783 1565 835 Toou--

64 841 353 884 ιοῖανούπολιν
378 842 714 897 κατεσκαμμένην
742 837 873 884 οὖσαν
901 844 946 884 ἐκ
986 846 1148 884 πολλῶν
1175 845 1281 886 ἐτῶν
1318 859 1548 900 στρατοπε-

117 907 396 961 δευσάμενος,
441 906 519 958 τάς
559 910 605 950 ἐκ
642 910 880 959 Βυζαντίου
922 910 1138 963 περιέμενε
1171 909 1369 965 τριήρεις.
1423 913 1547 963 βασι-

116 973 214 1024 λεῦς
240 974 315 1024 δὲ,
357 971 480 1031 ὀλίγῳ
510 973 709 1029 πρότερον
736 975 819 1016 τῶν
861 975 1199 1030 Κουμουτζηνῶν
1225 975 1550 1031 προσχωρησάν-

112 1055 214 1092 των,
257 1042 485 1081 ΠΙατθαῖον
513 1037 675 1092 ἔπεμψε
705 1037 781 1080 τόν
812 1037 1092 1096 πρεσβύτερον
1117 1042 1199 1082 τῶν
1226 1038 1332 1082 υἱῶν
1362 1043 1551 1095 κατέχειν

116 1102 193 1158 τήν
231 1105 455 1159 πολίχνην·
495 1102 661 1146 ἐλθόντι
689 1105 736 1146 δὲ
778 1107 851 1146 καί
873 1101 981 1147 ἄλλα
1011 1100 1196 1161 φρούρια
1223 1105 1551 1161 προσεχώρησαν

65 1168 211 1224 15περί
243 1171 401 1224 ἐκείνην
438 1165 673 1227 ᾠκισμένα,
711 1167 824 1223 τό,τε
864 1167 1276 1226 προσαγορευόμενον
1308 1168 1595 1225 ’Λσιόματοςῡ

114 1233 186 1276 καί
222 1232 248 1288 ἦ
288 1233 566 1290 Παραδημώ,
613 1235 724 1288 τό,τε
765 1233 1081 1290 Κρανοβούνιον
1123 1238 1196 1277 καί
1230 1234 1485 1291 Στυλάριον,
1522 1235 1552 1278 ιῖ

113 1301 189 1342 καί
213 1301 395 1355 μεγάλην
424 1295 597 1355 ὕστερον
623 1298 727 1356 πρὸς
753 1299 821 1342 τὸν
848 1301 1028 1354 πόλεμον
1055 1298 1263 1357 ὠφέλειαν
1292 1300 1511 1356 εἰσήνεγκε.

227 1364 299 1419 ξη’.
368 1364 470 1406 Τότε
508 1367 554 1406 δὲ
597 1366 920 1420 νοσηλευομένου
949 1367 1026 1408 τοῦ
1053 1367 1170 1419 υἱοῦ,
1211 1365 1343 1409 ἐδόκει
1378 1369 1465 1409 δεῖν
1503 1370 1675 1413 s’vP.532

119 1426 203 1488 ὅσῳ
240 1431 532 1482 διαμέλλουσιν
571 1429 615 1471 αἱ
657 1429 841 1487 τριήρεις
883 1433 1188 1487 παραγίνεσθαι
1242 1431 1344 1487 πρὸς
1398 1434 1550 1475 ἐκεῖνον

63 1497 192 1543 ηοκαί
226 1497 300 1551 τῆς
333 1511 378 1536 τε
412 1493 535 1536 νόσου
575 1498 693 1537 ἕνεκα
734 1495 1065 1550 ἐπισκεψάμενον
1102 1498 1174 1538 καί
1200 1501 1296 1553 περὶ
1323 1492 1460 1539 ἄλλων
1488 1493 1583 1544 ὦνΒ

116 1561 249 1604 ἐδεῖτο
282 1558 567 1614 ὁμιλήσαντα,
609 1556 737 1609 αὖθις
767 1562 1059 1617 α’ναστρέφειν.
1111 1561 1346 1604 καταλιπών
1377 1559 1453 1604 οὖν
1477 1563 1552 1619 τήν

116 1623 319 1682 στρατιὰν
347 1627 417 1668 ἐπὶ
440 1627 516 1667 τοῦ
543 1627 839 1679 στρατοπέδου,
867 1625 1116 1681 πεντήκοντα
1142 1626 1295 1680 μόνους
1321 1627 1429 1681 ἔχων
1449 1628 1555 1671 Ῥω-

115 1691 254 1746 μαίων
280 1690 352 1733 καὶ
380 1690 455 1733 δύο
480 1694 563 1733 τῶν
590 1693 800 1746 Περσῶν,
829 1690 1020 1744 ἐβάδιζεν
1047 1694 1108 1741 εἰς
1135 1692 1442 1747 Κουμουτζηνά
1472 1693 1544 1735 διὰ
1563 1697 1675 1743 ν.46;

116 1757 162 1800 τὸ
200 1759 409 1812 μηδεμίαν
451 1759 495 1798 έν
534 1759 592 1814 τῷ
632 1756 788 1810 μεταξὺ
835 1758 1044 1810 πολεμίων
1096 1755 1340 1799 ὑποπτεύειν
1391 1757 1556 1814 ἔφοδον.

62 1825 210 1873 2Ξέπεί
234 1825 280 1865 δὲ
320 1824 529 1877 ἐπεγένετο
558 1819 582 1877 ἢ
612 1821 713 1877 νὺξ,
736 1822 961 1878 ηὐλίσαντο
988 1824 1063 1865 ἐπί
1082 1840 1161 1865 τινι
1195 1821 1312 1879 κώμῃ
1346 1823 1552 1883 αόικήτῳ,

209 1922 242 1956 8.
266 1919 331 1952 καὶ
352 1917 676 1964 παρεσκευάζοντο
708 1937 746 1943 -
775 1916 954 1964 χρήματα
978 1929 1047 1953 om.
1075 1918 1110 1952 P.
1203 1930 1237 1964 9.
1263 1915 1332 1961 τήν
1355 1930 1426 1952 om.
1450 1920 1487 1954 P.

121 2006 197 2039 rius
223 2015 289 2050 per
318 2003 589 2037 simulationem
616 2003 847 2047 tergiversari
871 2013 912 2035 ac
955 2012 1129 2037 recusare.
1186 2003 1330 2036 Deinde
1352 2003 1417 2036 ubi
1441 2003 1554 2036 Lucas

122 2062 246 2097 preces
285 2050 407 2096 longas
433 2050 599 2091 addidit,
633 2060 856 2083 recessurum
881 2059 958 2082 sese
982 2054 1019 2083 et
1043 2051 1081 2082 in
1104 2048 1174 2082 hoe
1200 2050 1420 2094 imperatrici
1445 2054 1554 2096 atque

121 2097 215 2132 adeo
250 2097 318 2141 ipsi
360 2097 528 2130 familiari
564 2106 630 2130 suo
666 2096 947 2141 gratificaturum
986 2097 1172 2140 promisit;
1210 2095 1256 2128 ab
1295 2097 1368 2129 alio
1393 2097 1489 2130 enim
1517 2107 1555 2129 se

122 2144 196 2178 huc
226 2143 356 2177 adduci
389 2144 536 2176 minime
569 2144 744 2188 potuisse.
804 2143 848 2175 Et
881 2143 1051 2175 convenit
1085 2143 1180 2175 inter
1203 2153 1286 2183 e08,
1326 2148 1366 2175 ut
1391 2143 1554 2176 triremes

121 2202 204 2225 cum
229 2189 402 2234 promissa
425 2191 579 2235 pecunia
605 2190 743 2223 Aenum
770 2188 1011 2221 mitterentur.
1046 2189 1157 2222 Lucas
1182 2189 1319 2235 itaque,
1331 2200 1367 2222 re
1392 2190 1555 2222 omnium

118 2237 294 2281 opinione
330 2238 474 2270 maximi
498 2238 670 2271 momenti
696 2240 887 2275 transacta,
903 2236 1115 2279 Byzantium
1141 2235 1274 2276 rediit,
1296 2236 1359 2268 ubi
1384 2246 1491 2268 naves
1517 2240 1557 2268 et

118 2283 275 2329 pecunia
308 2282 622 2329 comparabantur.
685 2283 851 2316 Amurius
886 2292 966 2315 cum
994 2281 1239 2315 Cantacuzeno
1264 2281 1309 2314 ad
1332 2282 1557 2328 Traianopo-

119 2331 186 2365 lim
211 2329 423 2373 iampridem
448 2329 604 2363 dirutam
631 2333 911 2368 castrametatus,
935 2328 1147 2372 Byzantinas
1172 2328 1334 2362 triremes
1368 2334 1556 2374 exspecta-

118 2377 193 2416 bat.
249 2377 444 2420 Imperator
468 2375 513 2408 ad
541 2375 760 2410 Cumutzena
789 2374 1016 2418 oppidulum,
1041 2374 1139 2419 quod
1160 2375 1364 2419 nuperrime
1387 2385 1424 2407 se
1449 2374 1556 2409 dedi-

118 2423 246 2462 derat,
271 2422 310 2456 in
335 2422 441 2455 fidem
467 2422 729 2468 accipiendum,
751 2420 978 2455 matthaeum
1003 2420 1118 2453 filium
1138 2422 1316 2455 seniorem
1345 2421 1470 2462 mittit,
1493 2422 1555 2454 cui

120 2469 304 2515 praesenti
335 2469 405 2502 alia
439 2470 526 2502 item
563 2469 715 2503 finitima
735 2467 908 2512 oppidula
932 2478 968 2501 se
999 2466 1227 2507 dediderunt,
1251 2478 1380 2510 nempe
1402 2468 1555 2501 Asoma-

84 2555 85 2558 Ἴ
120 2522 181 2553 tus
196 2541 205 2556 ,
231 2515 446 2556 Parademo,
469 2514 755 2555 Cnnobunium,
775 2515 984 2558 Stylarium,
1018 2524 1133 2559 eaque
1159 2525 1232 2548 non
1255 2513 1434 2549 mediocre
1453 2519 1554 2560 post-

122 2573 167 2599 ea
191 2562 289 2596 bello
318 2562 566 2595 adiumentum
591 2562 801 2596 attulerunt.

216 2611 272 2642 68.
324 2608 455 2641 Filium
491 2614 734 2652 aegrotantem
773 2606 953 2639 sententia
989 2605 1061 2637 fnit
1097 2605 1235 2638 interea
1266 2605 1351 2638 dum
1385 2617 1492 2639 naves
1519 2607 1558 2639 in

125 2655 396 2699 exspectatione
434 2659 543 2694 sunt,
569 2655 685 2687 visere
733 2654 940 2698 habitisque
975 2662 1055 2683 cum
1081 2661 1123 2684 eo
1148 2652 1371 2686 sermonibus
1398 2664 1559 2686 necessa-

126 2702 190 2735 riis
217 2702 356 2734 reverti.
408 2701 544 2735 Relicto
570 2702 679 2744 igitur
705 2701 742 2732 in
768 2701 893 2733 castris
919 2699 1077 2731 exercitu
1099 2723 1108 2738 ,
1149 2709 1228 2731 cum
1259 2699 1344 2734 solis
1378 2700 1558 2746 quinqua·

126 2748 225 2794 ginta
258 2749 425 2783 Romanis
470 2751 508 2781 et
546 2746 688 2781 duobus
712 2747 826 2780 Persis
851 2746 1073 2779 Cumutzena
1097 2754 1218 2779 versus
1241 2745 1351 2787 abiit,
1377 2747 1475 2792 quod
1498 2747 1556 2778 ni-
