1800 3138
521 172 899 217 nis'romARUM
940 177 1012 216 111.
1039 180 1109 222 ao.
1427 157 1533 231 247

104 277 177 316 καί
201 277 284 316 τῶν
310 276 488 329 εὔγενῶν
515 273 588 316 καὶ
613 273 796 326 μάλιστα
827 268 960 315 εὔνων
988 273 1219 317 δοκούντων
1246 277 1417 328 βασιλεῖ’
1435 279 1628 319 πολ-Δ.Ο.
1645 283 1728 330 1342

104 338 190 392 λοί,
220 334 280 388 οἷς
316 341 387 381 καὶ
418 340 640 391 Ἀπελμενὲ
658 338 953 393 συνεξητάζετο
982 339 1111 381 πολλὰ
1138 342 1208 395 τῆς
1233 341 1439 395 βασιλέως
1465 335 1538 381 εὖ-

101 407 267 456 μενειάς
305 403 597 453 ἀπολελαυκώς
633 405 706 445 καί
730 406 775 446 ἐκ
801 406 957 459 μικροῦ
981 406 1053 446 καί
1087 407 1161 446 τοῦ
1197 405 1396 459 τυχόντος
1430 409 1536 459 λαμ-

101 468 206 524 πρὸς
229 470 272 517 ἐς
297 468 347 511 τοὶ
375 467 555 521 μάλιστα
585 471 848 523 γεγενημένος
880 468 953 510 καί
966 468 1208 526 περιφανής.
1265 469 1326 512 ἔτι
1344 468 1422 526 γὰρ
1441 486 1536 524 μει-

78 533 245 589 5ράκιον
285 535 438 575 ἐκεῖνον
477 529 573 576 ὅντα
613 533 722 586 όρῶν
750 533 771 576 ό
800 534 998 586 βασιλεῦς
1028 536 1192 591 φύσεως
1219 534 1322 591 πρὸς
1347 534 1397 578 τά
1427 533 1535 578 καλοὶ

98 601 332 653 ἐπιτηδείου
361 598 615 654 τετυχηκότα
641 601 715 641 καί
744 599 994 652 δυνάμενον,
1022 601 1062 641 εἰ
1092 595 1265 656 ἄσκησιν
1286 601 1531 656 προσλάβοι,

99 658 279 718 ἄριστον,
295 664 494 718 παρέχειν
514 664 618 719 πρὸς
644 662 695 706 τὰ
715 664 1040 719 ἐπιτηδευόμενα
1059 661 1225 719 ἑαυτόν,
1253 666 1533 722 ἐφιλονείκησε

99 727 204 783 πρὸς
234 730 372 770 πᾶσαν
401 725 576 783 ἄριστον
601 731 797 771 παιδείαν
817 730 1077 785 ἀποφαίνειν,
1105 733 1179 772 καί
1197 729 1302 786 πρός
1319 746 1363 772 τε
1385 728 1533 786 λόγους

97 791 171 834 καὶ
196 791 296 847 πρὸς
324 791 401 842 τὰς
427 796 643 848 στρατείας
680 792 865 847 μάλιστα
902 794 1111 851 ἐξήσκησε.
1178 797 1458 851 παρεχόμενος
1485 798 1532 839 δὲ

50 857 170 903 ιοκαὶ
193 856 268 912 την
293 862 393 913 παρ’
423 858 557 900 αὐτοῦ
585 858 732 914 ῥοπὴν,
761 855 812 900 οὗ
837 859 1031 902 πλούσιον
1056 858 1194 914 μόνον,
1222 862 1328 903 ἀλλὰ
1358 863 1432 903 καί
1447 865 1531 904 τῶν

96 921 234 966 ἄλλων
271 923 437 965 οἰκετῶν
474 923 729 979 ὑπερέχοντα
767 925 1009 981 α’πέφαινεν.
1066 923 1087 966 ὅ
1133 928 1172 968 δ’
1204 928 1248 969 ἐν
1275 933 1362 976 τοῖς
1390 923 1569 977 &nomn

94 990 172 1040 μὲν
199 985 355 1030 ἅπασιν
382 985 554 1044 ἄριστον
580 997 779 1044 παρεῖχεν
806 987 959 1033 ἑαυτὸν
986 990 1059 1032 καί
1081 994 1153 1046 τῆς
1180 995 1387 1046 βασιλέως
1414 987 1529 1044 ἄξιον

96 1054 359 1109 φιλοτιμίας·
414 1051 557 1112 κόμπῳ
586 1057 632 1096 δὲ
662 1053 927 1111 φρονήματος
954 1056 1149 1099 ου’δέποτε
1175 1060 1250 1112 τῆς
1278 1055 1397 1108 α’ξίας
1425 1058 1528 1099 ἀπο-

94 1118 239 1160 λαύειν
277 1114 401 1176 ᾤετο,
444 1120 531 1162 ἀλλ’
574 1117 682 1163 ὅσων
718 1118 770 1163 ἂν
796 1119 936 1175 τύχοι,
964 1124 1045 1164 τῶν
1071 1117 1360 1178 προσηκόντων
1387 1122 1527 1177 ἐνόμι-

46 1186 162 1236 ιόζεν
188 1182 372 1226 ἐλάσσω·
441 1182 541 1229 ὅθεν
569 1189 642 1229 καὶ
667 1187 891 1243 ἀχάριστος
918 1188 1126 1229 ἐδείκνυτο
1153 1187 1258 1244 πρὸς
1281 1189 1353 1230 τόν
1381 1185 1528 1231 δεσπό-

91 1266 164 1305 την
192 1248 384 1304 μεγάλων
412 1248 614 1302 ἀξιοῦντα.
668 1254 763 1295 ἐπεί
788 1254 834 1295 δὲ
866 1254 939 1295 καί
965 1255 1009 1304 ἐξ
1035 1251 1202 1295 ἰδιώτου
1230 1253 1332 1307 πρὸς
1351 1256 1528 1307 βασιλέα

90 1314 366 1369 μεταβάλλοι,
404 1315 539 1359 πάντα
577 1313 683 1360 εἶναι
721 1319 821 1373 παρ’
855 1315 968 1376 adusi
1007 1317 1154 1374 ἠξίου,
1182 1318 1255 1359 καί
1284 1314 1430 1373 ἄρχειν
1455 1320 1530 1374 τῆς

95 1381 299 1435 στρατιᾶς
332 1380 406 1422 καί
438 1384 565 1425 πᾶσιν
602 1382 832 1425 ἐπιτάττειν
874 1383 947 1425 καί
977 1385 1140 1437 μείζοσι
1183 1384 1258 1426 καί
1299 1386 1531 1433 ἐλάττοσιν,

93 1440 152 1487 ὧν
179 1444 237 1500 μη
267 1447 507 1500 τυγχάνων,
550 1449 846 1503 ἐδυσχέραινεν
873 1450 949 1490 οὐκ
978 1451 1171 1498 α’νεκτῶς.
1224 1449 1422 1503 βασιλεὺς
1446 1448 1527 1504 γὰρ

38 1516 176 1558 ροτοῖς
213 1510 396 1563 μάλιστα
437 1512 691 1567 προσήκουσι
717 1516 816 1554 καθ’
845 1511 950 1567 αἷμα
978 1513 1050 1555 καί
1073 1516 1156 1558 τῶν
1184 1510 1320 1558 ἄλλων
1343 1522 1431 1563 τοῖς
1458 1516 1526 1555 εὖ·
1539 1522 1579 1555 V.
1596 1525 1662 1568 39⁰

90 1577 346 1630 γενεστέροις
379 1575 455 1626 τοὶς
491 1577 684 1625 τοιαύτας
711 1573 811 1634 ᾤετο
840 1578 975 1633 ἀρχὰς
998 1579 1226 1633 προσήκειν.
1280 1577 1374 1620 τότε
1405 1581 1451 1621 δὲ
1479 1580 1515 1620 ἐι
1534 1584 1571 1619 Ρ.
1585 1585 1651 1630 484

90 1643 132 1683 Γ
130 1638 438 1698 υναικοκάστρῳ
474 1643 548 1696 τῆς
587 1642 844 1692 ἄποστασιάς
881 1645 964 1684 τῶν
1002 1639 1138 1685 ἄλλων
1173 1647 1387 1699 γινομένης
1398 1678 1411 1697 ,
1454 1645 1526 1685 καὶ

91 1705 217 1757 αὐτὸς
243 1708 321 1759 μὲν
348 1708 555 1760 ἐσκέψατο
581 1709 752 1756 ἐκείνοις
788 1709 848 1757 εἰς
873 1707 1106 1760 Βυζάντιον
1134 1713 1435 1762 συναπελθεῐν,
1466 1709 1523 1758 ὥς

90 1772 248 1813 ἐκεῖθεν
276 1765 334 1813 ὧν
363 1767 414 1826 ἧν
444 1769 555 1822 ἄξιος
588 1773 840 1827 τευξόμενος.
898 1772 1189 1828 αἰσχυνόμενος
1217 1776 1263 1816 δὲ
1287 1773 1359 1816 ἐπὶ
1377 1774 1525 1816 τοσού-

91 1927 183 1960 sium
208 1926 427 1969 complui-<3⁸3
453 1937 519 1959 nec
538 1925 671 1960 milites
696 1930 855 1966 tantum,
881 1926 944 1960 sed
969 1926 1112 1962 nobiles
1135 1938 1297 1973 quoque,
1323 1928 1385 1974 qui
1410 1930 1526 1974 impe-

90 1975 218 2007 tatoris
245 1972 496 2006 studiosissimi
526 1973 761 2014 videbantur,
799 1972 930 2018 quibus
955 1978 992 2006 et
1013 1974 1248 2018 Apelmencs,
1280 1975 1351 2019 ipsi
1384 1977 1523 2020 egregie

91 2030 191 2053 carus
222 2024 258 2052 et
301 2020 345 2051 ab
381 2031 423 2052 co
450 2031 493 2052 ex
517 2019 647 2053 humili
681 2031 720 2052 ac
742 2020 877 2064 vulgari
914 2024 1009 2053 statu
1043 2020 1088 2053 ad
1118 2031 1291 2052 summam
1329 2022 1527 2064 claritatem

92 2064 442 2111 amplitudinemque
468 2070 627 2106 evectus,
652 2066 965 2099 annumerabatur.
1006 2066 1147 2100 Etenim
1172 2066 1289 2100 adhuc
1313 2067 1526 2101 adolescen-

91 2113 208 2145 tulum
234 2112 518 2146 animadvertens
548 2117 675 2144 natura
701 2111 745 2144 ad
770 2122 824 2145 res
849 2113 1046 2156 praeclaras
1072 2113 1242 2146 idoneum
1277 2117 1313 2145 et
1338 2114 1398 2158 qui
1424 2125 1527 2147 exer-

93 2159 264 2192 citatione
298 2157 466 2191 adiuncta
501 2159 540 2191 in
577 2158 620 2191 iis
658 2163 778 2203 posset
808 2159 1005 2199 excellere,
1052 2159 1184 2203 quibus
1219 2170 1360 2203 operam
1398 2160 1524 2202 daret,

94 2216 174 2238 eum
198 2205 236 2237 in
262 2204 359 2237 omni
384 2204 575 2249 disciplina
599 2206 796 2249 perfectum
818 2204 968 2238 reddere
993 2205 1202 2246 contendit,
1228 2212 1263 2239 et
1287 2206 1331 2238 ad
1351 2206 1525 2250 eloquen-

91 2252 178 2284 tiam
203 2256 385 2294 artemque
416 2251 609 2284 militarem
645 2252 683 2284 in
708 2252 833 2296 primis
859 2252 1035 2284 excoluit:
1075 2252 1194 2286 favore
1229 2252 1313 2284 item
1343 2257 1379 2284 ct
1411 2252 1523 2298 gratia

92 2308 156 2330 sua
178 2308 251 2329 non
276 2301 414 2329 tantum
440 2297 607 2335 divitem.
633 2297 695 2331 sed
720 2298 815 2330 inter
838 2299 1022 2331 minIstros
1048 2299 1155 2331 etiam
1179 2298 1409 2343 praecipuum
1435 2302 1522 2332 effe-

93 2345 154 2380 cit,
199 2343 244 2375 Et
270 2343 299 2374 is
325 2342 470 2387 quidem
494 2345 532 2377 in
555 2344 636 2376 aliis
664 2344 830 2376 omnibus
859 2345 1028 2377 eximium
1054 2346 1162 2389 plane
1187 2343 1380 2388 studioque
1405 2345 1522 2389 impe—

93 2389 219 2423 ratoris
244 2389 390 2432 dignum
416 2399 452 2422 se
478 2390 701 2434 praestabat3
725 2401 810 2434 prae
834 2390 929 2424 fastu
955 2396 1074 2423 tamen
1099 2401 1282 2435 nunquam
1307 2402 1345 2423 se
1371 2402 1434 2435 pro
1462 2391 1520 2425 di-

92 2437 227 2480 gnitate
252 2436 395 2468 tractari
419 2435 589 2478 putabat,
616 2436 679 2469 sed
705 2447 798 2481 quae
822 2442 1125 2482 consequeretur,
1165 2436 1302 2469 meritis
1324 2437 1395 2470 suis
1427 2437 1521 2471 infe-

91 2483 186 2515 riora
210 2481 373 2514 ducebat.
421 2481 538 2526 Atque
573 2482 624 2515 ita
658 2482 697 2514 in
720 2488 792 2516 tam
817 2484 1024 2517 munificum
1054 2494 1094 2515 ac
1124 2483 1311 2515 liberalem
1337 2483 1519 2517 dominum

91 2529 247 2572 ingratus
271 2527 448 2572 apparuit.
478 2527 551 2572 Qui
575 2533 616 2560 ut
639 2539 683 2561 ex
707 2529 845 2572 privato
870 2531 909 2563 in
933 2529 1104 2562 familiam
1122 2529 1346 2572 imperatoris
1364 2530 1519 2564 adscitus

92 2579 168 2614 est,
193 2574 314 2607 omnia
339 2584 447 2618 penes
473 2584 510 2607 se
534 2584 609 2607 esse
635 2576 850 2619 postulavit,
884 2581 921 2610 et
947 2577 1118 2619 imperare
1145 2576 1317 2608 exercitui
1342 2581 1378 2608 et
1401 2576 1521 2610 domi-

91 2621 169 2654 nari
194 2620 391 2653 maioribus
424 2620 522 2653 iuxta
546 2631 587 2652 ac
621 2620 834 2657 minoribus.
884 2621 1043 2665 Quarum
1075 2632 1192 2654 rerum
1225 2632 1302 2654 cum
1335 2622 1391 2654 illi
1417 2624 1520 2667 copia

92 2678 165 2704 non
190 2667 309 2707 fieret,
350 2667 553 2699 mirandum
578 2667 616 2699 in
641 2668 785 2700 modum
823 2666 1085 2711 indignabatur.
1135 2668 1333 2712 lmperator
1366 2680 1521 2714 namque

92 2713 131 2745 in
156 2714 326 2756 sanguine
354 2713 664 2746 coniunctissimos
694 2718 730 2746 et
757 2714 847 2746 alios
873 2713 1069 2746 nobiliores
1095 2713 1341 2747 huiuscemodi
1367 2715 1523 2748 honores

95 2758 267 2803 quadrare
295 2757 534 2794 existimabat.
596 2760 690 2794 Tum
718 2770 803 2794 vero
851 2760 932 2793 aliis
968 2759 1064 2806 apud
1089 2761 1416 2806 Gynaecocastruin
1436 2761 1524 2796 defi-
