1820 3152
544 203 922 245 fflsTomAmm
962 206 1036 245 m.
1076 205 1149 255 89.
1446 185 1560 261 549

113 306 164 348 δέ
189 319 233 347 τι
266 303 521 359 τρέπεσθαι,
556 298 636 346 κᾶν
663 305 777 347 πάνυ
806 307 891 347 τῶν
922 304 1146 359 βελτίστων
1174 300 1214 364 ᾗ.
1270 306 1324 348 οὔ
1350 305 1432 362 γάρ
1465 309 1763 365 nequ-enus

113 373 218 426 μιᾶς
253 368 430 412 καὶδύο
467 370 630 412 πόλεων
656 371 735 426 τὴν
768 370 978 427 διαφοράν
1006 368 1120 430 αὖτῷ
1150 371 1256 428 πρὸς
1285 372 1383 423 τούς
1413 370 1569 424 ἄλλους

112 434 357 489 Ῥωμαίους
385 430 519 488 εἶναι,
553 433 659 494 α’λλὰ
700 439 817 492 κοινῇ
851 436 950 492 περὶ
982 438 1209 493 συμπάσης
1235 440 1310 494 τῆς
1337 438 1487 494 ἀρχῆς,
1517 433 1568 494 ἧς

116 501 302 557 ὦσπερεί
319 499 545 558 κεφάλαιόν
574 502 662 543 ἐστι
690 501 926 553 Βυζάντιον
944 516 954 526 ·
1014 499 1092 545 κᾶν
1117 502 1177 559 μὴ
1210 505 1370 546 ἐκείνου
1397 507 1567 560 περιγέ-

90 573 262 624 ὄνηται,
306 567 502 608 οὐδέποτε
537 565 720 620 βεβαίως
746 566 823 622 τὴν
852 568 1077 623 ἡγεμονίαν
1107 571 1226 619 ἕξειν.
1287 571 1427 624 Φεραί
1453 572 1500 612 δὲ
1527 570 1568 612 εἰ

116 636 192 676 νῦν
220 622 573 688 προσχωρήσουσι
610 636 844 689 Τριβαλοϊς,
875 630 927 676 οὗ
955 637 1104 693 μακρῷ
1133 633 1311 690 ὕστερον
1341 634 1569 692 dmum-&rj-

111 715 262 741 σονται
301 698 447 747 αὐτοῖς
491 697 895 753 ἐπιστρατεύσαντος
922 699 996 742 καί
1022 697 1177 750 αὖτοὺς
1208 701 1467 756 ἐπαγομένου
1495 702 1571 743 καί

117 762 296 814 δούλους
314 763 389 806 καί
414 763 680 818 συμμάχους.
711 765 751 807 οἱ
769 767 847 819 μὲν
868 761 945 808 οὖν
959 769 1146 822 Περσῶν
1163 762 1364 822 ἄρχοντες
1391 767 1567 810 τοιαῦτά

117 846 160 873 τε
191 831 381 872 ἀπεῖπον
408 830 482 872 καί
510 832 672 873 ἐδέοντο
698 835 907 884 βασιλέως
934 835 1059 889 σφίσι
1088 834 1333 875 πειθεσθαι·
1401 829 1491 886 ἅμα
1520 835 1568 876 δὲ

54 899 190 955 senat*
216 894 382 953 ὥρμητο
414 896 442 951 ἧ
469 895 650 951 στρατιὰ
678 893 988 952 ἀναζευγνύειν.
1026 898 1226 952 βασιλεὺς
1252 900 1300 941 δὲ
1327 898 1421 941 ἐπεὶ
1447 895 1562 956 ἑώρα
1574 904 1689 941 Ρ.66ι

115 960 311 1017 πράττειν
337 959 490 1018 ἑτέρως
518 959 738 1013 ιῖδυνάτως
765 962 904 1017 ἔχων,
936 962 1139 1020 ἐπέτρεπε
1166 965 1243 1020 τήν
1268 967 1312 1015 ἐς
1328 964 1565 1017 Βυζάντιον

114 1027 333 1075 ἐπάνοδον.
386 1027 480 1070 ε’πεί
510 1029 556 1070 δὲ
584 1023 706 1083 ἧκον,
734 1030 836 1079 τούς
862 1045 908 1071 τε
940 1028 1157 1083 δεσμώτας
1184 1026 1309 1086 εὗρον
1330 1033 1566 1086 ἀποτεθνη-

114 1093 240 1144 κότας
292 1095 366 1136 καί
399 1093 451 1136 τοὶ
497 1089 605 1136 ἄλλα
651 1093 875 1149 πράγματα
922 1096 968 1137 ἐν
1002 1096 1174 1155 ἡσυχίᾳ.
1228 1096 1332 1150 μετά
1381 1096 1463 1152 γάρ
1493 1095 1569 1152 τὴν
1581 1105 1707 1142 V.528

114 1162 299 1215 μεγάλου
329 1159 479 1209 δουκὸς
506 1161 728 1215 τελευτὴν,
760 1160 833 1203 ἐπὶ
858 1161 936 1203 δύο
960 1164 1034 1203 καί
1062 1162 1198 1218 τρισὶν
1226 1162 1407 1218 ἡμέραις
1432 1179 1566 1218 ταρα-

68 1227 195 1282 ιόχῆς
241 1227 315 1269 καί
351 1224 594 1280 συγχύσεως
620 1228 914 1282 γεγενημένης,
960 1225 1106 1270 ἔπειτα
1135 1229 1309 1284 ἠρέμει,
1352 1229 1563 1271 Ἰσαακιόυ

115 1295 194 1334 τοῦ
231 1291 630 1347 πανυπερσεβάστου
670 1292 748 1348 τήν
789 1291 928 1348 άρχὴν
966 1295 1049 1337 τῶν
1089 1290 1198 1338 ὅλων
1235 1296 1563 1348 διαδεξαμένου,

115 1355 397 1414 συνάρχοντος
440 1355 554 1416 αὐτῷ
594 1359 668 1400 καί
695 1356 915 1422 Κιννάμου
943 1361 1022 1400 τοῦ
1050 1361 1261 1412 μυστικοῦ
1271 1394 1283 1412 ,
1326 1359 1400 1402 καί
1431 1358 1564 1402 πάντα

117 1421 325 1479 ἔπραττον
360 1422 505 1476 αὐτοὶ,
542 1422 617 1465 καὶ
642 1422 906 1479 πατριάρχου
947 1422 1088 1480 ὥσπερ
1125 1422 1327 1481 πρότερον
1357 1427 1566 1478 συμμετέ-

114 1504 264 1543 χοντος
290 1490 364 1543 τῆς
410 1486 662 1543 διοικήσεως.
716 1487 901 1542 μετὼδὲ
927 1489 1003 1543 τὴν
1030 1488 1215 1543 μεγάλου
1243 1489 1439 1546 τελευτὴν
1469 1492 1545 1532 δου

65 1553 213 1606 ποκὸς,
243 1553 269 1608 ἧ
299 1553 403 1608 γυνὴ
443 1552 514 1596 τὸν
555 1555 736 1595 πλοῦτον
760 1552 910 1595 ’πάντα
947 1553 1108 1608 ἔχουσα
1150 1550 1251 1597 ὄντα
1293 1556 1370 1596 οιῖκ
1409 1553 1564 1610 ὀλίγον,

117 1621 358 1668 συνειδυίας
385 1618 458 1661 καί
482 1621 554 1674 τῆς
580 1618 795 1672 βασιλίδος
833 1622 906 1661 καί
945 1621 1079 1674 μηδὲν
1102 1622 1201 1674 περί
1226 1622 1310 1662 τῶν
1324 1619 1596 1677 χρημάτωνΒ

117 1683 397 1740 ἐνοχλούσης,
431 1683 695 1740 ἀνεχώρησεν
723 1686 782 1733 εἰς
806 1683 1044 1738 Ἐπιβάτας.
1101 1688 1264 1739 ἐλέγετο
1306 1688 1353 1728 δὲ
1380 1685 1462 1741 πρὸ
1492 1690 1566 1742 τῆς

104 1753 313 1805 ,τελευτῆς
338 1749 514 1805 μικρὸν,
543 1748 678 1792 πάντα
709 1748 789 1792 ὅσα
818 1748 927 1805 εἶχεν
967 1750 1256 1806 ὁπουδήποτε,
1299 1753 1359 1801 εἷς
1397 1753 1566 1804 Βυζάν-

118 1833 206 1860 τιον
236 1818 407 1872 α’γαγεῖν
426 1833 435 1841 ·
464 1815 616 1865 σκοπὸς
646 1818 692 1859 δὲ
729 1812 782 1871 ἧν
822 1814 962 1874 αὐτῷ,
991 1817 1050 1866 ὥς
1074 1819 1263 1871 βασιλίδι
1292 1818 1364 1861 τὸν
1389 1819 1565 1861 πλοῦτον

211 1931 246 1964 9.
270 1927 308 1953 τε
334 1917 417 1952 add.
445 1918 492 1951 M.
589 1930 644 1953 αι.
668 1918 764 1966 μηδὲ
790 1919 825 1953 Ρ.

120 2011 285 2060 quamvis
310 2012 512 2057 optimum,
536 2012 708 2045 converti.
755 2012 839 2045 Non
863 2012 959 2046 enim
984 2012 1040 2046 illi
1067 2023 1144 2046 cum
1171 2014 1300 2047 ceteris
1325 2014 1493 2047 Romanis
1520 2014 1565 2048 de

121 2071 194 2093 una
228 2064 291 2093 aut
323 2058 464 2091 duabus
500 2057 672 2099 urbibus,
712 2058 777 2091 sed
814 2058 859 2091 de
892 2063 970 2092 toto
1004 2059 1111 2092 simul
1143 2060 1298 2105 imperio
1333 2061 1436 2094 litem
1465 2072 1563 2095 esse:

121 2106 223 2140 cuius
263 2106 363 2139 velut
408 2111 517 2150 caput
556 2110 594 2139 et
625 2116 763 2138 summa
801 2105 1032 2149 Byzantium:
1087 2116 1192 2152 quam
1227 2107 1300 2140 nisi
1346 2108 1564 2148 subiecerit,

119 2163 308 2199 nunquam
352 2146 517 2186 stabilem
562 2153 805 2198 principatum
836 2152 1057 2186 habiturum.
1127 2153 1278 2194 Pheras,
1319 2154 1348 2187 si
1384 2165 1481 2187 nunc
1518 2155 1565 2191 ad

120 2198 309 2233 Tribunos
341 2198 560 2239 defecerint,
598 2210 672 2232 non
699 2199 814 2232 multo
842 2205 944 2243 post,
970 2200 1034 2232 nbi
1060 2200 1148 2232 illuc
1180 2201 1335 2234 moverit
1370 2206 1406 2234 et
1435 2213 1472 2235 sc
1497 2212 1564 2246 pro

121 2247 229 2281 sociis
256 2257 298 2279 ac
322 2247 434 2279 servis
458 2256 579 2280 secum
609 2246 775 2286 duxerit,
799 2247 1001 2291 recuperari
1025 2257 1143 2291 posse.
1199 2247 1257 2279 Sic
1285 2247 1468 2281 Persarum
1498 2247 1565 2281 du-

120 2299 237 2327 ctores
272 2291 500 2326 adversantes
540 2294 793 2339 imperatorem
826 2294 1012 2337 rogabant,
1039 2299 1078 2326 ut
1101 2293 1172 2326 sibi
1198 2293 1488 2329 obsecundaret:
1514 2297 1565 2329 si-

118 2340 268 2385 mulque
293 2340 472 2373 exercitus
498 2350 541 2371 eo
567 2339 684 2375 redire
711 2340 898 2385 gestiebat.
947 2341 1146 2386 Imperator
1170 2346 1212 2373 ut
1237 2340 1331 2374 vidit
1355 2342 1462 2374 aliter
1485 2342 1564 2375 fieri

119 2387 299 2431 nequire,
338 2397 462 2418 manus
497 2385 611 2420 dedit.
660 2387 712 2419 Eo
739 2392 779 2419 ut
802 2393 1005 2426 venerunt,
1040 2387 1203 2430 captivos
1227 2387 1311 2420 illos
1350 2388 1485 2422 occisos
1527 2395 1566 2422 et

150 2434 288 2467 uietum
314 2432 471 2466 civitatis
500 2438 632 2467 statum
658 2434 884 2467 invenerunt.
934 2433 1024 2466 Nam
1052 2444 1131 2465 cum
1156 2440 1239 2478 post
1264 2438 1416 2468 mortem
1442 2436 1562 2479 magui

121 2445 223 2513 ducis
262 2479 308 2512 ad
338 2478 490 2512 biduum
525 2479 734 2514 triduumve
769 2481 1030 2514 tumultuatum
1064 2481 1214 2521 suisset,
1253 2482 1390 2514 lsaaeio
1422 2482 1564 2526 panhy-

120 2526 347 2573 persebasto‚
361 2525 498 2569 collega
524 2527 703 2560 cinnamo
730 2528 893 2569 mystico,
909 2538 1080 2560 summam
1107 2532 1316 2571 capessente
1346 2539 1419 2562 rem
1439 2528 1565 2572 publi-

122 2584 213 2614 cam,
239 2572 484 2617 tranqnillitas
519 2579 709 2607 consecuta
747 2578 810 2606 est.
871 2575 987 2619 Atque
1019 2573 1082 2612 hi,
1112 2574 1334 2619 patriarcha,
1374 2581 1414 2608 ut
1450 2577 1564 2619 prius,

124 2620 247 2659 socio,
283 2619 589 2654 administrabant
624 2621 756 2654 omnia.
821 2620 902 2653 Post
941 2621 1083 2653 obitum
1123 2622 1265 2661 mariti,
1303 2623 1422 2666 magni
1460 2622 1562 2654 ducis

82 2679 84 2682 ’
124 2678 215 2700 uxor
239 2677 317 2698 cum
347 2667 580 2709 pecuniarum
608 2668 642 2699 vi
668 2666 885 2706 immodica,
912 2667 1056 2700 conscia
1095 2669 1202 2700 etiam
1244 2668 1471 2713 imperatrice
1497 2680 1564 2701 nec

124 2725 201 2747 eam
226 2712 424 2758 quidquam
474 2724 593 2746 earum
635 2715 748 2758 gratia
785 2712 1024 2754 obumbrante,
1052 2713 1225 2760 Epibatas
1250 2716 1406 2751 secessit,
1456 2714 1563 2746 Dice-

122 2760 232 2793 batur
265 2765 385 2792 autem
423 2759 656 2803 Apocauchus
690 2760 798 2804 paulo
837 2766 921 2793 ante
947 2771 1097 2801 necem,
1131 2761 1312 2807 quidquid
1342 2762 1562 2805 ubicumque

123 2805 277 2843 haberet
301 2807 558 2852 pecuniarum,
583 2807 793 2853 Byzantium
822 2808 1017 2844 contulisse
1052 2819 1093 2843 co
1120 2809 1212 2850 fine,
1241 2814 1303 2851 ut,
1331 2820 1409 2843 cum
1440 2813 1562 2849 osten-
