<?xml version="1.0" encoding="UTF-8"?>
<!DOCTYPE html PUBLIC "-//W3C//DTD XHTML 1.0 Transitional//EN"
    "http://www.w3.org/TR/xhtml1/DTD/xhtml1-transitional.dtd">
<html xmlns="http://www.w3.org/1999/xhtml" xml:lang="en" lang="en">
 <head>
  <title>
</title>
<meta http-equiv="Content-Type" content="text/html;charset=utf-8" />
  <meta name='ocr-system' content='tesseract 3.04.00' />
  <meta name='ocr-capabilities' content='ocr_page ocr_carea ocr_par ocr_line ocrx_word'/>
</head>
<body>
  <div class='ocr_page' id='page_1' title='image "./corpusscriptorum24niebuoft_0593.png"; bbox 0 0 1806 3152; ppageno 0'>
   <div class='ocr_carea' id='block_1_1' title="bbox 494 171 1513 239">
    <p class='ocr_par' dir='ltr' id='par_1_1' title="bbox 494 171 1513 239">
     <span class='ocr_line' id='line_1_1' title="bbox 494 171 1513 239; baseline -0.001 -11"><span class='ocrx_word' id='word_1_1' title='bbox 494 186 868 230; x_wconf 73' lang='lat' dir='ltr'>HlsromARUM</span> <span class='ocrx_word' id='word_1_2' title='bbox 909 191 980 230; x_wconf 80' lang='grc' dir='ltr'>ιιι.</span> <span class='ocrx_word' id='word_1_3' title='bbox 1009 194 1080 239; x_wconf 65' lang='lat'>9³·</span> <span class='ocrx_word' id='word_1_4' title='bbox 1411 171 1482 228; x_wconf 86' lang='lat'>58</span> <span class='ocrx_word' id='word_1_5' title='bbox 1495 192 1513 226; x_wconf 87' lang='grc' dir='ltr'><em>ι</em></span> 
     </span>
    </p>
   </div>
   <div class='ocr_carea' id='block_1_2' title="bbox 24 278 1717 1847">
    <p class='ocr_par' dir='ltr' id='par_1_2' title="bbox 95 278 1717 343">
     <span class='ocr_line' id='line_1_2' title="bbox 95 278 1717 343; baseline 0.002 -17"><span class='ocrx_word' id='word_1_6' title='bbox 95 284 134 326; x_wconf 79' lang='grc' dir='ltr'>οῖ</span> <span class='ocrx_word' id='word_1_7' title='bbox 166 278 284 327; x_wconf 68' lang='grc' dir='ltr'><em>ἄλλοι</em></span> <span class='ocrx_word' id='word_1_8' title='bbox 311 286 586 342; x_wconf 67' lang='grc' dir='ltr'><em>περιστάντες</em></span> <span class='ocrx_word' id='word_1_9' title='bbox 610 288 876 343; x_wconf 77' lang='grc' dir='ltr'><strong><em>κατέτρωσαν</em></strong></span> <span class='ocrx_word' id='word_1_10' title='bbox 917 287 962 330; x_wconf 84' lang='grc' dir='ltr'><em>τὸ</em></span> <span class='ocrx_word' id='word_1_11' title='bbox 990 291 1113 341; x_wconf 74' lang='grc' dir='ltr'><em>σῶμα</em></span> <span class='ocrx_word' id='word_1_12' title='bbox 1143 284 1249 330; x_wconf 79' lang='grc' dir='ltr'><em>ὅλον.</em></span> <span class='ocrx_word' id='word_1_13' title='bbox 1283 286 1424 332; x_wconf 76' lang='grc' dir='ltr'><em>ἔπειτα</em></span> <span class='ocrx_word' id='word_1_14' title='bbox 1451 287 1614 330; x_wconf 76' lang='grc' dir='ltr'>καίΑ.(2.</span> <span class='ocrx_word' id='word_1_15' title='bbox 1631 296 1717 341; x_wconf 70' lang='lat'>1346</span> 
     </span>
    </p>

    <p class='ocr_par' dir='ltr' id='par_1_3' title="bbox 89 345 1647 408">
     <span class='ocr_line' id='line_1_3' title="bbox 89 345 1647 408; baseline 0.003 -16"><span class='ocrx_word' id='word_1_16' title='bbox 89 349 188 399; x_wconf 77' lang='grc' dir='ltr'>τούς</span> <span class='ocrx_word' id='word_1_17' title='bbox 226 345 376 399; x_wconf 69' lang='grc' dir='ltr'><em>ἄλλους</em></span> <span class='ocrx_word' id='word_1_18' title='bbox 419 347 643 407; x_wconf 77' lang='grc' dir='ltr'><em>ἐρ’ῥίπτουν</em></span> <span class='ocrx_word' id='word_1_19' title='bbox 686 349 767 394; x_wconf 77' lang='grc' dir='ltr'>ἀπὸ</span> <span class='ocrx_word' id='word_1_20' title='bbox 798 354 883 394; x_wconf 78' lang='grc' dir='ltr'><em>τῶν</em></span> <span class='ocrx_word' id='word_1_21' title='bbox 912 356 1090 408; x_wconf 78' lang='grc' dir='ltr'><strong><em>τειχῶν,</em></strong></span> <span class='ocrx_word' id='word_1_22' title='bbox 1119 350 1405 396; x_wconf 70' lang='grc' dir='ltr'><em>ἀπαιτούντων</em></span> <span class='ocrx_word' id='word_1_23' title='bbox 1427 354 1517 396; x_wconf 72' lang='grc' dir='ltr'><em>ὀνο·</em></span> <span class='ocrx_word' id='word_1_24' title='bbox 1530 356 1647 392; x_wconf 83' lang='lat' dir='ltr'><strong>P·680</strong></span> 
     </span>
    </p>

    <p class='ocr_par' dir='ltr' id='par_1_4' title="bbox 87 415 1521 474">
     <span class='ocr_line' id='line_1_4' title="bbox 87 415 1521 474; baseline 0.005 -17"><span class='ocrx_word' id='word_1_25' title='bbox 87 415 223 468; x_wconf 79' lang='grc' dir='ltr'><em>μαστί</em></span> <span class='ocrx_word' id='word_1_26' title='bbox 246 418 327 458; x_wconf 71' lang='grc' dir='ltr'><em>ταῖν</em></span> <span class='ocrx_word' id='word_1_27' title='bbox 353 419 583 472; x_wconf 74' lang='grc' dir='ltr'><em>Ζηλωταῖν,</em></span> <span class='ocrx_word' id='word_1_28' title='bbox 614 417 689 459; x_wconf 75' lang='grc' dir='ltr'>οὔκ</span> <span class='ocrx_word' id='word_1_29' title='bbox 716 421 786 474; x_wconf 87' lang='grc' dir='ltr'>ἐφ’</span> <span class='ocrx_word' id='word_1_30' title='bbox 813 420 885 461; x_wconf 78' lang='grc' dir='ltr'>ἕνα</span> <span class='ocrx_word' id='word_1_31' title='bbox 913 416 1059 471; x_wconf 83' lang='grc' dir='ltr'><strong><em>τόπον,</em></strong></span> <span class='ocrx_word' id='word_1_32' title='bbox 1107 420 1201 461; x_wconf 75' lang='grc' dir='ltr'><em>ἀλλ’</em></span> <span class='ocrx_word' id='word_1_33' title='bbox 1226 422 1298 462; x_wconf 72' lang='grc' dir='ltr'>ἐπὶ</span> <span class='ocrx_word' id='word_1_34' title='bbox 1322 419 1490 470; x_wconf 84' lang='grc' dir='ltr'><em>πλείους</em></span> <span class='ocrx_word' id='word_1_35' title='bbox 1507 451 1521 464; x_wconf 86' lang='grc'><strong>.</strong></span> 
     </span>
    </p>

    <p class='ocr_par' dir='ltr' id='par_1_5' title="bbox 62 479 1519 605">
     <span class='ocr_line' id='line_1_5' title="bbox 89 479 1517 540; baseline 0.004 -19"><span class='ocrx_word' id='word_1_36' title='bbox 89 479 163 522; x_wconf 82' lang='grc' dir='ltr'><em>καί</em></span> <span class='ocrx_word' id='word_1_37' title='bbox 189 480 211 523; x_wconf 81' lang='grc' dir='ltr'>ὅ</span> <span class='ocrx_word' id='word_1_38' title='bbox 241 483 372 536; x_wconf 74' lang='grc' dir='ltr'><em>δῆμος</em></span> <span class='ocrx_word' id='word_1_39' title='bbox 399 484 625 538; x_wconf 74' lang='grc' dir='ltr'>θηριωδῶς</span> <span class='ocrx_word' id='word_1_40' title='bbox 651 482 724 524; x_wconf 85' lang='grc' dir='ltr'>καί</span> <span class='ocrx_word' id='word_1_41' title='bbox 750 482 1046 539; x_wconf 73' lang='grc' dir='ltr'><em>ἀπανθρώπως</em></span> <span class='ocrx_word' id='word_1_42' title='bbox 1073 483 1354 540; x_wconf 85' lang='grc' dir='ltr'><em>κατηκόντιζον</em></span> <span class='ocrx_word' id='word_1_43' title='bbox 1381 490 1517 539; x_wconf 80' lang='grc' dir='ltr'><em>περιϊ-</em></span> 
     </span>
     <span class='ocr_line' id='line_1_6' title="bbox 62 542 1519 605; baseline 0.004 -18"><span class='ocrx_word' id='word_1_44' title='bbox 62 542 305 599; x_wconf 79' lang='grc' dir='ltr'><em>5στάμενοι·</em></span> <span class='ocrx_word' id='word_1_45' title='bbox 347 548 468 588; x_wconf 90' lang='grc' dir='ltr'><em>ἐνίων</em></span> <span class='ocrx_word' id='word_1_46' title='bbox 499 550 545 590; x_wconf 85' lang='grc' dir='ltr'>δὲ</span> <span class='ocrx_word' id='word_1_47' title='bbox 574 549 800 601; x_wconf 73' lang='grc' dir='ltr'><em>ἀπέτεμνον</em></span> <span class='ocrx_word' id='word_1_48' title='bbox 824 548 898 591; x_wconf 82' lang='grc' dir='ltr'><em>καί</em></span> <span class='ocrx_word' id='word_1_49' title='bbox 920 548 1135 605; x_wconf 73' lang='grc' dir='ltr'><em>κεφαλάς,</em></span> <span class='ocrx_word' id='word_1_50' title='bbox 1164 551 1238 592; x_wconf 82' lang='grc' dir='ltr'>καί</span> <span class='ocrx_word' id='word_1_51' title='bbox 1262 550 1419 600; x_wconf 82' lang='grc' dir='ltr'><em>πάντας</em></span> <span class='ocrx_word' id='word_1_52' title='bbox 1446 547 1519 593; x_wconf 75' lang='grc' dir='ltr'>οὗ·</span> 
     </span>
    </p>

    <p class='ocr_par' dir='ltr' id='par_1_6' title="bbox 87 608 1520 671">
     <span class='ocr_line' id='line_1_7' title="bbox 87 608 1520 671; baseline 0.004 -19"><span class='ocrx_word' id='word_1_53' title='bbox 87 628 170 661; x_wconf 86' lang='grc' dir='ltr'><em>τως</em></span> <span class='ocrx_word' id='word_1_54' title='bbox 209 608 332 665; x_wconf 78' lang='grc' dir='ltr'>ὦμῶς</span> <span class='ocrx_word' id='word_1_55' title='bbox 371 614 615 656; x_wconf 84' lang='grc' dir='ltr'><em>α’πέκτειναν</em></span> <span class='ocrx_word' id='word_1_56' title='bbox 643 612 750 669; x_wconf 80' lang='grc' dir='ltr'>πλὴν</span> <span class='ocrx_word' id='word_1_57' title='bbox 778 614 926 669; x_wconf 80' lang='grc' dir='ltr'><em>ὀλίγων</em></span> <span class='ocrx_word' id='word_1_58' title='bbox 950 616 1097 668; x_wconf 65' lang='grc' dir='ltr'><em>λίαν,-</em></span> <span class='ocrx_word' id='word_1_59' title='bbox 1126 617 1170 658; x_wconf 81' lang='grc' dir='ltr'>οἳ</span> <span class='ocrx_word' id='word_1_60' title='bbox 1205 613 1285 658; x_wconf 61' lang='lat' dir='ltr'>nini&gt;</span> <span class='ocrx_word' id='word_1_61' title='bbox 1322 618 1406 658; x_wconf 76' lang='grc' dir='ltr'><em>τῶν</em></span> <span class='ocrx_word' id='word_1_62' title='bbox 1442 614 1520 671; x_wconf 71' lang='grc' dir='ltr'><em>τήν</em></span> 
     </span>
    </p>

    <p class='ocr_par' dir='ltr' id='par_1_7' title="bbox 87 670 1522 742">
     <span class='ocr_line' id='line_1_8' title="bbox 87 670 1522 742; baseline 0.004 -24"><span class='ocrx_word' id='word_1_63' title='bbox 87 670 221 733; x_wconf 66' lang='grc' dir='ltr'><em>ἄκραν</em></span> <span class='ocrx_word' id='word_1_64' title='bbox 249 677 466 721; x_wconf 77' lang='grc' dir='ltr'><em>οἰκούντων</em></span> <span class='ocrx_word' id='word_1_65' title='bbox 500 677 842 735; x_wconf 77' lang='grc' dir='ltr'><em>κατεκρύπτοντο.</em></span> <span class='ocrx_word' id='word_1_66' title='bbox 892 682 1088 742; x_wconf 74' lang='grc' dir='ltr'><em>παρῆσαν</em></span> <span class='ocrx_word' id='word_1_67' title='bbox 1124 682 1172 723; x_wconf 83' lang='grc' dir='ltr'>δὲ</span> <span class='ocrx_word' id='word_1_68' title='bbox 1214 679 1287 723; x_wconf 79' lang='grc' dir='ltr'><strong><em>καί</em></strong></span> <span class='ocrx_word' id='word_1_69' title='bbox 1311 683 1522 730; x_wconf 81' lang='grc' dir='ltr'><em>,Κωκαλᾶς</em></span> 
     </span>
    </p>

    <p class='ocr_par' dir='ltr' id='par_1_8' title="bbox 85 744 1516 802">
     <span class='ocr_line' id='line_1_9' title="bbox 85 744 1516 802; baseline 0.003 -18"><span class='ocrx_word' id='word_1_70' title='bbox 85 745 160 785; x_wconf 83' lang='grc' dir='ltr'>καί</span> <span class='ocrx_word' id='word_1_71' title='bbox 188 745 480 798; x_wconf 86' lang='grc' dir='ltr'><em>Παλαιολόγος</em></span> <span class='ocrx_word' id='word_1_72' title='bbox 512 745 908 801; x_wconf 77' lang='grc' dir='ltr'><em>ἄποσφαττομένων,</em></span> <span class='ocrx_word' id='word_1_73' title='bbox 941 746 1015 789; x_wconf 83' lang='grc' dir='ltr'>καί</span> <span class='ocrx_word' id='word_1_74' title='bbox 1041 746 1209 789; x_wconf 79' lang='grc' dir='ltr'><em>ἐδόκουν</em></span> <span class='ocrx_word' id='word_1_75' title='bbox 1232 748 1311 800; x_wconf 83' lang='grc' dir='ltr'>μὲν</span> <span class='ocrx_word' id='word_1_76' title='bbox 1336 745 1440 802; x_wconf 81' lang='grc' dir='ltr'><em>π’ρὸς</em></span> <span class='ocrx_word' id='word_1_77' title='bbox 1465 744 1516 789; x_wconf 72' lang='grc' dir='ltr'><em>τὰ</em></span> 
     </span>
    </p>

    <p class='ocr_par' dir='ltr' id='par_1_9' title="bbox 37 808 1570 933">
     <span class='ocr_line' id='line_1_10' title="bbox 83 808 1570 869; baseline 0.003 -19"><span class='ocrx_word' id='word_1_78' title='bbox 83 808 344 863; x_wconf 86' lang='grc' dir='ltr'><em>πραττόμενα</em></span> <span class='ocrx_word' id='word_1_79' title='bbox 376 811 693 865; x_wconf 79' lang='grc' dir='ltr'><em>δυσχεραίνειν,</em></span> <span class='ocrx_word' id='word_1_80' title='bbox 733 809 977 854; x_wconf 84' lang='grc' dir='ltr'><em>α’νακὸπτειν</em></span> <span class='ocrx_word' id='word_1_81' title='bbox 1004 814 1142 866; x_wconf 87' lang='grc' dir='ltr'><em>μέντοι</em></span> <span class='ocrx_word' id='word_1_82' title='bbox 1181 811 1256 867; x_wconf 77' lang='grc' dir='ltr'><em>τὴν</em></span> <span class='ocrx_word' id='word_1_83' title='bbox 1283 811 1416 869; x_wconf 79' lang='grc' dir='ltr'><em>ὄρμήν</em></span> <span class='ocrx_word' id='word_1_84' title='bbox 1443 816 1521 855; x_wconf 80' lang='grc' dir='ltr'><em>τοῦ</em></span> <span class='ocrx_word' id='word_1_85' title='bbox 1567 837 1570 841; x_wconf 90' lang='grc'><em>·</em></span> 
     </span>
     <span class='ocr_line' id='line_1_11' title="bbox 37 872 1519 933; baseline 0.004 -19"><span class='ocrx_word' id='word_1_86' title='bbox 37 872 222 929; x_wconf 76' lang='grc' dir='ltr'><em>Ιοδήμου</em></span> <span class='ocrx_word' id='word_1_87' title='bbox 257 873 526 931; x_wconf 71' lang='grc' dir='ltr'><em>ὑπεκρίνοντο</em></span> <span class='ocrx_word' id='word_1_88' title='bbox 564 875 621 932; x_wconf 76' lang='grc' dir='ltr'>μη</span> <span class='ocrx_word' id='word_1_89' title='bbox 658 875 893 919; x_wconf 82' lang='grc' dir='ltr'><em>δύνασθαι·</em></span> <span class='ocrx_word' id='word_1_90' title='bbox 937 876 1079 920; x_wconf 79' lang='grc' dir='ltr'><em>ἔπειτα</em></span> <span class='ocrx_word' id='word_1_91' title='bbox 1122 880 1282 921; x_wconf 82' lang='grc' dir='ltr'><em>ἐκεῖθεν</em></span> <span class='ocrx_word' id='word_1_92' title='bbox 1322 878 1343 920; x_wconf 83' lang='grc' dir='ltr'>ὅ</span> <span class='ocrx_word' id='word_1_93' title='bbox 1387 879 1519 933; x_wconf 76' lang='grc' dir='ltr'><em>δῆμος</em></span> 
     </span>
    </p>

    <p class='ocr_par' dir='ltr' id='par_1_10' title="bbox 84 939 1518 996">
     <span class='ocr_line' id='line_1_12' title="bbox 84 939 1518 996; baseline 0.003 -16"><span class='ocrx_word' id='word_1_94' title='bbox 84 940 283 994; x_wconf 78' lang='grc' dir='ltr'><em>ἐτράπετο</em></span> <span class='ocrx_word' id='word_1_95' title='bbox 310 940 415 996; x_wconf 82' lang='grc' dir='ltr'><em>πρὸς</em></span> <span class='ocrx_word' id='word_1_96' title='bbox 445 940 521 990; x_wconf 77' lang='grc' dir='ltr'><em>τὰς</em></span> <span class='ocrx_word' id='word_1_97' title='bbox 551 942 682 992; x_wconf 81' lang='grc' dir='ltr'><em>οἰκίας</em></span> <span class='ocrx_word' id='word_1_98' title='bbox 725 942 799 984; x_wconf 80' lang='grc' dir='ltr'>καί</span> <span class='ocrx_word' id='word_1_99' title='bbox 839 942 1079 986; x_wconf 83' lang='grc' dir='ltr'><em>α’πέκτειναν</em></span> <span class='ocrx_word' id='word_1_100' title='bbox 1109 943 1183 986; x_wconf 75' lang='grc' dir='ltr'>καὶ</span> <span class='ocrx_word' id='word_1_101' title='bbox 1220 939 1372 994; x_wconf 68' lang='grc' dir='ltr'><em>ἄλλους</em></span> <span class='ocrx_word' id='word_1_102' title='bbox 1401 943 1518 995; x_wconf 73' lang='grc' dir='ltr'><em>τινὰς</em></span> 
     </span>
    </p>

    <p class='ocr_par' dir='ltr' id='par_1_11' title="bbox 82 1005 1553 1064">
     <span class='ocr_line' id='line_1_13' title="bbox 82 1005 1553 1064; baseline 0.003 -18"><span class='ocrx_word' id='word_1_103' title='bbox 82 1007 168 1046; x_wconf 76' lang='grc' dir='ltr'><em>τῶν</em></span> <span class='ocrx_word' id='word_1_104' title='bbox 186 1009 379 1047; x_wconf 75' lang='grc' dir='ltr'><em>πολιτῶν·</em></span> <span class='ocrx_word' id='word_1_105' title='bbox 404 1005 598 1058; x_wconf 74' lang='grc' dir='ltr'><em>ἐλθόντες</em></span> <span class='ocrx_word' id='word_1_106' title='bbox 627 1009 674 1050; x_wconf 88' lang='grc' dir='ltr'>δὲ</span> <span class='ocrx_word' id='word_1_107' title='bbox 699 1007 774 1050; x_wconf 78' lang='grc' dir='ltr'>καὶ</span> <span class='ocrx_word' id='word_1_108' title='bbox 801 1007 902 1064; x_wconf 84' lang='grc' dir='ltr'><em>πρὸς</em></span> <span class='ocrx_word' id='word_1_109' title='bbox 933 1007 1008 1064; x_wconf 74' lang='grc' dir='ltr'><em>τήν</em></span> <span class='ocrx_word' id='word_1_110' title='bbox 1038 1009 1172 1052; x_wconf 80' lang='grc' dir='ltr'><em>οἰκίαν</em></span> <span class='ocrx_word' id='word_1_111' title='bbox 1203 1012 1403 1063; x_wconf 84' lang='grc' dir='ltr'><em>Κωκαλᾶ,</em></span> <span class='ocrx_word' id='word_1_112' title='bbox 1434 1013 1553 1053; x_wconf 72' lang='grc' dir='ltr'><em>ταῖνΒ</em></span> 
     </span>
    </p>

    <p class='ocr_par' dir='ltr' id='par_1_12' title="bbox 82 1069 1675 1131">
     <span class='ocr_line' id='line_1_14' title="bbox 82 1069 1675 1131; baseline 0.003 -19"><span class='ocrx_word' id='word_1_113' title='bbox 82 1073 292 1125; x_wconf 79' lang='grc' dir='ltr'><em>Ζηλωτῶν</em></span> <span class='ocrx_word' id='word_1_114' title='bbox 312 1072 564 1126; x_wconf 81' lang='grc' dir='ltr'><em>ἐναγόντων,</em></span> <span class='ocrx_word' id='word_1_115' title='bbox 591 1071 665 1114; x_wconf 81' lang='grc' dir='ltr'><em>τὸν</em></span> <span class='ocrx_word' id='word_1_116' title='bbox 694 1073 928 1129; x_wconf 75' lang='grc' dir='ltr'><em>Φαρμάκην</em></span> <span class='ocrx_word' id='word_1_117' title='bbox 957 1069 1087 1131; x_wconf 75' lang='grc' dir='ltr'><em>ᾔτουν</em></span> <span class='ocrx_word' id='word_1_118' title='bbox 1114 1077 1203 1117; x_wconf 86' lang='grc' dir='ltr'><em>ἐκεῖ</em></span> <span class='ocrx_word' id='word_1_119' title='bbox 1224 1073 1512 1130; x_wconf 74' lang='grc' dir='ltr'><em>κατακρυπτό-</em></span> <span class='ocrx_word' id='word_1_120' title='bbox 1667 1107 1675 1131; x_wconf 53' lang='grc'><em>,</em></span> 
     </span>
    </p>

    <p class='ocr_par' dir='ltr' id='par_1_13' title="bbox 32 1135 1514 1262">
     <span class='ocr_line' id='line_1_15' title="bbox 79 1135 1514 1199; baseline 0.003 -22"><span class='ocrx_word' id='word_1_121' title='bbox 79 1151 204 1188; x_wconf 88' lang='grc' dir='ltr'><em>μενον</em></span> <span class='ocrx_word' id='word_1_122' title='bbox 230 1136 504 1179; x_wconf 74' lang='grc' dir='ltr'><em>ὕπ’ἐκείνου·</em></span> <span class='ocrx_word' id='word_1_123' title='bbox 546 1135 593 1187; x_wconf 75' lang='grc' dir='ltr'>ὃς</span> <span class='ocrx_word' id='word_1_124' title='bbox 621 1140 808 1180; x_wconf 81' lang='grc' dir='ltr'><em>Κωκαλᾶ</em></span> <span class='ocrx_word' id='word_1_125' title='bbox 850 1142 923 1194; x_wconf 83' lang='grc' dir='ltr'><em>τῆς</em></span> <span class='ocrx_word' id='word_1_126' title='bbox 957 1139 1153 1192; x_wconf 85' lang='grc' dir='ltr'><em>γυναικὸς</em></span> <span class='ocrx_word' id='word_1_127' title='bbox 1190 1141 1352 1197; x_wconf 81' lang='grc' dir='ltr'><em>α’δελφῇ</em></span> <span class='ocrx_word' id='word_1_128' title='bbox 1380 1141 1514 1199; x_wconf 73' lang='grc' dir='ltr'><em>συνῴ-</em></span> 
     </span>
     <span class='ocr_line' id='line_1_16' title="bbox 32 1201 1513 1262; baseline 0.005 -21"><span class='ocrx_word' id='word_1_129' title='bbox 32 1201 171 1255; x_wconf 74' lang='grc' dir='ltr'><em>ιόκει,</em></span> <span class='ocrx_word' id='word_1_130' title='bbox 199 1203 306 1256; x_wconf 84' lang='grc' dir='ltr'><em>μέγα</em></span> <span class='ocrx_word' id='word_1_131' title='bbox 338 1204 384 1245; x_wconf 84' lang='grc' dir='ltr'>δὲ</span> <span class='ocrx_word' id='word_1_132' title='bbox 408 1203 590 1258; x_wconf 79' lang='grc' dir='ltr'><em>ἐδυνήθη</em></span> <span class='ocrx_word' id='word_1_133' title='bbox 621 1201 735 1258; x_wconf 83' lang='grc' dir='ltr'><em>παρὰ</em></span> <span class='ocrx_word' id='word_1_134' title='bbox 759 1203 1004 1262; x_wconf 72' lang='grc' dir='ltr'><em>Ἀποκαύκῳ</em></span> <span class='ocrx_word' id='word_1_135' title='bbox 1034 1201 1207 1261; x_wconf 77' lang='grc' dir='ltr'><em>ἄρχοντι</em></span> <span class='ocrx_word' id='word_1_136' title='bbox 1245 1208 1316 1247; x_wconf 84' lang='grc' dir='ltr'>καί</span> <span class='ocrx_word' id='word_1_137' title='bbox 1343 1211 1513 1248; x_wconf 78' lang='grc' dir='ltr'><em>πλεῖστα</em></span> 
     </span>
    </p>

    <p class='ocr_par' dir='ltr' id='par_1_14' title="bbox 79 1265 1513 1326">
     <span class='ocr_line' id='line_1_17' title="bbox 79 1265 1513 1326; baseline 0.003 -18"><span class='ocrx_word' id='word_1_138' title='bbox 79 1266 262 1309; x_wconf 81' lang='grc' dir='ltr'><em>ἐκάκωσε</em></span> <span class='ocrx_word' id='word_1_139' title='bbox 281 1265 375 1317; x_wconf 79' lang='grc' dir='ltr'>τούς</span> <span class='ocrx_word' id='word_1_140' title='bbox 402 1267 614 1323; x_wconf 79' lang='grc' dir='ltr'><em>Ζηλωτάς.</em></span> <span class='ocrx_word' id='word_1_141' title='bbox 647 1268 789 1318; x_wconf 88' lang='grc' dir='ltr'><em>δείσας</em></span> <span class='ocrx_word' id='word_1_142' title='bbox 817 1271 863 1311; x_wconf 79' lang='grc' dir='ltr'>δὲ</span> <span class='ocrx_word' id='word_1_143' title='bbox 892 1271 1056 1324; x_wconf 85' lang='grc' dir='ltr'><em>ἐκεῖνος,</em></span> <span class='ocrx_word' id='word_1_144' title='bbox 1077 1270 1133 1326; x_wconf 70' lang='grc' dir='ltr'>μὴ</span> <span class='ocrx_word' id='word_1_145' title='bbox 1165 1269 1246 1311; x_wconf 77' lang='grc' dir='ltr'>ὑπὸ</span> <span class='ocrx_word' id='word_1_146' title='bbox 1279 1274 1354 1314; x_wconf 82' lang='grc' dir='ltr'><em>τοῦ</em></span> <span class='ocrx_word' id='word_1_147' title='bbox 1376 1271 1513 1325; x_wconf 71' lang='grc' dir='ltr'><em>δήμου</em></span> 
     </span>
    </p>

    <p class='ocr_par' dir='ltr' id='par_1_15' title="bbox 81 1333 1509 1392">
     <span class='ocr_line' id='line_1_18' title="bbox 81 1333 1509 1392; baseline 0.003 -19"><span class='ocrx_word' id='word_1_148' title='bbox 81 1333 329 1389; x_wconf 80' lang='grc' dir='ltr'><em>διαφθαρῇ,</em></span> <span class='ocrx_word' id='word_1_149' title='bbox 360 1335 573 1388; x_wconf 87' lang='grc' dir='ltr'><em>παρέδωκε</em></span> <span class='ocrx_word' id='word_1_150' title='bbox 605 1333 678 1376; x_wconf 85' lang='grc' dir='ltr'><em>τὸν</em></span> <span class='ocrx_word' id='word_1_151' title='bbox 706 1338 903 1390; x_wconf 71' lang='grc' dir='ltr'><em>συγγενῆ,</em></span> <span class='ocrx_word' id='word_1_152' title='bbox 948 1338 1021 1378; x_wconf 80' lang='grc' dir='ltr'><strong><em>καί</em></strong></span> <span class='ocrx_word' id='word_1_153' title='bbox 1049 1337 1232 1392; x_wconf 83' lang='grc' dir='ltr'><em>α’νῃρέθη</em></span> <span class='ocrx_word' id='word_1_154' title='bbox 1265 1335 1396 1385; x_wconf 75' lang='grc' dir='ltr'><em>ειῖθύς</em></span> <span class='ocrx_word' id='word_1_155' title='bbox 1426 1336 1509 1378; x_wconf 73' lang='grc' dir='ltr'>ὑπὸ</span> 
     </span>
    </p>

    <p class='ocr_par' dir='ltr' id='par_1_16' title="bbox 78 1397 1518 1457">
     <span class='ocr_line' id='line_1_19' title="bbox 78 1397 1518 1457; baseline 0.004 -19"><span class='ocrx_word' id='word_1_156' title='bbox 78 1399 154 1439; x_wconf 82' lang='grc' dir='ltr'><em>τοῦ</em></span> <span class='ocrx_word' id='word_1_157' title='bbox 191 1397 338 1452; x_wconf 83' lang='grc' dir='ltr'><em>δήμου.</em></span> <span class='ocrx_word' id='word_1_158' title='bbox 394 1401 555 1453; x_wconf 79' lang='grc' dir='ltr'><em>ἐλέγετο</em></span> <span class='ocrx_word' id='word_1_159' title='bbox 596 1401 642 1441; x_wconf 87' lang='grc' dir='ltr'>δὲ</span> <span class='ocrx_word' id='word_1_160' title='bbox 681 1399 755 1441; x_wconf 80' lang='grc' dir='ltr'>καὶ</span> <span class='ocrx_word' id='word_1_161' title='bbox 789 1402 960 1450; x_wconf 84' lang='grc' dir='ltr'><em>στέατος</em></span> <span class='ocrx_word' id='word_1_162' title='bbox 1007 1401 1274 1457; x_wconf 75' lang='grc' dir='ltr'><em>ἀνθρωπίνου</em></span> <span class='ocrx_word' id='word_1_163' title='bbox 1315 1399 1518 1455; x_wconf 76' lang='grc' dir='ltr'><em>ἅψασθαί</em></span> 
     </span>
    </p>

    <p class='ocr_par' dir='ltr' id='par_1_17' title="bbox 24 1463 1510 1586">
     <span class='ocr_line' id='line_1_20' title="bbox 79 1463 1510 1522; baseline 0.003 -19"><span class='ocrx_word' id='word_1_164' title='bbox 79 1478 197 1512; x_wconf 88' lang='grc' dir='ltr'><em>τινας</em></span> <span class='ocrx_word' id='word_1_165' title='bbox 223 1464 306 1504; x_wconf 76' lang='grc' dir='ltr'><em>τῶν</em></span> <span class='ocrx_word' id='word_1_166' title='bbox 331 1465 408 1505; x_wconf 82' lang='grc' dir='ltr'><em>τοῦ</em></span> <span class='ocrx_word' id='word_1_167' title='bbox 435 1465 568 1519; x_wconf 76' lang='grc' dir='ltr'><em>δήμου</em></span> <span class='ocrx_word' id='word_1_168' title='bbox 596 1463 707 1506; x_wconf 90' lang='grc' dir='ltr'><em>τότε.</em></span> <span class='ocrx_word' id='word_1_169' title='bbox 738 1465 1075 1518; x_wconf 72' lang='grc' dir='ltr'><em>ἀνατεμνομένων</em></span> <span class='ocrx_word' id='word_1_170' title='bbox 1101 1465 1180 1522; x_wconf 82' lang='grc' dir='ltr'>γὰρ</span> <span class='ocrx_word' id='word_1_171' title='bbox 1210 1469 1292 1509; x_wconf 75' lang='grc' dir='ltr'><em>τῶν</em></span> <span class='ocrx_word' id='word_1_172' title='bbox 1320 1467 1510 1508; x_wconf 75' lang='grc' dir='ltr'><em>ἀποκτει-</em></span> 
     </span>
     <span class='ocr_line' id='line_1_21' title="bbox 24 1524 1510 1586; baseline 0.003 -18"><span class='ocrx_word' id='word_1_173' title='bbox 24 1530 284 1581; x_wconf 67' lang='grc' dir='ltr'><em>αονομένων,</em></span> <span class='ocrx_word' id='word_1_174' title='bbox 309 1526 358 1570; x_wconf 77' lang='grc' dir='ltr'><em>τὰ</em></span> <span class='ocrx_word' id='word_1_175' title='bbox 394 1527 542 1583; x_wconf 70' lang='grc' dir='ltr'><em>ἔγκατα</em></span> <span class='ocrx_word' id='word_1_176' title='bbox 570 1530 759 1583; x_wconf 80' lang='grc' dir='ltr'><em>ἐξεχεῖτο.</em></span> <span class='ocrx_word' id='word_1_177' title='bbox 808 1524 869 1572; x_wconf 81' lang='grc' dir='ltr'>ὧν</span> <span class='ocrx_word' id='word_1_178' title='bbox 895 1546 957 1578; x_wconf 91' lang='grc' dir='ltr'><em>τις</em></span> <span class='ocrx_word' id='word_1_179' title='bbox 981 1529 1053 1571; x_wconf 74' lang='grc' dir='ltr'>ὑπ’</span> <span class='ocrx_word' id='word_1_180' title='bbox 1070 1525 1203 1585; x_wconf 71' lang='grc' dir='ltr'><em>ἄκρας</em></span> <span class='ocrx_word' id='word_1_181' title='bbox 1231 1532 1510 1586; x_wconf 71' lang='grc' dir='ltr'><em>ἀναισθησίας</em></span> 
     </span>
    </p>

    <p class='ocr_par' dir='ltr' id='par_1_18' title="bbox 77 1589 1512 1650">
     <span class='ocr_line' id='line_1_22' title="bbox 77 1589 1512 1650; baseline 0.003 -15"><span class='ocrx_word' id='word_1_182' title='bbox 77 1595 152 1635; x_wconf 82' lang='grc' dir='ltr'>καί</span> <span class='ocrx_word' id='word_1_183' title='bbox 167 1589 416 1648; x_wconf 74' lang='grc' dir='ltr'><em>ἀναλγησίας</em></span> <span class='ocrx_word' id='word_1_184' title='bbox 433 1597 556 1650; x_wconf 88' lang='grc' dir='ltr'><em>στέαρ</em></span> <span class='ocrx_word' id='word_1_185' title='bbox 588 1594 832 1649; x_wconf 75' lang='grc' dir='ltr'><em>συναγαγών</em></span> <span class='ocrx_word' id='word_1_186' title='bbox 857 1594 997 1636; x_wconf 83' lang='grc' dir='ltr'><em>οἴκαδε</em></span> <span class='ocrx_word' id='word_1_187' title='bbox 1017 1595 1215 1650; x_wconf 52' lang='grc' dir='ltr'><em>ἀπήγαγε</em></span> <span class='ocrx_word' id='word_1_188' title='bbox 1244 1596 1319 1650; x_wconf 74' lang='grc' dir='ltr'><em>την</em></span> <span class='ocrx_word' id='word_1_189' title='bbox 1335 1603 1512 1650; x_wconf 75' lang='grc' dir='ltr'><em>γυναῖκα</em></span> 
     </span>
    </p>

    <p class='ocr_par' dir='ltr' id='par_1_19' title="bbox 78 1657 1508 1716">
     <span class='ocr_line' id='line_1_23' title="bbox 78 1657 1508 1716; baseline 0.001 -16"><span class='ocrx_word' id='word_1_190' title='bbox 78 1660 125 1702; x_wconf 86' lang='grc' dir='ltr'>δὲ</span> <span class='ocrx_word' id='word_1_191' title='bbox 150 1658 208 1714; x_wconf 78' lang='grc' dir='ltr'>μὴ</span> <span class='ocrx_word' id='word_1_192' title='bbox 239 1661 402 1702; x_wconf 85' lang='grc' dir='ltr'><em>εἰδυῖαν</em></span> <span class='ocrx_word' id='word_1_193' title='bbox 431 1657 531 1702; x_wconf 79' lang='grc' dir='ltr'><em>ὅθεν</em></span> <span class='ocrx_word' id='word_1_194' title='bbox 560 1659 647 1716; x_wconf 86' lang='grc' dir='ltr'><em>εἴη,</em></span> <span class='ocrx_word' id='word_1_195' title='bbox 680 1659 911 1712; x_wconf 73' lang='grc' dir='ltr'><em>νομίσασαν</em></span> <span class='ocrx_word' id='word_1_196' title='bbox 937 1676 1044 1711; x_wconf 88' lang='grc' dir='ltr'><em>τινος</em></span> <span class='ocrx_word' id='word_1_197' title='bbox 1070 1658 1214 1716; x_wconf 72' lang='grc' dir='ltr'><em>ἑτέρου</em></span> <span class='ocrx_word' id='word_1_198' title='bbox 1246 1658 1353 1703; x_wconf 82' lang='grc' dir='ltr'><em>εἶναι</em></span> <span class='ocrx_word' id='word_1_199' title='bbox 1377 1661 1508 1714; x_wconf 70' lang='grc' dir='ltr'><em>ζῴου,</em></span> 
     </span>
    </p>

    <p class='ocr_par' dir='ltr' id='par_1_20' title="bbox 75 1722 1542 1783">
     <span class='ocr_line' id='line_1_24' title="bbox 75 1722 1542 1783; baseline -0.001 -17"><span class='ocrx_word' id='word_1_200' title='bbox 75 1722 246 1780; x_wconf 78' lang='grc' dir='ltr'><em>ἥδυσμα</em></span> <span class='ocrx_word' id='word_1_201' title='bbox 278 1727 328 1782; x_wconf 86' lang='grc' dir='ltr'><em>τῇ</em></span> <span class='ocrx_word' id='word_1_202' title='bbox 351 1725 490 1782; x_wconf 75' lang='grc' dir='ltr'><em>χύτρα</em></span> <span class='ocrx_word' id='word_1_203' title='bbox 515 1728 840 1779; x_wconf 82' lang='grc' dir='ltr'><em>προσεμβαλεῖν,</em></span> <span class='ocrx_word' id='word_1_204' title='bbox 878 1725 983 1778; x_wconf 74' lang='grc' dir='ltr'><em>μετὰ</em></span> <span class='ocrx_word' id='word_1_205' title='bbox 1026 1728 1072 1767; x_wconf 78' lang='grc' dir='ltr'>δὲ</span> <span class='ocrx_word' id='word_1_206' title='bbox 1103 1725 1149 1771; x_wconf 85' lang='grc' dir='ltr'><em>τὸ</em></span> <span class='ocrx_word' id='word_1_207' title='bbox 1180 1732 1327 1782; x_wconf 79' lang='grc' dir='ltr'><em>φαγεῖν</em></span> <span class='ocrx_word' id='word_1_208' title='bbox 1358 1728 1542 1783; x_wconf 70' lang='grc' dir='ltr'><em>αἰσθέ-(Ζ</em></span> 
     </span>
    </p>

    <p class='ocr_par' dir='ltr' id='par_1_21' title="bbox 77 1788 1510 1847">
     <span class='ocr_line' id='line_1_25' title="bbox 77 1788 1510 1847; baseline 0.002 -15"><span class='ocrx_word' id='word_1_209' title='bbox 77 1793 209 1844; x_wconf 87' lang='grc' dir='ltr'><em>σθαι,</em></span> <span class='ocrx_word' id='word_1_210' title='bbox 248 1793 320 1833; x_wconf 84' lang='grc' dir='ltr'><em>τοῦ</em></span> <span class='ocrx_word' id='word_1_211' title='bbox 351 1788 503 1846; x_wconf 73' lang='grc' dir='ltr'><em>ἀνδρὸς</em></span> <span class='ocrx_word' id='word_1_212' title='bbox 542 1790 598 1840; x_wconf 74' lang='grc' dir='ltr'>ὥς</span> <span class='ocrx_word' id='word_1_213' title='bbox 637 1790 700 1846; x_wconf 85' lang='grc' dir='ltr'>εἴη</span> <span class='ocrx_word' id='word_1_214' title='bbox 740 1789 985 1847; x_wconf 75' lang='grc' dir='ltr'><em>ἀνθρώπινα</em></span> <span class='ocrx_word' id='word_1_215' title='bbox 1027 1788 1227 1842; x_wconf 84' lang='grc' dir='ltr'><em>εἰπόντος.</em></span> <span class='ocrx_word' id='word_1_216' title='bbox 1283 1789 1393 1836; x_wconf 75' lang='grc' dir='ltr'><em>οὕτω</em></span> <span class='ocrx_word' id='word_1_217' title='bbox 1430 1794 1510 1846; x_wconf 80' lang='grc' dir='ltr'>μὲν</span> 
     </span>
    </p>
   </div>
   <div class='ocr_carea' id='block_1_3' title="bbox 42 1914 1510 2799">
    <p class='ocr_par' dir='ltr' id='par_1_22' title="bbox 42 1914 1510 2799">
     <span class='ocr_line' id='line_1_26' title="bbox 77 1914 1510 1962; baseline 0 -15"><span class='ocrx_word' id='word_1_218' title='bbox 77 1914 241 1947; x_wconf 80' lang='lat' dir='ltr'>minatim</span> <span class='ocrx_word' id='word_1_219' title='bbox 267 1914 477 1959; x_wconf 78' lang='lat' dir='ltr'>petentibus</span> <span class='ocrx_word' id='word_1_220' title='bbox 495 1915 510 1956; x_wconf 72' lang='grc'>,’</span> <span class='ocrx_word' id='word_1_221' title='bbox 527 1914 572 1948; x_wconf 89' lang='lat' dir='ltr'>de</span> <span class='ocrx_word' id='word_1_222' title='bbox 596 1925 698 1948; x_wconf 87' lang='lat' dir='ltr'>muro</span> <span class='ocrx_word' id='word_1_223' title='bbox 722 1915 936 1960; x_wconf 75' lang='lat' dir='ltr'>praecipites</span> <span class='ocrx_word' id='word_1_224' title='bbox 970 1921 1144 1960; x_wconf 87' lang='lat' dir='ltr'>aguntur:</span> <span class='ocrx_word' id='word_1_225' title='bbox 1194 1926 1283 1962; x_wconf 87' lang='lat' dir='ltr'>quos</span> <span class='ocrx_word' id='word_1_226' title='bbox 1326 1916 1510 1949; x_wconf 77' lang='lat' dir='ltr'>circumsi-</span> 
     </span>
     <span class='ocr_line' id='line_1_27' title="bbox 79 1961 1507 2008; baseline 0.001 -14"><span class='ocrx_word' id='word_1_227' title='bbox 79 1967 175 1994; x_wconf 80' lang='lat' dir='ltr'>stens</span> <span class='ocrx_word' id='word_1_228' title='bbox 203 1962 380 2006; x_wconf 83' lang='lat' dir='ltr'>populus,</span> <span class='ocrx_word' id='word_1_229' title='bbox 405 1961 520 1995; x_wconf 87' lang='lat' dir='ltr'>serina</span> <span class='ocrx_word' id='word_1_230' title='bbox 546 1961 698 2006; x_wconf 83' lang='lat' dir='ltr'>quadam</span> <span class='ocrx_word' id='word_1_231' title='bbox 727 1962 950 1996; x_wconf 72' lang='lat' dir='ltr'><strong>immanitate</strong></span> <span class='ocrx_word' id='word_1_232' title='bbox 975 1963 1113 2006; x_wconf 82' lang='lat' dir='ltr'>sagittis</span> <span class='ocrx_word' id='word_1_233' title='bbox 1139 1963 1309 2007; x_wconf 80' lang='lat' dir='ltr'>conligit,</span> <span class='ocrx_word' id='word_1_234' title='bbox 1334 1974 1507 2008; x_wconf 76' lang='lat' dir='ltr'>quorum-</span> 
     </span>
     <span class='ocr_line' id='line_1_28' title="bbox 77 2008 1509 2054; baseline 0.001 -14"><span class='ocrx_word' id='word_1_235' title='bbox 77 2008 158 2040; x_wconf 86' lang='lat' dir='ltr'>dam</span> <span class='ocrx_word' id='word_1_236' title='bbox 183 2010 291 2041; x_wconf 79' lang='lat' dir='ltr'>etiam</span> <span class='ocrx_word' id='word_1_237' title='bbox 318 2009 435 2053; x_wconf 82' lang='lat' dir='ltr'>capita</span> <span class='ocrx_word' id='word_1_238' title='bbox 460 2008 647 2053; x_wconf 82' lang='lat' dir='ltr'><strong>praecidit.</strong></span> <span class='ocrx_word' id='word_1_239' title='bbox 697 2008 752 2040; x_wconf 84' lang='lat' dir='ltr'>Ita</span> <span class='ocrx_word' id='word_1_240' title='bbox 776 2020 897 2042; x_wconf 80' lang='lat' dir='ltr'>omnes</span> <span class='ocrx_word' id='word_1_241' title='bbox 921 2009 1099 2042; x_wconf 86' lang='lat' dir='ltr'>crudelem</span> <span class='ocrx_word' id='word_1_242' title='bbox 1125 2011 1162 2042; x_wconf 88' lang='lat' dir='ltr'>in</span> <span class='ocrx_word' id='word_1_243' title='bbox 1193 2009 1339 2042; x_wconf 90' lang='lat' dir='ltr'>modum</span> <span class='ocrx_word' id='word_1_244' title='bbox 1366 2014 1509 2054; x_wconf 83' lang='lat' dir='ltr'>praeter</span> 
     </span>
     <span class='ocr_line' id='line_1_29' title="bbox 74 2053 1508 2101; baseline 0 -14"><span class='ocrx_word' id='word_1_245' title='bbox 74 2064 231 2099; x_wconf 88' lang='lat' dir='ltr'>paucos,</span> <span class='ocrx_word' id='word_1_246' title='bbox 256 2064 346 2100; x_wconf 92' lang='lat' dir='ltr'>quos</span> <span class='ocrx_word' id='word_1_247' title='bbox 372 2055 512 2088; x_wconf 84' lang='lat' dir='ltr'>incolae</span> <span class='ocrx_word' id='word_1_248' title='bbox 540 2056 630 2088; x_wconf 74' lang='lat' dir='ltr'>arcis</span> <span class='ocrx_word' id='word_1_249' title='bbox 658 2053 939 2096; x_wconf 80' lang='lat' dir='ltr'>absconderant,</span> <span class='ocrx_word' id='word_1_250' title='bbox 968 2055 1209 2091; x_wconf 76' lang='lat' dir='ltr'>interierunt:</span> <span class='ocrx_word' id='word_1_251' title='bbox 1243 2066 1394 2101; x_wconf 76' lang='lat' dir='ltr'>quorum</span> <span class='ocrx_word' id='word_1_252' title='bbox 1425 2056 1508 2087; x_wconf 88' lang='lat' dir='ltr'>neci</span> 
     </span>
     <span class='ocr_line' id='line_1_30' title="bbox 77 2100 1507 2147; baseline 0.001 -14"><span class='ocrx_word' id='word_1_253' title='bbox 77 2100 225 2134; x_wconf 85' lang='lat' dir='ltr'>Cocalas</span> <span class='ocrx_word' id='word_1_254' title='bbox 252 2106 289 2134; x_wconf 87' lang='lat' dir='ltr'>et</span> <span class='ocrx_word' id='word_1_255' title='bbox 310 2101 540 2146; x_wconf 86' lang='lat' dir='ltr'>Palaeologus</span> <span class='ocrx_word' id='word_1_256' title='bbox 566 2105 786 2146; x_wconf 64' lang='lat' dir='ltr'>praescium,</span> <span class='ocrx_word' id='word_1_257' title='bbox 810 2111 847 2134; x_wconf 89' lang='lat' dir='ltr'>se</span> <span class='ocrx_word' id='word_1_258' title='bbox 871 2104 1110 2147; x_wconf 83' lang='lat' dir='ltr'>rem-aegrius</span> <span class='ocrx_word' id='word_1_259' title='bbox 1139 2102 1245 2141; x_wconf 81' lang='lat' dir='ltr'>ferre,</span> <span class='ocrx_word' id='word_1_260' title='bbox 1270 2101 1427 2134; x_wconf 81' lang='lat' dir='ltr'>furorem</span> <span class='ocrx_word' id='word_1_261' title='bbox 1452 2106 1507 2134; x_wconf 75' lang='lat' dir='ltr'>la-</span> 
     </span>
     <span class='ocr_line' id='line_1_31' title="bbox 74 2146 1507 2193; baseline 0.001 -13"><span class='ocrx_word' id='word_1_262' title='bbox 74 2158 158 2181; x_wconf 86' lang='lat' dir='ltr'>men</span> <span class='ocrx_word' id='word_1_263' title='bbox 190 2147 319 2192; x_wconf 89' lang='lat' dir='ltr'>populi</span> <span class='ocrx_word' id='word_1_264' title='bbox 349 2148 520 2182; x_wconf 85' lang='lat' dir='ltr'>cohibere</span> <span class='ocrx_word' id='word_1_265' title='bbox 559 2158 599 2180; x_wconf 89' lang='lat' dir='ltr'>ac</span> <span class='ocrx_word' id='word_1_266' title='bbox 633 2149 826 2192; x_wconf 89' lang='lat' dir='ltr'>reprimere</span> <span class='ocrx_word' id='word_1_267' title='bbox 862 2146 959 2181; x_wconf 85' lang='lat' dir='ltr'>haud</span> <span class='ocrx_word' id='word_1_268' title='bbox 993 2159 1116 2193; x_wconf 87' lang='lat' dir='ltr'>posse,</span> <span class='ocrx_word' id='word_1_269' title='bbox 1152 2148 1380 2180; x_wconf 81' lang='lat' dir='ltr'>simulabant.</span> <span class='ocrx_word' id='word_1_270' title='bbox 1432 2148 1507 2192; x_wconf 85' lang='lat' dir='ltr'>Qui</span> 
     </span>
     <span class='ocr_line' id='line_1_32' title="bbox 75 2193 1506 2238; baseline 0 -11"><span class='ocrx_word' id='word_1_271' title='bbox 75 2193 208 2227; x_wconf 88' lang='lat' dir='ltr'>deinde</span> <span class='ocrx_word' id='word_1_272' title='bbox 233 2194 271 2226; x_wconf 87' lang='lat' dir='ltr'>in</span> <span class='ocrx_word' id='word_1_273' title='bbox 298 2195 404 2228; x_wconf 83' lang='lat' dir='ltr'>aedes</span> <span class='ocrx_word' id='word_1_274' title='bbox 427 2195 591 2228; x_wconf 84' lang='lat' dir='ltr'>involans</span> <span class='ocrx_word' id='word_1_275' title='bbox 625 2194 714 2227; x_wconf 89' lang='lat' dir='ltr'>alios</span> <span class='ocrx_word' id='word_1_276' title='bbox 739 2195 885 2238; x_wconf 87' lang='lat' dir='ltr'>insuper</span> <span class='ocrx_word' id='word_1_277' title='bbox 908 2196 1002 2228; x_wconf 85' lang='lat' dir='ltr'>cives</span> <span class='ocrx_word' id='word_1_278' title='bbox 1019 2195 1295 2228; x_wconf 83' lang='lat' dir='ltr'>contrucidavit.</span> <span class='ocrx_word' id='word_1_279' title='bbox 1345 2193 1434 2229; x_wconf 81' lang='lat' dir='ltr'>Cum</span> <span class='ocrx_word' id='word_1_280' title='bbox 1459 2194 1506 2227; x_wconf 88' lang='lat' dir='ltr'>ad</span> 
     </span>
     <span class='ocr_line' id='line_1_33' title="bbox 76 2240 1506 2286; baseline 0 -13"><span class='ocrx_word' id='word_1_281' title='bbox 76 2240 223 2274; x_wconf 88' lang='lat' dir='ltr'>domum</span> <span class='ocrx_word' id='word_1_282' title='bbox 248 2241 412 2282; x_wconf 87' lang='lat' dir='ltr'>Cocalae,</span> <span class='ocrx_word' id='word_1_283' title='bbox 436 2242 567 2275; x_wconf 87' lang='lat' dir='ltr'>Zelotis</span> <span class='ocrx_word' id='word_1_284' title='bbox 592 2240 862 2286; x_wconf 81' lang='lat' dir='ltr'>praeeuntibus,</span> <span class='ocrx_word' id='word_1_285' title='bbox 883 2240 1076 2282; x_wconf 87' lang='lat' dir='ltr'>venissent,</span> <span class='ocrx_word' id='word_1_286' title='bbox 1104 2241 1318 2274; x_wconf 74' lang='lat' dir='ltr'>Phar-macen</span> <span class='ocrx_word' id='word_1_287' title='bbox 1341 2242 1506 2286; x_wconf 77' lang='lat' dir='ltr'>(quicum</span> 
     </span>
     <span class='ocr_line' id='line_1_34' title="bbox 73 2287 1507 2332; baseline 0 -12"><span class='ocrx_word' id='word_1_288' title='bbox 73 2293 188 2332; x_wconf 76' lang='lat' dir='ltr'>nupta</span> <span class='ocrx_word' id='word_1_289' title='bbox 222 2293 300 2321; x_wconf 85' lang='lat' dir='ltr'>erat</span> <span class='ocrx_word' id='word_1_290' title='bbox 336 2299 436 2322; x_wconf 82' lang='lat' dir='ltr'>soror</span> <span class='ocrx_word' id='word_1_291' title='bbox 468 2288 587 2321; x_wconf 74' lang='lat' dir='ltr'>uxoris</span> <span class='ocrx_word' id='word_1_292' title='bbox 623 2288 722 2327; x_wconf 84' lang='lat' dir='ltr'>eius,</span> <span class='ocrx_word' id='word_1_293' title='bbox 760 2298 940 2332; x_wconf 85' lang='lat' dir='ltr'>quemque</span> <span class='ocrx_word' id='word_1_294' title='bbox 976 2287 1053 2330; x_wconf 89' lang='lat' dir='ltr'>ipse</span> <span class='ocrx_word' id='word_1_295' title='bbox 1081 2288 1338 2327; x_wconf 76' lang='lat' dir='ltr'>occultaverat,</span> <span class='ocrx_word' id='word_1_296' title='bbox 1369 2291 1406 2319; x_wconf 78' lang='lat' dir='ltr'>et</span> <span class='ocrx_word' id='word_1_297' title='bbox 1442 2289 1507 2331; x_wconf 86' lang='lat' dir='ltr'>qui</span> 
     </span>
     <span class='ocr_line' id='line_1_35' title="bbox 73 2333 1507 2379; baseline -0.001 -12"><span class='ocrx_word' id='word_1_298' title='bbox 73 2333 171 2379; x_wconf 83' lang='lat' dir='ltr'>apud</span> <span class='ocrx_word' id='word_1_299' title='bbox 192 2334 446 2378; x_wconf 87' lang='lat' dir='ltr'>Apocauchum</span> <span class='ocrx_word' id='word_1_300' title='bbox 470 2334 690 2379; x_wconf 71' lang='lat' dir='ltr'>praefectum</span> <span class='ocrx_word' id='word_1_301' title='bbox 717 2335 928 2366; x_wconf 82' lang='lat' dir='ltr'>auctoritate</span> <span class='ocrx_word' id='word_1_302' title='bbox 954 2334 1105 2366; x_wconf 79' lang='lat' dir='ltr'>multum</span> <span class='ocrx_word' id='word_1_303' title='bbox 1143 2335 1303 2366; x_wconf 77' lang='lat' dir='ltr'>valuerat</span> <span class='ocrx_word' id='word_1_304' title='bbox 1337 2338 1374 2366; x_wconf 81' lang='lat' dir='ltr'>et</span> <span class='ocrx_word' id='word_1_305' title='bbox 1404 2333 1507 2366; x_wconf 86' lang='lat' dir='ltr'>Zelo-</span> 
     </span>
     <span class='ocr_line' id='line_1_36' title="bbox 72 2378 1506 2425; baseline -0.001 -11"><span class='ocrx_word' id='word_1_306' title='bbox 72 2385 129 2415; x_wconf 80' lang='lat' dir='ltr'>tas</span> <span class='ocrx_word' id='word_1_307' title='bbox 166 2381 256 2413; x_wconf 88' lang='lat' dir='ltr'>mire</span> <span class='ocrx_word' id='word_1_308' title='bbox 289 2382 488 2425; x_wconf 77' lang='lat' dir='ltr'>afflixerat‚)</span> <span class='ocrx_word' id='word_1_309' title='bbox 517 2381 588 2415; x_wconf 85' lang='lat' dir='ltr'>sibi</span> <span class='ocrx_word' id='word_1_310' title='bbox 620 2380 705 2414; x_wconf 87' lang='lat' dir='ltr'>dedi</span> <span class='ocrx_word' id='word_1_311' title='bbox 730 2381 924 2424; x_wconf 82' lang='lat' dir='ltr'>postulant.</span> <span class='ocrx_word' id='word_1_312' title='bbox 975 2378 1119 2413; x_wconf 77' lang='lat' dir='ltr'>Coealas</span> <span class='ocrx_word' id='word_1_313' title='bbox 1143 2379 1240 2412; x_wconf 84' lang='lat' dir='ltr'>vitae</span> <span class='ocrx_word' id='word_1_314' title='bbox 1265 2390 1350 2413; x_wconf 80' lang='lat' dir='ltr'>suae</span> <span class='ocrx_word' id='word_1_315' title='bbox 1378 2381 1506 2413; x_wconf 79' lang='lat' dir='ltr'>timens</span> 
     </span>
     <span class='ocr_line' id='line_1_37' title="bbox 73 2425 1508 2473; baseline -0.001 -13"><span class='ocrx_word' id='word_1_316' title='bbox 73 2427 213 2460; x_wconf 85' lang='lat' dir='ltr'>affinem</span> <span class='ocrx_word' id='word_1_317' title='bbox 247 2428 370 2468; x_wconf 84' lang='lat' dir='ltr'>tradit,</span> <span class='ocrx_word' id='word_1_318' title='bbox 405 2438 513 2473; x_wconf 89' lang='lat' dir='ltr'>quem</span> <span class='ocrx_word' id='word_1_319' title='bbox 542 2427 714 2460; x_wconf 82' lang='lat' dir='ltr'>continuo</span> <span class='ocrx_word' id='word_1_320' title='bbox 753 2426 987 2463; x_wconf 80' lang='lat' dir='ltr'>interficiunt.</span> <span class='ocrx_word' id='word_1_321' title='bbox 1051 2426 1208 2459; x_wconf 82' lang='lat' dir='ltr'>Aiebant</span> <span class='ocrx_word' id='word_1_322' title='bbox 1242 2432 1314 2460; x_wconf 77' lang='lat' dir='ltr'>tum</span> <span class='ocrx_word' id='word_1_323' title='bbox 1342 2425 1508 2470; x_wconf 82' lang='lat' dir='ltr'>plebeios</span> 
     </span>
     <span class='ocr_line' id='line_1_38' title="bbox 73 2472 1505 2519; baseline -0.001 -13"><span class='ocrx_word' id='word_1_324' title='bbox 73 2473 247 2519; x_wconf 84' lang='lat' dir='ltr'>quosdam</span> <span class='ocrx_word' id='word_1_325' title='bbox 280 2474 477 2508; x_wconf 83' lang='lat' dir='ltr'>humanum</span> <span class='ocrx_word' id='word_1_326' title='bbox 512 2473 655 2518; x_wconf 86' lang='lat' dir='ltr'>adipem</span> <span class='ocrx_word' id='word_1_327' title='bbox 691 2475 899 2517; x_wconf 84' lang='lat' dir='ltr'>gustavisse.</span> <span class='ocrx_word' id='word_1_328' title='bbox 953 2472 1042 2505; x_wconf 86' lang='lat' dir='ltr'>Nam</span> <span class='ocrx_word' id='word_1_329' title='bbox 1071 2483 1164 2511; x_wconf 84' lang='lat' dir='ltr'>cum,</span> <span class='ocrx_word' id='word_1_330' title='bbox 1181 2472 1344 2505; x_wconf 70' lang='lat' dir='ltr'>dissectis</span> <span class='ocrx_word' id='word_1_331' title='bbox 1369 2475 1505 2506; x_wconf 82' lang='lat' dir='ltr'>occiso-</span> 
     </span>
     <span class='ocr_line' id='line_1_39' title="bbox 72 2518 1507 2566; baseline -0.002 -12"><span class='ocrx_word' id='word_1_332' title='bbox 72 2531 152 2554; x_wconf 83' lang='lat' dir='ltr'>rum</span> <span class='ocrx_word' id='word_1_333' title='bbox 179 2521 400 2566; x_wconf 83' lang='lat' dir='ltr'>corporibus,</span> <span class='ocrx_word' id='word_1_334' title='bbox 425 2522 559 2554; x_wconf 83' lang='lat' dir='ltr'>viscera</span> <span class='ocrx_word' id='word_1_335' title='bbox 584 2519 865 2559; x_wconf 79' lang='lat' dir='ltr'>effunderentur,</span> <span class='ocrx_word' id='word_1_336' title='bbox 890 2518 1038 2563; x_wconf 85' lang='lat' dir='ltr'>quidam</span> <span class='ocrx_word' id='word_1_337' title='bbox 1057 2530 1194 2552; x_wconf 90' lang='lat' dir='ltr'>summo</span> <span class='ocrx_word' id='word_1_338' title='bbox 1221 2523 1365 2564; x_wconf 84' lang='lat' dir='ltr'>stupore</span> <span class='ocrx_word' id='word_1_339' title='bbox 1390 2523 1426 2550; x_wconf 81' lang='lat' dir='ltr'>ct</span> <span class='ocrx_word' id='word_1_340' title='bbox 1448 2520 1507 2551; x_wconf 90' lang='lat' dir='ltr'>in-</span> 
     </span>
     <span class='ocr_line' id='line_1_40' title="bbox 74 2565 1508 2611; baseline -0.001 -12"><span class='ocrx_word' id='word_1_341' title='bbox 74 2565 235 2599; x_wconf 81' lang='lat' dir='ltr'>dolentia</span> <span class='ocrx_word' id='word_1_342' title='bbox 272 2568 459 2600; x_wconf 81' lang='lat' dir='ltr'>collectum</span> <span class='ocrx_word' id='word_1_343' title='bbox 496 2566 637 2611; x_wconf 85' lang='lat' dir='ltr'>adipem</span> <span class='ocrx_word' id='word_1_344' title='bbox 670 2565 815 2598; x_wconf 87' lang='lat' dir='ltr'>domum</span> <span class='ocrx_word' id='word_1_345' title='bbox 851 2567 1018 2609; x_wconf 82' lang='lat' dir='ltr'>portavit.</span> <span class='ocrx_word' id='word_1_346' title='bbox 1078 2567 1174 2598; x_wconf 77' lang='lat' dir='ltr'>Uxor</span> <span class='ocrx_word' id='word_1_347' title='bbox 1202 2565 1368 2608; x_wconf 85' lang='lat' dir='ltr'>ignorans</span> <span class='ocrx_word' id='word_1_348' title='bbox 1395 2565 1508 2605; x_wconf 74' lang='lat' dir='ltr'>unde,</span> 
     </span>
     <span class='ocr_line' id='line_1_41' title="bbox 73 2611 1506 2657; baseline -0.001 -11"><span class='ocrx_word' id='word_1_349' title='bbox 73 2618 112 2646; x_wconf 86' lang='lat' dir='ltr'>et</span> <span class='ocrx_word' id='word_1_350' title='bbox 135 2613 282 2646; x_wconf 74' lang='lat' dir='ltr'>alten-&#39;rus</span> <span class='ocrx_word' id='word_1_351' title='bbox 319 2613 510 2646; x_wconf 84' lang='lat' dir='ltr'>animantis</span> <span class='ocrx_word' id='word_1_352' title='bbox 547 2623 623 2646; x_wconf 81' lang='lat' dir='ltr'>esse</span> <span class='ocrx_word' id='word_1_353' title='bbox 649 2613 822 2657; x_wconf 80' lang='lat' dir='ltr'>opinata,</span> <span class='ocrx_word' id='word_1_354' title='bbox 857 2611 901 2644; x_wconf 87' lang='lat' dir='ltr'>ad</span> <span class='ocrx_word' id='word_1_355' title='bbox 935 2613 1056 2645; x_wconf 89' lang='lat' dir='ltr'>cibum</span> <span class='ocrx_word' id='word_1_356' title='bbox 1085 2611 1240 2645; x_wconf 66' lang='lat' dir='ltr'>suaviter</span> <span class='ocrx_word' id='word_1_357' title='bbox 1263 2611 1506 2646; x_wconf 82' lang='lat' dir='ltr'>condiendum</span> 
     </span>
     <span class='ocr_line' id='line_1_42' title="bbox 74 2657 1504 2704; baseline 0 -14"><span class='ocrx_word' id='word_1_358' title='bbox 74 2659 113 2691; x_wconf 86' lang='lat' dir='ltr'>in</span> <span class='ocrx_word' id='word_1_359' title='bbox 143 2659 251 2692; x_wconf 81' lang='lat' dir='ltr'>ollam</span> <span class='ocrx_word' id='word_1_360' title='bbox 276 2660 414 2700; x_wconf 70' lang='lat' dir='ltr'>inficit,</span> <span class='ocrx_word' id='word_1_361' title='bbox 451 2669 491 2691; x_wconf 90' lang='lat' dir='ltr'>ac</span> <span class='ocrx_word' id='word_1_362' title='bbox 529 2665 611 2704; x_wconf 85' lang='lat' dir='ltr'>post</span> <span class='ocrx_word' id='word_1_363' title='bbox 646 2659 768 2704; x_wconf 88' lang='lat' dir='ltr'>epulas</span> <span class='ocrx_word' id='word_1_364' title='bbox 800 2658 944 2690; x_wconf 89' lang='lat' dir='ltr'>demum</span> <span class='ocrx_word' id='word_1_365' title='bbox 983 2658 1061 2691; x_wconf 87' lang='lat' dir='ltr'>viro</span> <span class='ocrx_word' id='word_1_366' title='bbox 1092 2663 1277 2699; x_wconf 85' lang='lat' dir='ltr'>narranle,</span> <span class='ocrx_word' id='word_1_367' title='bbox 1306 2657 1504 2691; x_wconf 78' lang='lat' dir='ltr'>humanum</span> 
     </span>
     <span class='ocr_line' id='line_1_43' title="bbox 42 2700 1505 2750; baseline -0.002 -11"><span class='ocrx_word' id='word_1_368' title='bbox 42 2700 50 2710; x_wconf 59' lang='lat'>⁸</span> <span class='ocrx_word' id='word_1_369' title='bbox 73 2705 216 2750; x_wconf 80' lang='lat' dir='ltr'>adipem</span> <span class='ocrx_word' id='word_1_370' title='bbox 251 2716 288 2739; x_wconf 91' lang='lat' dir='ltr'>se</span> <span class='ocrx_word' id='word_1_371' title='bbox 319 2706 516 2739; x_wconf 81' lang='lat' dir='ltr'>comedisse</span> <span class='ocrx_word' id='word_1_372' title='bbox 552 2705 669 2739; x_wconf 81' lang='lat' dir='ltr'>discit.</span> <span class='ocrx_word' id='word_1_373' title='bbox 719 2705 777 2738; x_wconf 88' lang='lat' dir='ltr'>Sic</span> <span class='ocrx_word' id='word_1_374' title='bbox 804 2704 1061 2737; x_wconf 81' lang='lat' dir='ltr'>Thessalonica</span> <span class='ocrx_word' id='word_1_375' title='bbox 1086 2715 1124 2737; x_wconf 91' lang='lat' dir='ltr'>se</span> <span class='ocrx_word' id='word_1_376' title='bbox 1151 2705 1357 2748; x_wconf 83' lang='lat' dir='ltr'>imperatori</span> <span class='ocrx_word' id='word_1_377' title='bbox 1380 2705 1505 2736; x_wconf 81' lang='lat' dir='ltr'>volens</span> 
     </span>
     <span class='ocr_line' id='line_1_44' title="bbox 73 2749 1505 2799; baseline -0.003 -12"><span class='ocrx_word' id='word_1_378' title='bbox 73 2750 250 2794; x_wconf 78' lang='lat' dir='ltr'>adiunxit,</span> <span class='ocrx_word' id='word_1_379' title='bbox 279 2753 495 2799; x_wconf 80' lang='lat' dir='ltr'>iterumque,</span> <span class='ocrx_word' id='word_1_380' title='bbox 507 2752 715 2798; x_wconf 71' lang='lat' dir='ltr'>Palaeologo</span> <span class='ocrx_word' id='word_1_381' title='bbox 741 2756 779 2785; x_wconf 84' lang='lat' dir='ltr'>et</span> <span class='ocrx_word' id='word_1_382' title='bbox 802 2749 933 2786; x_wconf 77' lang='lat' dir='ltr'>Cocala</span> <span class='ocrx_word' id='word_1_383' title='bbox 957 2751 1179 2794; x_wconf 84' lang='lat' dir='ltr'>auctoribus,</span> <span class='ocrx_word' id='word_1_384' title='bbox 1194 2750 1240 2784; x_wconf 82' lang='lat' dir='ltr'>ad</span> <span class='ocrx_word' id='word_1_385' title='bbox 1265 2762 1361 2785; x_wconf 81' lang='lat' dir='ltr'>arma</span> <span class='ocrx_word' id='word_1_386' title='bbox 1384 2750 1505 2791; x_wconf 69' lang='lat' dir='ltr'>rediit,</span> 
     </span>
    </p>
   </div>
  </div>
 </body>
</html>
