1800 3138
509 188 885 233 msromAnuM
926 192 999 231 111.
1029 195 1099 237 3ο.
1423 170 1530 250 189

86 294 282 337 τυσοῦτον
316 292 366 334 δὲ
399 291 609 346 προῆλθον
645 289 843 342 ἀτοπίας,
881 286 986 331 ὥστε
1026 287 1070 331 εἴ
1100 304 1199 332 ποτε
1229 291 1303 332 καὶ
1334 288 1573 343 ,suasissem
1587 299 1725 347 &1341

87 358 112 400 ὅ
138 361 228 407 νέος
249 355 438 411 Ἰωάννης
463 357 604 411 προΐοι
630 357 713 397 τῶν
737 353 963 408 βασιλεάυν
1002 352 1212 412 ῥᾳστώνης
1249 355 1407 410 εἵνεκα,
1458 355 1562 412 (oin

27 473 33 478 .
86 422 168 478 γὰρ
197 421 249 477 δὴ
280 421 396 479 αὐτῷ
429 436 471 462 τι
509 421 591 462 τῶν
628 422 777 462 κοινῶν
803 418 1024 473 ἐπράττετο
1054 418 1125 461 διὰ
1165 419 1212 462 τὸ
1251 421 1326 474 τῆς
1361 421 1526 475 ἡλικίας

87 486 197 530 πάνυ
223 486 376 536 ἀτελές*
415 487 533 528 ἐννέα
557 484 636 540 γὰρ
667 481 721 539 ἦν
747 483 817 539 ἔτη
844 483 1019 538 γεγονώς
1048 486 1319 534 τελευτῶντος
1345 486 1423 527 τοῦ
1449 502 1533 528 πα-

61 550 228 608 5τρὸς,>
271 551 353 594 ὑπὸ
381 554 467 593 τῶν
493 550 547 593 τὰ
574 550 800 606 πράγματα
827 548 1006 604 ἑχόντων
1035 550 1374 604 προπεμπόμενοί
1396 566 1530 603 τινες,

85 617 154 662 τὸν
178 618 309 672 δῆμον
328 618 577 671 διηρέθιζον,
599 619 672 658 καί
699 612 856 670 ἄνδρας
881 613 955 656 καὶ
978 620 1191 668 γυναῖκας,
1221 611 1328 658 ὥστε
1356 613 1529 664 διιόντος

85 680 243 731 πολλὰς
265 683 618 736 Καντακουζηνοῦ
638 682 715 724 τοῦ
737 682 942 733 βασιλέως
969 682 1187 733 καταχέειν
1211 681 1424 736 λοιδορίας
1452 682 1527 722 καί

86 747 144 796 ὥς
169 744 364 801 μάλιστα
376 747 595 800 α’σέμνους.
623 746 697 788 καί
710 747 832 787 τοῦτο
849 741 957 799 ἦσαν
974 761 1033 792 ως
1059 760 1102 785 τι
1122 746 1258 799 δωρον
1282 749 1364 788 τῶν
1390 745 1528 800 ἡδέων

84 811 358 867 προσάγοντες
375 814 435 868 τῷ
459 813 536 868 νέῳ
562 815 739 865 βασιλεῖ’.
766 808 916 859 σκοπὸς
932 811 978 851 δὲ
1006 806 1059 864 ἧν
1077 811 1221 859 αὐτοῖς
1245 812 1330 853 τῶν
1357 808 1524 866 υβρεων

35 877 206 921 ιοουδὲν
232 878 311 931 μὲν
336 871 475 931 ἧττον,
511 873 616 918 ὥστε
640 878 713 918 καί
739 874 811 917 τὸν
837 877 968 930 δῆμον
995 876 1056 923 εἰς
1093 876 1261 917 πλείονα
1299 876 1525 929 ἐμβάλλειν

86 941 240 1000 φόβον,
269 957 327 991 ως
351 943 392 984 εἰ
416 943 664 998 περιγένοιτο
689 938 710 983 ὅ
735 939 934 995 βασιλευς
961 956 1121 995 πικρως
1140 940 1419 993 αμυνούμενος
1446 939 1520 982 διὰ

83 1007 162 1057 τὰς
187 1005 346 1063 ὕβρεις
376 1004 400 1049 ὃ
425 1006 500 1048 καὶ
524 1005 632 1048 κατὰ
660 1005 816 1048 σκοπὸν
842 1007 1050 1059 ἐξέβαινεν
1078 1006 1232 1054 αΰτοῖς.
1259 1005 1408 1054 πάντες
1435 1004 1520 1060 γαρ

85 1073 126 1116 οἶ
153 1076 278 1128 δῆμοι
317 1070 401 1130 ὅσῳ
428 1074 588 1125 μᾶλλον
618 1073 909 1125 7ἐξεμαίνοντο,
947 1071 1149 1112 τοσοῦτον
1183 1071 1411 1112 ἐδεδίεσαν.
1473 1072 1520 1112 ἐκ

83 1139 231 1182 τούτου
260 1140 308 1180 δὲ
341 1136 585 1191 α’σόμβατοί
604 1154 651 1180 τε
689 1133 720 1192 ἧ
721 1153 801 1179 σαν
827 1134 934 1191 πρὸς
959 1136 1113 1177 ἐκεῖνον
1148 1133 1221 1176 καὶ
1248 1138 1406 1188 μᾶλλον
1433 1136 1520 1186 ἔξε-
1533 1141 1650 1179 V.363

36 1206 279 1259 ι5μαίνοντο
310 1202 381 1245 διὰ
408 1202 482 1258 τήν
509 1205 556 1245 ἐκ
585 1206 661 1259 τῆς
689 1199 940 1250 ἀντιδόσεως
966 1198 1152 1256 πονηρὰν
1179 1200 1341 1245 ἑλπιὶΐα.
1385 1197 1520 1249 ἄλλως
1533 1210 1647 1255 P.450

83 1272 128 1312 θ’
147 1266 264 1319 ’ὅπως
290 1270 365 1311 καί
388 1271 515 1311 πᾶσιν
538 1266 738 1311 ὖπόνοιαν
754 1269 1017 1323 παρέχωσιν,
1046 1263 1117 1318 ὥς,
1146 1266 1186 1307 εἰ
1196 1263 1258 1318 μή
1289 1266 1525 1320 διέφθαρτο

84 1336 236 1384 ἐκεῖνος
263 1337 336 1376 καί
352 1335 597 1389 ἐξησθένηκε
621 1333 910 1385 παντάπασιν,
939 1332 1015 1372 οιῖκ
1029 1327 1083 1372 ἂν
1100 1327 1211 1371 οὕτω
1227 1328 1527 1385 κατεφρόνουν.

86 1397 208 1443 οὐδὲν
235 1395 309 1441 οὖν
336 1393 460 1454 ἧττον
483 1398 558 1440 καί
583 1396 655 1439 διὰ
682 1398 737 1440 τὰ
759 1398 938 1440 τοιαῦτα
966 1395 1016 1437 τὸ
1044 1395 1231 1451 ὑβρίζειν
1261 1397 1405 1444 αὐτοῖς
1431 1397 1525 1437 ἐπε-

84 1465 292 1520 τηδεύετο·
327 1465 510 1518 μάλιστα
538 1465 584 1505 δὲ
619 1464 673 1506 ἵν’
699 1466 853 1511 ἐκεῖνος
889 1461 1233 1514 πυνθανόμενος,
1283 1459 1523 1517 ἀπαγορεύῃ

31 1529 157 1585 2οτὴν
182 1530 348 1585 εἰρήνην
361 1563 376 1583 ,
412 1530 591 1582 νομίζων
626 1527 731 1570 κατὰ
761 1528 928 1582 γνώμην
967 1525 1018 1568 τοὶ
1046 1527 1221 1567 τοιαῦτα
1264 1523 1525 1580 πράττεσθαι

84 1598 138 1653 τῇ
174 1595 372 1649 βασιλίδι.
428 1591 551 1636 οὐδὲν
584 1591 663 1648 γὰρ
703 1592 846 1641 αὐτοῖς
884 1589 994 1633 οὕτω
1037 1589 1173 1632 δεινὸν
1211 1590 1405 1646 ἐφαίνετο
1441 1591 1524 1630 τῶν

83 1658 186 1715 πρὸς
213 1658 284 1702 τὸν
310 1656 511 1712 πόλεμον,
550 1655 650 1700 ὅσον
674 1654 788 1712 ἄγειν
827 1659 1016 1699 κίνδυνον
1053 1653 1079 1710 ἦ
1118 1654 1262 1710 εἰρήνη
1297 1655 1524 1707 ἐνομίζετο.

85 1724 153 1767 διὸ
183 1725 258 1767 καί
279 1724 414 1767 πάντα
441 1724 637 1766 ἐπενόουν
663 1723 736 1765 καί
760 1724 1026 1777 ἐμηχανῶντο
1043 1753 1055 1775 ,
1093 1717 1200 1763 ὥστε
1225 1719 1286 1775 μή
1313 1721 1524 1774 γενέσθαι.

180 1830 208 1853 ι.
233 1817 282 1856 ὥς
307 1818 342 1851 Ρ.
440 1819 491 1852 ι3.
515 1816 666 1852 &team
690 1817 724 1851 Ρ.
824 1816 877 1861 ¹5}-
900 1825 940 1850 τε
967 1815 1048 1850 add.
1073 1815 1122 1849 M.

82 1914 211 1949 borum
235 1912 438 1958 petulantia
463 1917 727 1968 temperantes,
754 1921 869 1958 eoque
894 1912 1105 1946 stoliditatis
1130 1913 1310 1958 progressi
1337 1917 1440 1955 sunt,
1465 1916 1519 1954 ut,

85 1962 116 1994 si
140 1961 284 2005 quando
310 1961 461 1992 Ioannes
485 1960 680 2003 imperator
704 1959 911 1992 adolescens
935 1970 954 1992 e
985 1959 1123 2003 palatio
1154 1959 1199 1992 ad
1223 1959 1335 1992 animi
1361 1960 1520 1994 oblecta-

83 2012 247 2040 mentum
278 2006 448 2051 quopiam
478 2006 656 2050 prodiret,
693 2004 755 2051 (ob
789 2010 943 2038 aetatem
979 2005 1159 2050 siquidem
1194 2007 1420 2040 immaturam
1449 2017 1520 2051 pu·-

83 2052 200 2086 blicae
224 2054 276 2085 rei
300 2051 395 2085 nihil
418 2052 636 2097 attingebat,
666 2051 811 2098 quando
835 2057 936 2094 patre
960 2052 1138 2084 moriente
1166 2063 1240 2085 non
1274 2053 1356 2097 plus
1387 2063 1517 2086 novem

85 2109 199 2132 annos
231 2103 336 2131 natus
370 2098 478 2143 erat,)
511 2098 696 2143 praemissi
730 2097 876 2143 quidam
909 2098 952 2131 ab
977 2097 1035 2134 iis,
1080 2099 1143 2142 qui
1172 2098 1216 2130 ad
1247 2098 1384 2133 clavum
1413 2098 1518 2131 sede-

83 2145 194 2185 bant,
219 2144 370 2178 feminas
396 2145 496 2177 iuxta
519 2155 561 2177 ac
583 2147 679 2178 viros
705 2143 925 2184 incitabant,
957 2151 999 2177 ut
1022 2155 1064 2177 eo
1090 2149 1300 2178 transeunte
1333 2145 1515 2188 complura

84 2192 265 2235 longeque
289 2190 494 2235 turpissima
518 2191 556 2223 in
585 2191 871 2224 Cantacuzenum
896 2190 1086 2223 maledicta
1113 2195 1327 2223 evomerent.
1377 2191 1422 2223 Et
1444 2189 1516 2223 hoe

84 2243 268 2282 tamquam
309 2237 509 2271 iucundum
546 2247 675 2270 munus
713 2237 922 2280 imperatori
945 2247 1059 2279 puero
1089 2237 1297 2269 offerebant.
1348 2237 1388 2269 In
1413 2236 1514 2270 hisce

83 2294 193 2328 porro
229 2284 456 2317 contumeliis
490 2284 599 2316 etiam
635 2282 704 2316 hoc
729 2283 799 2316 sibi
821 2282 1013 2323 volebant,
1040 2287 1079 2314 ut
1102 2284 1236 2325 populo
1264 2283 1435 2316 maiorem
1463 2283 1514 2316 ti-

83 2341 220 2364 morem
256 2330 526 2372 ingenerarent,
561 2329 868 2368 Cantacuzenum,
906 2329 935 2361 si
960 2329 1140 2368 vinceret,
1167 2331 1337 2362 atrociter
1361 2329 1516 2362 iniurias

83 2380 379 2420 persecuturum,
417 2376 455 2409 id
489 2375 586 2420 quod
616 2376 689 2408 illis
725 2386 769 2408 ex
799 2375 978 2408 sententia
1015 2375 1145 2408 evenit.
1200 2375 1324 2407 Omnis
1357 2386 1514 2420 namque

83 2423 266 2467 populuS,
292 2432 363 2465 quo
388 2423 497 2465 magis
522 2421 752 2461 insaniebat,
777 2420 846 2454 hoc
870 2421 1024 2464 amplius
1048 2420 1251 2461 metuebat,
1277 2425 1314 2454 et
1336 2432 1415 2454 cum
1440 2421 1514 2455 sibi

85 2468 298 2512 condignam
326 2469 522 2501 mercedem
549 2478 740 2512 repensum
763 2468 810 2500 iri
834 2466 1069 2506 formidaret,
1097 2467 1267 2500 audacius
1298 2466 1442 2500 furebat
1475 2472 1514 2501 et

85 2525 106 2546 a
130 2514 424 2547 reconciliatione
452 2515 561 2559 magis
585 2513 815 2553 abhorrebat,
836 2514 907 2546 nisi
934 2513 996 2546 ille
1021 2511 1158 2546 viribus
1183 2512 1330 2546 omnino
1356 2513 1514 2546 destitu-

84 2566 142 2593 tus
167 2571 208 2592 ac
235 2559 397 2600 perditus
424 2565 536 2599 esset,
558 2571 634 2592 non
661 2570 699 2592 se
725 2560 777 2592 ita
803 2571 882 2592 eum
908 2563 1185 2613 contempturos.
1219 2559 1263 2591 Et
1285 2570 1364 2592 cum
1376 2557 1513 2594 nihilo-

85 2607 204 2639 minus
219 2605 275 2638 his
296 2604 341 2638 ‹le
365 2608 480 2639 causis
506 2605 692 2639 studerent
717 2616 798 2638 eum
835 2606 1014 2638 cumulare
1035 2605 1190 2645 iniuriis,
1214 2605 1368 2638 maxime
1391 2611 1514 2639 tamen.

85 2652 124 2684 id
150 2652 349 2690 faciebant,
382 2657 422 2684 ut
447 2651 502 2684 his
537 2652 755 2690 intellectis,
788 2663 910 2696 pacem
947 2651 1175 2694 desperaret,
1208 2662 1249 2684 ea
1283 2651 1512 2696 imperatrice

87 2697 227 2731 conscia
253 2702 291 2730 et
313 2699 451 2730 libente
481 2697 556 2730 fieri
583 2698 760 2741 opinatus.
819 2697 961 2730 Etenim
988 2697 1081 2729 nihil
1113 2697 1159 2730 ad
1193 2697 1327 2730 bellum
1360 2699 1513 2742 requisi·

86 2750 160 2777 tum
186 2749 256 2776 tam
283 2744 424 2783 durum,
444 2755 548 2788 quam
571 2754 695 2788 pacem
719 2745 821 2775 istam
847 2743 1083 2787 periculosam
1107 2743 1382 2777 constituebant.
1411 2743 1512 2786 Qua-

84 2802 124 2826 re
148 2790 194 2823 ad
215 2800 293 2824 eam
318 2790 584 2836 impediendam
609 2789 862 2835 excogitabant
885 2788 1254 2837 machinabanturque
1282 2790 1411 2824 omnia.
1437 2790 1508 2825 Ve-
