1820 3152
287 148 398 216 546
818 163 1193 206 CANTACUZENI

85 281 271 326 &04345
285 267 342 320 ὥς
384 269 468 310 τῶν
518 267 743 319 δεσμωτῶν
779 263 830 308 τά
862 267 1186 309 Κωνσταντίνου
1223 268 1299 310 τοῦ
1324 267 1508 322 μεγάλου
1535 269 1731 321 βασίλεια

124 331 128 341 ’
280 330 641 388 κατασχησόντων,
661 332 735 374 καί
761 333 801 375 εἰ
824 331 874 375 τά
876 349 1001 386 χιστα
1022 335 1310 388 παραγένοιτο,
1340 334 1576 385 Βυζάντιον
1596 350 1732 388 παρα-

280 397 513 455 ληψόμενος
540 401 714 440 ἐκεῖθεν.
771 396 822 440 τὰ
850 401 928 451 μὲν
962 392 1037 439 οὖν
1068 400 1150 440 τῶν
1182 402 1317 455 φίλων
1342 399 1569 453 γράμματα
1598 399 1644 440 ἐν
1677 398 1732 455 τῇ

279 467 353 508 τοῦ
385 468 424 507 Γ
424 462 579 520 αβριήλ
618 466 1009 520 προσαγορευομένῃ
1039 460 1157 520 κώμῃ
1187 465 1602 522 ἐστρατοπεδευμένῳ
1631 458 1733 519 ἧκον

279 534 457 584 βασιλεῖ,
525 527 615 582 ἅμα
659 531 704 571 δὲ
741 531 813 570 καί
850 530 895 570 ἐκ
937 529 1244 584 Διδυμοτείχον
1286 529 1401 587 παρὰ
1439 528 1636 586 γυναικὸς
1661 524 1760 585 τῆς5

153 606 189 640 P.
200 597 494 651 659βασιλίδος
523 595 800 650 ἀπηγγέλλετο
826 594 878 637 τοὶ
908 594 993 640 ἴσα.
1021 599 1024 603 ’

250 664 276 697 Β
396 660 482 707 πθ’.
545 663 630 715 Τῆς
667 661 800 715 αι’-τῆς
831 662 877 703 δὲ
905 662 1067 715 ἡμέρας
1095 662 1168 702 καί
1211 659 1250 702 οἱ
1279 660 1384 717 πρὸς
1418 659 1596 717 Κράλην
1630 677 1735 714 πεμ-

282 730 460 785 φθέντες
490 729 685 782 πρέσβεις
716 728 920 781 ἐπανῆκον
958 724 1211 781 α’πήγγελλόν
1237 742 1281 768 τε
1303 759 1314 779 ,
1365 726 1421 776 ὥς
1449 728 1624 782 Κράλης
1653 728 1733 779 μὲν

281 796 355 835 καί
379 792 477 848 πρίν
497 791 656 841 αΰτοὺς
684 787 797 846 ἥκειν
827 793 1032 847 α’ποσταίη
1054 795 1202 847 Φερῶν
1230 790 1331 847 πρὸς
1351 790 1427 846 τήν
1456 792 1626 846 οἰκείαν,
1648 793 1734 833 δεί-

281 876 359 909 σας
382 862 463 902 ταῖν
490 860 675 914 Περσῶν
705 856 780 912 την
801 856 968 914 ἔφοδον,
1007 858 1065 907 ὥς
1086 859 1328 913 ἠγγέλλοντο
1357 855 1557 907 ἐπιόντες.
1587 854 1788 900 αὖτῶνῐῦ

281 942 324 968 τε
350 924 453 968 ἔνθα
482 919 532 979 ἦν
563 926 912 979 παραγενομένων
935 927 1008 967 καί
1037 924 1373 979 ἀπαγγειλάντων
1403 922 1479 979 την
1511 926 1737 979 πρεσβείαν

281 993 612 1046 ἀποκρίνασθαι,
643 989 700 1039 ὥς
731 990 859 1045 εἰδείη
888 990 962 1032 καί
989 990 1117 1039 αὕτὸς
1150 989 1204 1032 τά
1236 991 1377 1032 δίκαια
1416 992 1488 1032 καί
1517 988 1587 1032 διὰ
1614 990 1735 1032 τοῦτο

281 1057 489 1111 α’ποσταιή
523 1055 596 1111 καί
625 1054 844 1111 Φεραίων,
884 1052 946 1104 οἷς
982 1057 1147 1107 ἐξέσται
1177 1059 1350 1110 βασιλεῖ
1369 1059 1560 1112 χρῆσθαι
1589 1054 1646 1104 ὥς
1673 1057 1736 1098 οἷ-

279 1125 421 1173 κείοις.
478 1120 618 1176 ἔλεγον
645 1122 693 1163 δὲ
726 1120 765 1163 οἱ
792 1123 1002 1177 πρέσβεις,
1034 1120 1132 1171 τούς
1150 1122 1362 1178 Φεραίους
1392 1124 1560 1164 δεῖσθαι
1581 1121 1736 1175 πολλῆς

280 1189 479 1244 προνοίας
523 1189 596 1241 τῆς
638 1202 684 1227 τε
713 1181 841 1242 ἄλλης
870 1187 945 1228 καί
969 1185 1068 1236 τοὺς
1095 1185 1148 1228 τοὶ
1177 1184 1331 1242 Κράλη
1361 1184 1622 1242 πράσσοντας
1650 1174 1806 1236 ἐξε-ῐ5,

277 1256 483 1308 λαθῆναι·
540 1252 590 1294 οὐ
620 1250 701 1306 γάρ
732 1250 930 1294 ἐάσουσιν
960 1250 1105 1294 ἐκεῖνοι
1132 1250 1203 1294 τόν
1235 1245 1360 1306 ἷίχλον
1377 1252 1568 1309 ἠρεμεῖν,
1625 1249 1733 1294 α’λλιὶ

248 1315 559 1370 ράναπείσουσι
590 1315 742 1375 Κράλῃ
770 1324 1048 1373 προσχωρεῖν,
1082 1314 1135 1358 ἂν
1154 1316 1425 1360 ἀπολαύωσιν
1440 1319 1602 1366 α’δειάς.
1655 1321 1739 1372 βα-

278 1389 393 1426 σιλεῖ
422 1385 501 1437 μὲν
541 1378 618 1425 οὖν
656 1380 792 1424 ἐδόκει
829 1379 1090 1439 ἀμφοτέροις
1126 1384 1215 1424 δεῖν
1259 1385 1445 1438 σπουδῆς
1482 1383 1640 1438 πολλῆς
1667 1383 1740 1425 καὶ

278 1451 361 1492 τῶν
381 1445 715 1502 ἀναγκαιοτάτων
733 1444 863 1503 ἄμφω
895 1443 1025 1499 εἶναι,
1056 1449 1130 1488 καί
1158 1447 1372 1503 ἐμερίζετο
1399 1452 1484 1497 τοῖς
1513 1452 1739 1502 λογισμοῖς·

279 1516 499 1570 ἐκκλησίαν
528 1515 574 1555 δὲ
602 1515 648 1555 ἐκ
688 1515 770 1554 τῶν
814 1515 859 1555 ἐν
888 1514 999 1555 τέλει
1027 1513 1333 1567 ποιησάμενος,
1361 1515 1436 1555 καί
1459 1510 1622 1568 Ἀμούρ
1656 1519 1795 1556 not-2⁰

280 1579 422 1636 ρόντος
457 1581 536 1620 τοῦ
563 1576 783 1633 σατράπου
814 1580 887 1620 καί
913 1577 1134 1632 Σουλιμὰν
1161 1581 1244 1620 τοῦ
1261 1572 1462 1635 Σαρχάνη
1490 1578 1652 1633 παιδὸς,
1680 1579 1741 1629 εἰς

279 1644 421 1688 κοινὸν
459 1641 685 1699 προύτίθει
726 1643 802 1700 τὴν
840 1643 994 1700 βουλὴν
1050 1644 1123 1686 καί
1167 1647 1329 1689 ἐκέλευε
1371 1647 1538 1699 γνώμην
1564 1646 1739 1687 ἕκαστον

281 1712 488 1765 εἰσάγειν,
534 1708 563 1765 ἢ
598 1706 650 1751 ἄν
678 1711 723 1752 ἐν
751 1715 840 1759 τοῖς
870 1713 1055 1765 παροῦσι
1085 1711 1226 1766 δοκοίη
1255 1713 1571 1766 λυσιτελεστέρα
1615 1707 1741 1752 εἶναι.

284 1776 423 1820 ἐδόκει
468 1777 548 1831 μὲν
585 1770 660 1817 οὖν
698 1777 805 1817 πᾶσι
845 1776 962 1833 κοινῇ
998 1773 1100 1832 πρὸς
1127 1773 1364 1828 Βυζάντιον
1391 1777 1500 1819 ἰτέον
1529 1772 1638 1819 εἶναι
1663 1774 1737 1818 καὶ

287 1924 519 1958 Constantini
557 1923 731 1969 palatium
770 1922 995 1963 obtenturis,
1034 1924 1064 1957 si
1092 1923 1280 1957 celerrime
1306 1924 1469 1958 affuerit:
1494 1923 1580 1956 inde
1606 1924 1734 1958 urbem

286 1977 557 2017 occupaturum.
619 1971 696 2005 Hae
731 1970 876 2003 litterae
908 1969 1004 2014 apud
1029 1972 1147 2003 vicum
1168 1971 1355 2004 'Gabi-ielis
1381 1973 1649 2005 castrametanti
1674 1983 1737 2006 ve·-

285 2023 448 2058 nerunt,
476 2023 513 2051 et
538 2015 796 2061 Didymoticho
823 2016 868 2049 ab
898 2028 1010 2049 uxore
1035 2016 1159 2050 eadem
1186 2017 1460 2050 nuntiabantur.

382 2066 437 2110 89.
486 2064 619 2098 Eadem
658 2064 738 2096 luce
776 2063 885 2107 legati
929 2073 950 2094 a
983 2062 1087 2096 Crale
1121 2063 1275 2097 redeunt
1321 2063 1598 2105 renuntiantes,
1629 2069 1739 2098 ante-

282 2123 395 2157 ,quam
434 2121 476 2144 eo
510 2110 708 2150 venissent,
737 2120 819 2142 eum
852 2109 980 2143 Pheras
1014 2111 1279 2156 relinquentem
1305 2110 1517 2150 recessisse,
1554 2110 1738 2144 Persarum

286 2158 464 2191 videlicet
503 2157 699 2190 adventum
716 2180 726 2197 ,
762 2156 808 2189 de
833 2167 906 2202 quo
933 2155 1119 2197 audierat,
1144 2161 1375 2190 metuentem.
1430 2155 1500 2189 Sed
1528 2167 1608 2195 cum
1633 2157 1738 2190 illum

289 2215 333 2238 eo
370 2204 465 2244 loco,
490 2205 529 2237 in
554 2208 635 2250 quo'
653 2208 740 2235 tunc
763 2207 852 2241 erat,
879 2203 1151 2243 convenissent,
1176 2203 1357 2248 legatione
1386 2209 1554 2248 percepta
1585 2214 1737 2248 respon-

290 2251 399 2290 disse,
425 2262 462 2284 se
490 2261 635 2296 quoque
665 2249 756 2295 quid
781 2250 917 2282 iustum
943 2250 991 2282 sit
1015 2249 1124 2283 scire:
1152 2254 1262 2294 atque
1287 2248 1421 2282 idcirco
1441 2249 1560 2283 Pheris
1588 2249 1738 2291 abiisse,

292 2309 364 2342 qua
391 2297 481 2331 urbe
506 2297 702 2341 imperator
727 2301 908 2340 tamquam
934 2306 997 2328 sua
1022 2296 1075 2329 uti
1101 2300 1232 2341 posset.
1258 2295 1475 2329 Referebant
1499 2297 1584 2329 item
1613 2297 1737 2341 legati,

291 2344 422 2377 Pheras
453 2343 591 2389 alioqui
625 2353 746 2376 curam
773 2341 1103 2386 aopi-evidentiam
1128 2353 1202 2375 non
1231 2342 1419 2376 minimam
1448 2342 1668 2384 desiderare,
1697 2348 1737 2377 et

295 2390 492 2423 factionem
518 2390 632 2423 Cralis
658 2388 930 2433 expellendam:
957 2399 1031 2421 non
1057 2389 1152 2422 enim
1179 2400 1362 2432 passuram
1399 2389 1544 2433 plebem
1571 2391 1739 2444 quiesce-

297 2447 355 2476 re,
383 2437 445 2469 sed
471 2435 535 2469 ubi
560 2436 744 2469 licentiam
769 2433 902 2478 adepta
930 2435 1060 2474 fuerit,
1087 2434 1133 2468 ad
1157 2435 1383 2469 deditionem
1409 2435 1504 2470 Crali
1531 2435 1736 2469 faciendam

299 2483 589 2526 sollicitaturam.
647 2482 847 2526 Imperator
893 2485 1084 2525 utramque
1127 2493 1199 2515 rem
1234 2484 1349 2516 multo
1387 2492 1492 2527 cgere
1537 2483 1658 2516 studio
1700 2487 1739 2516 et
1796 2507 1800 2509 >

299 2528 422 2562 ambas
448 2540 524 2563 esse
558 2540 695 2563 summe
723 2528 943 2560 necessarias
969 2528 1145 2569 iudicans,
1170 2529 1242 2562 huc
1266 2530 1355 2563 illue
1380 2529 1616 2573 cogitationes
1641 2528 1737 2563 divi-

301 2574 422 2608 debat.
481 2576 694 2609 Convocatis
731 2576 843 2618 igitur
883 2573 1124 2618 primoribus,
1166 2575 1418 2619 praesentibus
1459 2576 1546 2608 item
1590 2576 1738 2609 Amurio

302 2627 443 2665 satrapa
482 2627 519 2654 et
546 2623 756 2660 Sulimano,
785 2620 972 2654 Sarchanis
1001 2621 1099 2660 filio,
1125 2633 1197 2654 rem
1224 2623 1262 2656 in
1289 2622 1593 2667 disceptationem
1618 2621 1739 2654 addu-

302 2670 371 2707 cit,
395 2674 432 2701 et
452 2669 549 2711 quod
577 2670 708 2713 cuique
734 2678 798 2712 pro
828 2672 987 2713 tempore
1012 2668 1139 2700 utilius
1165 2668 1371 2708 videretur,
1410 2668 1570 2712 proferre
1600 2669 1639 2701 in
1666 2678 1743 2701 me·

297 2714 402 2751 <lium
430 2713 543 2750 iubet.
593 2716 732 2747 Placuit
755 2714 799 2749 ad
827 2726 935 2746 unum
963 2714 1156 2754 omnibus,
1193 2717 1282 2748 citra
1308 2716 1574 2748 cunctationem
1608 2719 1739 2758 peten-

303 2760 388 2795 dum
414 2761 651 2804 Byzantium:
677 2773 750 2796 non
775 2761 870 2795 enim
896 2771 952 2795 res
977 2761 1074 2806 ipsas
1100 2767 1389 2807 exspectaturus,
1415 2762 1445 2796 si
1472 2761 1543 2807 ipsi
1567 2760 1743 2796 cessando
