1800 3132
532 186 909 230 ffls‘romARum
952 187 1026 228 111.
1058 192 1124 232 Μ.
1469 187 1535 242 77

94 309 169 343 τας
207 295 384 348 βασιλεῖ.
432 288 583 344 δώροις
621 290 668 331 δὲ
707 288 802 338 τούς
836 304 879 330 τε
899 280 1211 344 πρέσβειςᾶμα
1241 290 1314 330 καί
1340 286 1440 336 τούς
1467 303 1541 329 πε-
1555 295 1735 341 Δ.0.ι34ι

96 357 316 415 πομφότας
360 357 588 413 φιλοτίμως
621 354 948 409 ὀἷμειψάμενος,
996 356 1358 406 συνεξαπὲστειλεν
1403 350 1545 404 αύτοΐς

96 421 186 478 ἅμα
209 424 280 467 Δτὸν
298 424 513 478 Βρουλᾶν,
543 419 899 476 ἐπαγγειλάμενος
916 421 1144 476 ἐπικαίρως
1162 418 1235 461 καί
1252 419 1378 470 αὐτὸς
1398 421 1546 475 α’φίξε-

93 493 212 532 σθαι.
264 490 310 531 ἐν
337 490 556 546 Βυζαντίῳ
594 489 641 529 δὲ
679 487 1081 543 παρεσκευασμένων
1107 489 1192 527 τῶν
1219 485 1453 542 τριήρεων,
1487 483 1541 533 ὃς

38 554 200 613 ’5πρὸς
236 554 309 611 τὴν
350 554 506 611 ἔφοδον
546 556 630 595 τῶν
660 556 843 609 Περσῶν
882 551 1042 608 ἔφημεν
1085 549 1356 605 ὁπλίζεσθαι,
1399 550 1492 593 ἐπεὶ
1518 550 1544 591 0e

94 619 478 676 παρακοιμώμενος,
509 618 555 668 ὃς
585 618 723 660 αὐτῶν
756 616 979 672 στρατηγὸς
1009 614 1337 672 κεχειροτόνητο,
1365 618 1546 666 δύσνους

102 686 291 741 βασιλίδι
305 682 508 739 γεγονώς,
541 685 844 740 ἐδραπέτευσεν
863 685 908 725 ἐν
928 679 1171 735 Ἐπιβάταις
1184 715 1196 734 ,
1225 684 1396 735 πέμψας
1425 678 1446 722 ὃ
1466 682 1543 735 με’-

95 769 172 807 γας
208 752 449 804 δομέστικος
491 750 716 805 ἐνεχείρισε
753 751 812 808 τῷ
846 748 918 791 ἐπὶ
941 751 1016 790 τοῦ
1045 749 1229 803 στρατοῦ
1256 749 1582 803 Σεναχηρείμ,0

96 815 142 866 ὃς
170 813 320 859 αὐτίκα
362 812 652 868 α’ποπλεύσας,
697 812 774 869 τήν
811 830 854 856 τε
882 812 1102 869 Περσικὴν
1142 815 1306 855 διέλυσε
1341 810 1545 868 στρατιὰν

49 882 360 937 ιοκαταπλήξας
385 883 443 939 τῷ
468 879 590 935 τάχει
617 883 690 936 τῆς
716 882 984 936 παρασκευῆς
1003 913 1015 934 ,
1060 881 1133 921 καί
1168 877 1301 920 πολλὰ
1334 877 1410 933 τὴν
1438 881 1547 933 Σαρ-

92 945 204 1003 χάνη
231 945 421 996 κακώσας
446 944 593 1002 χώραν
632 948 706 988 καί
747 948 1003 999 πολίσματος
1030 942 1120 994 ἑνὸς
1148 947 1232 986 τῶν
1264 948 1547 1000 παραθαλασ-

99 1015 205 1057 σίων
221 1011 439 1068 κρατήσας
465 1013 510 1063 ἐξ
537 1011 695 1068 ἐφόδου
717 1011 790 1054 καί
821 1009 1283 1066 ἐξανδραποδισάμενος
1308 1011 1380 1052 καί
1412 1005 1547 1052 τᾶλλα

94 1076 178 1121 ὅσα
217 1078 304 1121 ἔδει
339 1077 412 1120 τὸν
450 1074 614 1133 ἀγαθὸν
642 1077 820 1134 ποιήσας
848 1075 1097 1134 στρατηγὸν,
1126 1078 1360 1131 ἐπανῆλθεν
1387 1078 1447 1125 εἷς
1475 1075 1549 1130 τὴν

98 1144 434 1187 Κωνσιαντίνου.
492 1147 538 1187 ἐκ
567 1146 614 1187 δὲ
651 1146 725 1199 τῆς
751 1142 931 1199 ἑσπέρας
967 1142 1074 1196 μετὰ
1118 1141 1193 1197 τὴν
1235 1144 1443 1196 βασιλέως
1481 1156 1549 1182 τε-

41 1209 250 1265 ἰὄλευτὴν
286 1207 370 1264 ὅ,τε
410 1209 743 1266 πρωτοστράτωρ
774 1207 1018 1264 Συναδηνὸς
1050 1209 1358 1262 Θεσσαλονίκης
1385 1207 1552 1261 ἐπιτρο-

97 1276 235 1318 πεύων
273 1274 348 1318 καί
378 1273 593 1332 ὅΧρέλης
648 1274 961 1324 Κωνσταντῖνός
997 1289 1041 1316 τε
1084 1273 1379 1326 Παλαιολόγος
1419 1271 1441 1313 ὅ
1471 1274 1552 1313 τοῦ

40 1351 43 1356 “
98 1344 306 1396 βασιλέως
330 1345 445 1391 θεῖος
496 1341 570 1383 καί
610 1341 631 1382 ὁ
661 1343 736 1383 τοῦ
763 1341 948 1394 μεγάλου
978 1339 1226 1392 δομεστίκου
1255 1336 1428 1392 ἀνεψιὸς
1447 1334 1550 1392 ’Ἀγ-

98 1411 215 1461 γελος
238 1403 430 1462 Ἰωάννης
458 1406 482 1447 ὅ
514 1409 732 1461 πιγκὲρνης
778 1402 1067 1458 Τζαμπλάκων
1107 1420 1152 1446 τε
1190 1401 1212 1444 ὅ
1244 1405 1374 1458 μέγας
1393 1406 1551 1453 παπίας

100 1472 175 1515 καί
194 1469 286 1515 ὅσοι
309 1476 392 1515 τῶν
411 1474 456 1515 ἐν
479 1475 587 1515 τέλει
610 1469 718 1528 ἦσαν
741 1471 902 1513 πόλεων
923 1469 1273 1526 ἐπιτροπεύοντες,
1299 1468 1401 1526 πρὸς
1424 1468 1550 1525 ἀλλή-

47 1541 199 1588 2ολους
222 1536 644 1593 ἐπικηρυκευσάμενοι
677 1541 757 1579 καί.
772 1536 1169 1593 συμφρονήσαντες,
1203 1534 1242 1577 οἱ
1275 1535 1444 1586 πλείους
1470 1538 1549 1590 μὲν
1567 1548 1599 1581 D

100 1606 384 1645 κατελείποντο
412 1604 658 1652 διοικοῦντες
678 1601 754 1651 τὰς
776 1601 912 1656 α’ρχάς
929 1619 941 1629 ·
975 1603 1194 1656 πιγκέρνης
1217 1603 1264 1643 δὲ
1297 1599 1320 1642 ὅ
1349 1597 1549 1656 ’Ἄγγελος

99 1669 173 1710 καί
188 1666 210 1709 ὁ
232 1666 526 1722 Παλαιολόγος
547 1670 860 1716 Κωνσταντῖνος
872 1669 945 1708 καί
962 1666 1250 1719 Τζαμπλιέκων
1263 1667 1368 1722 πρὸς
1381 1665 1451 1708 τὸν
1469 1670 1546 1720 με’-

97 1749 176 1787 γαν
190 1734 431 1786 δομέστικον
454 1735 760 1786 ἀπεστέλλοντο,
791 1731 843 1774 τιὶ
871 1733 986 1789 κοινῇ
1015 1730 1271 1786 δηλώσοντες
1296 1735 1400 1775 πᾶσι
1427 1734 1547 1775 δεδο-

190 1837 224 1880 4.
241 1834 282 1868 ἐκ
307 1834 344 1868 Ρ.
490 1836 654 1880 τριηρῶν
678 1835 713 1868 Ρ.
816 1837 849 1870 8.
879 1833 1088 1880 ἐνεχείριτο
1115 1834 1151 1869 Ρ.
1270 1846 1303 1880 9.
1330 1843 1370 1869 τε
1397 1845 1466 1869 om.
1490 1835 1541 1869 Μ.

197 1892 254 1916 12.
271 1879 654 1928 ἀνδραποδισάμενος
678 1881 713 1916 Ρ.

100 1973 170 2007 hoc
192 1978 380 2020 sequestre
417 1973 718 2008 conciliarentur:
737 1985 810 2028 quo
835 1984 878 2007 eo
906 1974 1049 2009 delatus
1065 2000 1075 2015 ‚
1095 1973 1191 2008 nihil
1213 1972 1461 2007 molestiarum
1485 1973 1544 2005 in-

100 2021 263 2061 veniret,
301 2020 364 2054 sed
392 2031 516 2055 omnes
539 2031 714 2054 consensu
744 2022 955 2067 imperatori
984 2032 1022 2055 se
1052 2021 1323 2065 subiungerent.
1372 2018 1546 2053 Posthaec

102 2071 141 2100 et
170 2067 306 2110 legatos
343 2072 381 2101 et
411 2067 572 2112 legantes
607 2066 818 2101 honorificis
855 2067 1068 2101 muneribus
1103 2067 1279 2108 afficiens,
1303 2067 1446 2100 Brulam
1473 2076 1544 2100 una

103 2113 256 2147 dimittit
287 2125 398 2160 seque
434 2119 640 2159 opportuno
676 2119 839 2159 tempore
873 2116 1068 2148 affuturum
1109 2115 1303 2161 promittit.
1379 2113 1545 2156 Byzantii

102 2161 319 2204 comparatis
343 2160 574 2201 triremibus,
600 2171 689 2207 quas
715 2166 838 2195 contra
859 2161 981 2194 Persas
1006 2160 1137 2194 armari
1174 2160 1403 2199 dicebamus,
1441 2166 1545 2204 post-

102 2218 210 2253 quam
235 2207 470 2251 Apocauchus
499 2217 622 2240 earum
647 2207 775 2241 ductor
802 2213 942 2241 creatus
960 2234 970 2249 ,
994 2207 1275 2241 malevolentiae
1306 2207 1344 2239 in
1383 2206 1545 2251 impera-s

102 2254 228 2287 tricem
259 2265 338 2287 reus
362 2253 535 2299 Epibatas
570 2254 683 2298 fugit,
733 2265 881 2299 magnus
914 2255 1133 2288 domesticus
1170 2253 1217 2287 ad
1247 2252 1544 2288 Senacherimum

101 2301 274 2341 mittens,
299 2300 421 2334 classis
447 2301 480 2334 ei
509 2300 770 2345 praefecturam
796 2300 956 2335 tradidit.
996 2301 1070 2346 Qui
1096 2302 1360 2347 quamprimum
1384 2300 1540 2341 solvens,

101 2347 222 2381 Persas
245 2351 343 2380 tanta
370 2347 615 2381 instructionis
641 2347 828 2382 celeritate
852 2347 1037 2394 perculsos
1063 2347 1264 2392 dissipavit,
1290 2352 1327 2381 et
1352 2345 1542 2381 §archanis

101 2394 288 2440 provincia
316 2394 421 2429 foede
447 2393 639 2434 devastata,
663 2394 835 2440 oppidum
860 2395 1043 2440 quoddam
1069 2405 1088 2427 e
1114 2395 1305 2428 maritimis
1328 2393 1445 2439 primo
1472 2394 1542 2426 im-

100 2445 189 2487 petu
221 2441 319 2484 cepit
353 2445 391 2473 et
422 2441 581 2485 captivos
614 2440 700 2474 inde
723 2440 894 2476 abduxit:
935 2442 1195 2488 praestitisque
1221 2440 1415 2479 omnibus,
1445 2451 1541 2486 quae

103 2499 148 2522 ex
170 2487 258 2520 boni
294 2497 335 2519 ae
356 2488 494 2521 strenui
516 2487 617 2521 ducis
645 2486 761 2522 officio
792 2493 909 2528 erant,
945 2488 1291 2534 Constantinopolin
1316 2486 1436 2521 rediit.
1486 2487 1539 2520 Ex

103 2534 292 2568 occidente
332 2538 450 2567 autem
487 2538 570 2579 post
603 2535 829 2580 imperatoris
873 2535 1015 2568 obitum
1048 2538 1290 2580 protostrator
1325 2533 1539 2578 Synadenus

103 2579 386 2614 Thessalonicae
420 2580 644 2626 praefectus,
681 2581 767 2615 item
792 2582 966 2622 Chreles,
1006 2582 1263 2615 Constantinus
1294 2580 1539 2625 palaeologus,

103 2627 330 2674 imperatoris
354 2632 522 2672 patruus,
547 2633 584 2662 ct
607 2628 759 2662 loannes
790 2628 946 2674 Angelus
982 2628 1175 2673 pincerna,
1206 2628 1323 2673 magni
1349 2627 1540 2661 domestici

105 2673 340 2708 consobrinus
358 2699 368 2714 ‚
408 2677 444 2706 et
468 2674 653 2719 Zamplaco
689 2685 836 2720 maguus
862 2676 986 2720 papias
1021 2680 1058 2708 ct
1089 2680 1270 2722 quotquot
1300 2686 1343 2708 ex
1374 2675 1541 2719 proceri—-

104 2721 173 2755 bus
200 2719 344 2754 urbium
369 2720 610 2764 praefecturas
633 2720 872 2762 obtinebant,
909 2721 1204 2755 caduceatoribus
1238 2722 1334 2755 inter
1358 2732 1395 2754 se
1422 2722 1539 2754 missis

105 2768 334 2812 conspirant:
369 2766 606 2813 pluribusque
638 2780 658 2801 a
691 2770 945 2813 procuratione
976 2778 1012 2800 se
1048 2769 1342 2810 removentibus,
1382 2768 1539 2812 Angelus

106 2815 300 2860 pincerna,
335 2812 595 2849 Constantinus
619 2815 851 2861 Palaeologus
876 2821 912 2849 et
936 2815 1119 2861 Zamplaco
1145 2816 1190 2850 ad
1214 2826 1381 2862 magnum
1408 2814 1538 2851 ‹lome-
