1800 3132
289 162 365 229 34
821 178 1192 223 εΑΝΤΑουΖΕΝι

90 278 419 334 aerumna»,
449 281 601 335 καιροῦ
627 280 872 334 καλοῦντος,
911 280 1133 335 ’ὑπομένειν
1160 281 1396 336 ι’σχυριζου.
1453 275 1504 324 οὗ
1542 284 1620 324 νῦν
1646 298 1725 325 πα-

289 345 460 403 ρόντος,
497 344 542 387 εἴ
563 360 630 387 σοι
657 346 946 401 ἐξελέγχεσθαι
983 345 1056 388 ἐπὶ
1080 348 1165 389 τῶν
1193 345 1323 402 ἔργων
1342 348 1546 403 εὐπρεπὲς
1555 381 1568 400 ,
1598 347 1725 398 αΰτός

289 414 411 467 ἐρεῖς.
466 409 528 452 ἔτι
566 413 611 452 δὲ
648 408 736 453 οὔδ’
773 413 936 470 ἐμαυτῇ
969 428 1011 454 τι
1039 410 1216 455 σύνοιδα
1255 413 1323 454 σοι’
1347 417 1722 468 προσκεκρουκυῖα,

162 477 376 521 Ρ.361ιῖλλ’
423 478 467 526 ἐξ
512 472 610 517 δ’του
648 477 930 533 παρεγενόμην
967 479 1012 519 ἐν
1038 482 1124 526 τοῖς
1159 479 1388 532 βασιλείοις
1415 475 1561 531 οἴκοις,
1603 480 1725 521 ου’δὲν

287 542 550 583 ἀποδέουσαν
576 535 662 584 οὔτ’
688 536 856 584 εὔνοιαν
873 575 884 594 ,
921 539 1013 584 οὔτε
1039 541 1162 598 τιμὴν
1207 539 1236 598 ἢ
1259 543 1450 600 τάδελφῷ
1486 542 1614 601 κόντῳ
1643 545 1751 588 noc-5

287 608 508 663 ρειχόμην,
537 609 695 659 μᾶλλον
721 608 768 649 δὲ
790 607 864 649 καὶ
888 609 1017 650 πλείω
1044 606 1265 662 παραπολύ
1282 638 1295 659 ,
1340 604 1437 649 ὅσον
1463 608 1622 649 ἐκείνου
1648 610 1728 662 μὲν

287 670 382 714 οὔτε
410 673 634 722 τεθνεῶτος
661 674 762 725 ἐμοί
788 689 850 722 τις
877 672 1013 728 βλάβη
1032 705 1043 727 ,
1075 668 1357 729 οῧτάἷφέλεια
1385 674 1533 724 ζῶντος
1559 674 1725 728 ἕψεται,

285 740 458 781 τοσοῦτο
487 740 757 795 διῳκισμένου
775 754 786 766 ·
817 736 870 780 σύ
901 740 948 781 δὲ
978 740 1052 779 καί
1072 737 1153 788 ζῶν
1175 737 1227 780 τὰ
1247 738 1424 792 μέγιστα
1453 732 1504 780 ἂν
1532 735 1724 793 ὀνήσαις,

286 803 359 845 καί
385 802 611 845 ἀποθανών
652 804 776 846 ου’δὲν
811 797 934 858 ἦττον
964 802 1065 857 ἐμοί
1085 819 1130 845 τε
1169 802 1243 845 καί
1265 809 1351 852 τοῖς
1371 801 1590 856 Ῥωμαίων
1616 802 1726 860 προί-

284 884 416 923 γμασι
453 870 630 925 λυμανῇ.
690 866 769 922 ἐγώ
814 870 860 910 δὲ
895 871 1029 910 καίτοι
1066 867 1197 910 πολλὰ
1238 871 1443 926 συνείρειν
1471 867 1627 922 ἔχουσα
1653 870 1779 911 uallo

284 932 575 977 ἀποδεικνύναι
602 935 658 975 δι’
690 933 858 987 αὐτῶν,
891 933 949 982 ὥς
985 929 1081 976 οὕτε
1118 935 1418 990 συμφέροντα,
1459 929 1552 975 οὔτε
1580 935 1725 977 δίκαια

284 997 546 1052 ἐβουλεύσω,
576 1000 705 1041 ἐκεῖνο
731 996 862 1052 μόνον
889 1000 974 1054 ἐρῶ
988 1031 1001 1052 ,
1030 997 1083 1041 τοὶ
1110 994 1218 1042 ἅλλα
1245 1000 1542 1041 καταλιποῦσα.
1571 999 1612 1041 εἰ
1642 997 1722 1056 γὰρ

283 1062 491 1120 παριόντα
519 1063 613 1106 τινὰ
645 1063 746 1106 ὁδὸν
770 1066 854 1106 τῶν
880 1066 1098 1121 ἐπιφανῶν
1139 1081 1220 1107 τινι
1247 1066 1400 1118 συνέβη
1428 1065 1597 1118 γυναικὶ
1621 1080 1725 1106 συν-

247 1135 452 1183 Βτυχεῖν,
489 1130 642 1187 χηρείᾳ
675 1131 756 1183 μὲν
783 1128 967 1188 συνούσῃ
996 1132 1070 1172 καί
1092 1135 1176 1179 τοῖς
1203 1132 1249 1172 ἑκ
1279 1128 1437 1185 ταύτης
1462 1134 1622 1183 κακοῖς,
1651 1128 1726 1171 καὶ

285 1194 430 1236 παισίν
457 1194 654 1250 ὀρφανοῖς
682 1197 756 1236 καί
778 1197 940 1250 μηδένα
960 1194 1033 1238 τὸν
1061 1193 1391 1251 προστησόμενον
1418 1192 1566 1249 ἔχουσι
1593 1193 1775 1250 προσ-15

281 1262 476 1317 τετηκυίᾳ
531 1261 603 1301 καί
649 1260 718 1303 διοὶ
760 1263 893 1303 ταῦτα
943 1259 1124 1310 πολλούς
1160 1261 1413 1317 ὖφορωμένῃ
1448 1258 1546 1309 τούς
1584 1260 1724 1301 κινδύ-

282 1341 379 1374 νους
403 1328 476 1367 καί
515 1327 685 1383 δεομένῃ
725 1327 799 1381 τῆς
835 1328 1070 1380 δυστυχίας
1107 1327 1308 1382 οἰκτεῖραι
1343 1325 1414 1367 καί
1462 1326 1592 1380 ἀὐτῆς
1619 1340 1724 1381 προ-

282 1393 429 1446 στῆναι
450 1391 525 1433 καί
543 1393 626 1434 ταῖν
647 1394 831 1445 παίδων,
860 1389 982 1434 οὐδὲν
1009 1393 1149 1447 ἕτερον
1177 1394 1238 1441 εἰς
1268 1391 1429 1433 δικαίου
1463 1389 1584 1445 λόγον
1620 1405 1723 1445 προ-

281 1457 516 1513 βαλλομένῃ
547 1453 574 1511 ἢ
610 1455 685 1513 την
717 1453 928 1511 εὖγένειαν
950 1458 1025 1499 καί
1045 1455 1120 1511 τὴν
1140 1460 1242 1512 παρ’
1273 1458 1394 1506 α’ξίαν
1413 1457 1720 1511 κακοπραγίαν,

284 1520 359 1562 οὐκ
384 1520 471 1563 ἔδει
497 1521 570 1562 καί
587 1524 634 1564 σὲ
655 1522 728 1563 καί
747 1521 883 1563 πάντα
909 1521 1093 1564 ὅντινοῦν
1119 1519 1205 1572 οἷος
1234 1522 1286 1564 σύ
1302 1554 1314 1575 ,
1339 1523 1420 1564 τῶν
1455 1516 1592 1563 ἄλλων
1618 1518 1777 1574 due-20

279 1582 483 1640 λὴσαντα,
523 1586 723 1641 πρόνοιαν
756 1585 1015 1643 ποιήσασθαι
1059 1589 1136 1642 τῆς
1175 1586 1369 1641 γυναικός
1416 1584 1493 1642 ὅση
1537 1584 1689 1640 δυνατὴ
1706 1617 1725 1637 ,s

279 1650 352 1692 καί
377 1648 606 1706 α’ξιόχρεως
627 1650 724 1701 τούς
744 1652 848 1708 ὑπὲρ
872 1651 1029 1707 ἐκείνης
1057 1653 1228 1706 νομίσαι
1261 1651 1412 1702 πόνους
1446 1654 1505 1701 εἰς
1533 1651 1722 1700 εὐκλείας

371 1757 403 1790 8.
431 1756 617 1790 τοσοῦτον
638 1756 686 1789 Μ.
811 1769 843 1801 9.
871 1756 962 1802 ἡμῖν
984 1756 1019 1790 Ρ.
1119 1757 1170 1791 ι6.
1194 1754 1330 1793 ταύτας
1352 1755 1386 1789 Ρ.
1470 1758 1521 1792 18-
1549 1755 1612 1789 καὶ
1637 1754 1722 1789 add.

371 1802 423 1835 M.
508 1815 558 1848 ¹9·
586 1800 690 1848 παρὰ
718 1800 830 1843 detur
854 1804 889 1836 P.

280 1896 550 1930 asseveraveris.
607 1896 688 1941 Qua
725 1897 873 1942 quidem
901 1896 1118 1930 necessitate
1147 1907 1246 1929 nunc
1269 1901 1480 1940 praesente,
1509 1907 1555 1929 an
1579 1907 1618 1929 re
1640 1897 1718 1942 ipsa

278 1949 314 1976 te
351 1943 472 1976 refelli
507 1953 549 1975 ac
572 1943 738 1989 redargui
766 1943 935 1988 pulcrum
961 1943 1051 1976 adeo
1077 1942 1146 1975 tibi
1175 1942 1248 1983 sit,
1274 1947 1314 1974 tu
1339 1943 1482 1976 videris.
1532 1944 1719 1987 Praeterea

278 2000 352 2023 non
376 1990 468 2022 mihi
507 2001 584 2023 sum
627 1991 790 2035 conscia,
816 1988 1007 2022 offendisse
1033 1988 1232 2034 aliquando
1260 1989 1481 2023 voluntatem
1507 1995 1627 2023 tuam:
1652 1990 1718 2024 sed

279 2047 323 2069 ex
357 2046 429 2081 quo
467 2036 506 2069 in
541 2036 688 2069 domum
725 2036 997 2080 imperatoriam
1029 2035 1157 2079 nupsi,
1193 2045 1308 2080 aeque
1341 2040 1382 2068 ut
1415 2037 1562 2070 fratrem
1594 2046 1716 2070 meum

277 2092 482 2127 germanum
515 2082 720 2115 Sabaudiae
756 2082 922 2115 comitem
956 2087 992 2114 te
1028 2081 1124 2114 colui
1151 2090 1191 2113 ac
1220 2080 1356 2115 dilexi:
1393 2083 1466 2115 imo
1490 2091 1575 2115 vero
1598 2083 1715 2117 multo

276 2128 443 2173 amplius,
468 2127 568 2174 quod
593 2138 635 2160 ex
663 2128 728 2160 illo
756 2132 897 2161 mortuo
921 2137 1041 2181 neque
1067 2127 1278 2160 detrimenti
1307 2128 1527 2174 quidquam,
1562 2139 1629 2162 nec
1653 2140 1719 2162 su-

275 2175 428 2220 perstite
455 2174 653 2220 quidquam
678 2173 875 2213 commodi,
899 2178 1010 2207 tantis
1033 2185 1054 2206 a
1077 2184 1134 2208 me
1158 2179 1334 2207 terrarum
1361 2176 1487 2218 spatiis
1520 2173 1718 2217 disiuncto,

277 2221 466 2265 adipiscar.
517 2221 573 2254 Tu
604 2225 724 2253 autem
756 2225 932 2265 quantum
971 2219 1141 2265 prodesse
1175 2225 1279 2266 potes
1314 2221 1414 2255 vivus
1451 2220 1569 2265 (potes
1593 2226 1716 2255 autem

275 2268 383 2311 longe
417 2266 628 2312 plurimum)
658 2271 798 2299 tantum
830 2265 993 2311 mihique
1021 2270 1057 2299 et
1089 2266 1335 2311 reipublicae
1369 2268 1546 2300 Romanae
1583 2277 1716 2302 nocere

275 2317 381 2358 potes
404 2318 579 2346 mortuus.
629 2311 856 2357 Quamquam
880 2323 986 2356 porro
1009 2312 1122 2345 multa
1146 2323 1277 2357 queam
1300 2312 1419 2346 adhuc
1448 2313 1644 2358 adiungere
1677 2319 1715 2348 et

276 2358 364 2391 inde
401 2359 604 2398 ostendere,
640 2364 677 2392 te
714 2369 834 2403 neque
865 2358 1075 2402 frugiferum
1111 2369 1230 2404 neque
1264 2359 1395 2392 iustum
1421 2360 1558 2404 cepisse
1591 2361 1713 2393 consi-

274 2405 384 2444 lium,
408 2405 547 2439 omissis
574 2405 680 2446 aliis,
703 2404 797 2438 illud
826 2409 966 2437 tantum
992 2404 1119 2438 dicam.
1167 2405 1206 2437 si
1229 2407 1288 2439 cui
1321 2405 1449 2439 viatori
1477 2407 1715 2450 contingeret,

276 2451 316 2483 in
340 2451 528 2484 mulierem
553 2453 712 2496 aliquam
739 2451 900 2484 nobilem
924 2450 1105 2492 incidere,
1130 2450 1318 2485 viduitatis
1355 2452 1555 2486 calamitate
1584 2452 1713 2485 confli-

276 2501 455 2537 ctantem,
478 2508 557 2530 cum
583 2498 710 2531 liberis
733 2497 926 2541 orphanis,
951 2501 1071 2531 tutore
1095 2508 1238 2542 prorsus
1264 2498 1467 2539 destitutis,
1507 2503 1544 2532 et
1575 2498 1713 2533 ideirco

277 2543 391 2576 multa
425 2548 646 2577 metuentem
680 2554 826 2589 aspera,
862 2548 1098 2588 orantemque
1133 2549 1174 2576 ut
1197 2554 1448 2577 aerumnarum
1473 2555 1616 2578 suarum
1641 2546 1711 2582 mi-

278 2595 414 2627 sertus,
452 2591 507 2623 sui
547 2590 818 2636 liberorumque
849 2590 1088 2634 patrocinium
1120 2590 1334 2634 susciperet,
1370 2595 1406 2623 et
1439 2591 1638 2635 argumenti
1663 2586 1710 2624 aa

274 2636 564 2679 impetrationem
591 2636 686 2669 nihil
708 2637 913 2670 afferentem
938 2636 1007 2668 nisi
1034 2635 1263 2670 nobilitatem
1281 2647 1380 2669 suam
1403 2643 1439 2670 et
1461 2636 1711 2671 conditionem

274 2681 457 2715 infelicem
485 2693 527 2715 ac
554 2693 591 2715 se
615 2683 822 2725 indignam:
861 2693 983 2716 nonne
1008 2687 1212 2726 oporteret,
1239 2688 1275 2715 et
1302 2688 1337 2716 te
1373 2687 1410 2715 et
1444 2693 1711 2729 quemcumque

273 2728 328 2760 tui
353 2728 519 2767 similem,
544 2729 672 2762 ceteris
696 2729 878 2774 sepositis,
906 2738 1028 2761 curare
1054 2729 1163 2761 talem
1188 2729 1382 2768 seminam,
1408 2734 1581 2774 quantum
1608 2730 1646 2762 in
1671 2734 1710 2761 te

274 2779 390 2816 esset,
426 2774 643 2821 laboresque
670 2786 737 2822 pro
762 2775 827 2808 illa
851 2785 927 2809 non
953 2779 1134 2809 recusatos
1159 2774 1204 2809 ad
1228 2774 1446 2810 celebritatis
1473 2774 1708 2830 iustitiaeque
