1806 3152
519 164 894 208 ms'romARUM
913 204 915 206 ,
934 166 1006 206 111.
1037 163 1107 212 96·
1374 155 1387 162 ‘
1419 138 1530 214 58‘9

95 284 181 323 γοις
206 269 408 310 πείθουσα
437 266 542 322 πρὸς
566 266 639 323 τῆν
671 268 832 323 αἵρεσιν
858 267 931 323 τῆς
957 265 1168 321 ἀληθειῇις.
1223 259 1331 305 οὕτω
1359 263 1407 305 δὲ
1434 262 1532 315 περί
1543 268 1621 301 A.C.
1637 270 1724 315 1346

97 334 173 389 τὴν
199 335 339 376 πίστιν
369 328 571 389 ἆσφαλῶς
596 333 923 387 πολιτευσαμένη
971 332 1045 374 καὶ
1077 329 1170 385 τόγε
1215 330 1275 379 εἷς
1310 327 1442 383 αὕτὴν
1478 324 1527 384 ἧ-

96 417 165 442 κον
193 400 298 455 ὑπὲρ
330 398 461 454 αὐτῆς
482 398 867 455 προκινδυνεύσασα
895 396 1114 451 πολλάκις,
1143 397 1242 437 ου’δὲ
1277 397 1358 438 τῶν
1392 390 1569 438 ἄλλωνῦ

96 467 269 520 α’γαθῶν
308 466 473 520 η’μέλει,
542 463 647 506 ἀλλὰ
684 462 795 522 πάσῃ
832 467 973 520 τρυφῇ
999 465 1073 505 καί
1101 461 1338 520 πολυτελείᾳ
1364 463 1529 517 χαίρειν

73 530 299 584 5εἰποῦσα,
334 529 386 572 ‘ta'
429 525 526 573 ὄντα
563 535 650 579 τοῖς
690 532 836 585 πένησι
864 529 1072 582 διεδίδου,
1112 529 1186 570 καί
1225 525 1404 578 πολλοὺς
1443 531 1530 570 τῶν

94 598 167 640 ἑπί
185 595 351 655 δουλείᾳ
371 595 486 652 παρὰ
513 599 595 638 τῶν
622 596 851 652 βαρβάρων
876 594 1189 648 ἀποδιδομένων
1212 591 1396 650 ἐρ’ᾆυετο,
1422 611 1527 649 χρυ-

94 665 185 705 σίον
212 660 318 718 αὕτη
348 662 610 717 παρέχουσα,
638 661 713 703 καί
732 663 836 704 πᾶσι
862 660 1071 716 σωτηρίας
1099 655 1149 715 ἦν
1172 658 1298 715 λιμὴν
1324 666 1410 710 τοῖς
1429 659 1532 703 δυσ·
1544 664 1587 698 V-
1597 665 1664 709 546

94 730 268 782 τυχοῦσι
289 727 516 781 Ῥωμαίων
543 728 616 769 καὶ
646 728 970 781 δεδουλωμένοις
996 723 1078 769 ὑπὸ
1104 727 1185 768 τῶν
1203 725 1429 780 βαρβάρων
1445 730 1530 767 ’κα-

94 793 148 836 τὰ
189 792 454 848 συγχώρησιν
491 795 610 843 θεοῦ.
680 795 812 848 ἐκείνη
850 793 930 846 μὲν
968 788 1044 835 οὖν
1083 789 1195 833 οὕτω
1230 790 1336 846 πρὸς
1362 787 1531 834 ἅπασαν

46 860 222 902 ἰοῖδιέανΧ
239 861 432 914 ἐναρέτου
461 859 557 913 βίον
585 862 685 916 παρ’
713 856 810 902 ὅσον
837 859 1031 917 συνδιῆγε
1059 863 1144 907 τοῖς
1169 855 1402 914 βαρβάροις
1424 855 1530 914 χρό-

93 941 163 969 νον
196 925 464 981 έῤῥύθμησεν
491 922 658 980 ἑαυτήν.

202 990 282 1040 (ἶς’.
332 988 432 1033 ‘Ynd
472 993 518 1034 δὲ
552 989 626 1033 τὸν
644 989 781 1035 ,αὐτὸν
806 989 957 1046 χρόνον
985 988 1059 1032 καὶ
1083 991 1240 1043 ἐκτῶν
1266 988 1373 1031 κατὰ
1403 987 1520 1032 Πόν-
1535 996 1571 1033 Ρ.
1591 996 1661 1032 685

92 1072 163 1099 τον
199 1056 358 1097 πόλεων
388 1056 621 1109 Ῥωμαίοις
659 1055 847 1112 ὑπηκόων
876 1054 1132 1112 (Ηρακλείας
1155 1057 1229 1098 καί
1247 1051 1564 1111 ἈμάστριδοςΒ

96 1121 349 1164 κατάσκοποι
379 1123 659 1178 ἐπέμφθησαν
696 1122 833 1178 ἱερεύς
858 1138 923 1171 τις
961 1124 1035 1164 καί
1068 1119 1280 1175 μοναχός,
1308 1119 1382 1175 τὴν
1410 1124 1535 1174 βασι-

46 1188 198 1237 ιόλέως
226 1186 406 1240 δύναμιν
433 1186 792 1242 κατασκεψόμενοι
809 1221 820 1239 ,
855 1184 987 1243 ὁπόση
1014 1204 1076 1238 τις
1103 1182 1223 1240 οὖσα,
1252 1183 1387 1236 οὕτως
1415 1188 1533 1241 ἄκρι-

93 1256 270 1308 βέοτατα
298 1253 532 1304 Βυζάντιον
567 1253 744 1296 δύναται
781 1257 1028 1310 πολιορκεῖν.
1084 1251 1125 1295 οἱ
1153 1254 1216 1306 δὲ,
1246 1253 1339 1294 ἐπεὶ
1365 1253 1423 1303 εἰς
1450 1254 1534 1307 Ση-

77 1310 304 1373 λυμβρίαν
331 1312 453 1373 ἧκον,
483 1321 731 1375 Κοντοφραί
755 1321 976 1371 ἑξενίζοντο
1003 1319 1062 1376 τῷ
1088 1321 1420 1374 πρωτοσεβαστῷ
1446 1313 1533 1360 ὄντι

95 1383 326 1442 ἔπιτηδειζο.
383 1381 404 1424 ὅ
434 1385 482 1426 δὲ
508 1384 664 1434 αὐτοὺς
695 1388 875 1440 προσῆγε
899 1388 1072 1439 βασιλεῖ
1102 1386 1177 1426 καί
1211 1383 1288 1439 την
1316 1385 1454 1426 αἰτίαν
1481 1385 1533 1425 α’·-

94 1449 329 1504 πὴγγελλον,
360 1451 415 1491 δι’
442 1447 495 1504 ἢν
522 1455 608 1499 τοῖς
624 1452 840 1506 σφετέροις
855 1453 1135 1507 ἐπέμφθησαν
1154 1451 1355 1498 πολίταις.
1409 1452 1532 1503 βασι-

42 1518 198 1564 2ολέως
226 1516 274 1556 δὲ
302 1514 468 1570 ἡμέρως
493 1518 832 1570 χρηματίσαντος
859 1516 1005 1565 αὐτοῖς
1030 1514 1105 1556 καί
1128 1512 1460 1569 εὕηργετηκότος,
1492 1515 1533 1556 ἐ-

93 1580 166 1622 πεὶ
200 1582 439 1635 α’ναχωρεῖν
469 1579 576 1636 πρὸς
602 1580 677 1635 τήν
712 1582 845 1623 οἰκίαν
872 1579 1057 1634 ἔμελλον,
1085 1581 1168 1622 τῶν
1197 1582 1421 1633 βασιλείων
1448 1582 1530 1631 ἔξι-

95 1644 233 1699 όντες,
263 1644 400 1701 ὁρῶσί
421 1662 514 1687 τινα
543 1647 587 1688 έν
612 1645 840 1699 βασιλείοις
872 1645 1152 1702 διατρίβοντα,
1183 1639 1215 1703 ᾧ
1243 1647 1288 1687 ἒν
1312 1647 1571 1703 Βυζαντίῳῦ

94 1711 295 1766 μυστικὸν
329 1709 472 1767 ἐώρων
499 1709 570 1753 τὸν
601 1710 845 1766 Κίνναμον,
886 1707 1072 1768 ἄρχοντα
1098 1708 1195 1753 τότε
1223 1713 1305 1754 τῶν
1335 1711 1532 1768 πραγμά-

189 1818 221 1841 a.
242 1805 308 1848 τὴν
331 1819 400 1841 om.
426 1807 460 1839 P.
533 1808 569 1841 6.
595 1800 699 1851 naen}
725 1818 792 1842 om.
816 1807 866 1841 M.
965 1808 1019 1843 18.
1044 1805 1234 1852 ἐπιτιδείῳ
1258 1807 1293 1841 Ρ.
1390 1819 1444 1843 21.
1471 1807 1528 1842 οἰ-

187 1856 293 1888 κείαν
315 1854 365 1888 Μ.
455 1855 636 1897 βασιλέων
659 1854 696 1891 Ρ.
1033 1872 1042 1876 -

95 1949 184 1985 cum
211 1955 329 1984 autem
355 1949 452 1996 quod
478 1950 524 1982 ad
550 1949 634 1982 fidei
659 1949 828 1992 mysteria
851 1950 1004 1990 attinet,
1030 1953 1104 1982 tam
1134 1955 1340 1984 constanter
1362 1962 1400 1984 se
1425 1962 1529 1996 gere-

95 2003 152 2031 ret
197 2008 238 2030 ac
273 2007 336 2042 pro
364 2009 427 2030 sua
455 2003 556 2040 parte
580 1997 788 2042 frequenter
814 2007 893 2029 cum
920 1997 1081 2041 periculo
1108 2008 1172 2040 pro
1197 2007 1238 2028 ea
1271 2001 1526 2042 propugnaret,

58 2069 61 2076 .
95 2044 166 2077 alia
191 2043 333 2077 interim
361 2045 503 2077 virtutis
534 2043 663 2076 decora
688 2055 761 2076 non
785 2043 1017 2087 negligebat,
1053 2043 1118 2076 sed
1142 2054 1264 2076 omnes
1303 2043 1452 2078 delicias
1486 2058 1528 2079 ac

85 2090 396 2135 'magnificentiam
421 2091 541 2123 valere
567 2088 696 2122 iubens
726 2090 912 2123 facultates
932 2089 1121 2134 egentibus
1139 2089 1402 2132 distribuebat,
1427 2093 1528 2124 mul-

95 2141 226 2182 tosque
261 2136 422 2170 barbaris
458 2137 493 2169 in
530 2137 739 2169 servitutem
775 2136 962 2177 venditos,
991 2136 1083 2179 lytro
1112 2137 1297 2180 persoluto
1323 2138 1400 2181 ipsa
1427 2138 1527 2172 redi-

95 2183 237 2223 mebat,
270 2187 307 2216 et
342 2183 506 2217 Romanis
536 2182 704 2215 omnibus
740 2182 968 2215 incommoda
1002 2183 1144 2215 fortuna
1183 2182 1370 2217 utentibus
1415 2192 1526 2231 atque

95 2229 134 2262 in
168 2229 376 2263 servitutem
402 2241 422 2262 a
447 2229 623 2270 barbaris,
648 2228 726 2260 Deo
750 2231 996 2273 permittente,
1033 2228 1202 2270 redactis,
1233 2235 1358 2273 portus
1398 2233 1527 2266 salutis

95 2281 181 2309 erat.
231 2274 290 2308 Sic
324 2277 434 2320 igitur
465 2276 529 2308 ina
564 2274 734 2321 quamdiu
762 2276 856 2308 inter
882 2274 1052 2308 barbaros
1076 2275 1187 2320 vixit,
1222 2276 1332 2310 vitam
1355 2287 1456 2311 auam
1481 2279 1528 2312 ad

98 2334 204 2356 omne
230 2334 339 2366 genus
364 2323 507 2356 virtutis
532 2323 743 2367 composuit.

182 2370 239 2412 96.
288 2369 396 2401 Paulo
428 2373 510 2412 post
543 2380 587 2402 ex
618 2367 768 2401 urbibus
805 2367 1042 2401 Romanorum
1068 2367 1114 2400 ad
1141 2368 1317 2408 Pontum,
1342 2370 1529 2414 Heraclea,

96 2419 134 2446 et
166 2415 381 2454 Amastride‚
406 2413 570 2448 sacerdos
604 2414 752 2460 quidam
784 2425 863 2447 cum
887 2413 1062 2447 monacho
1086 2413 1133 2447 ad
1157 2413 1352 2448 exercitum
1377 2417 1531 2462 impera-

96 2462 186 2493 toris
218 2461 498 2504 speculandum,
536 2458 868 2506 quantus‘tandem
907 2465 1023 2499 esset,
1058 2459 1120 2506 qui
1157 2458 1363 2503 Byz'antium
1396 2464 1447 2497 sic
1470 2477 1529 2499 ar—

96 2506 254 2539 ctissime
289 2507 456 2541 obsidere
489 2513 630 2552 posset,
664 2507 784 2541 emissi
821 2512 916 2542 sunt.
973 2506 1020 2539 Hi
1050 2513 1089 2539 ut
1114 2506 1315 2550 Selybriam
1338 2516 1528 2552 venerunt,

96 2564 117 2585 a
145 2553 366 2597 Contophre,
389 2554 447 2587 cui
480 2564 559 2587 cum
589 2554 839 2599 protosebasto
872 2553 1031 2586 amicitia
1066 2553 1333 2596 intercedebat,
1368 2555 1528 2602 hospitio

97 2605 180 2632 sunt
213 2601 377 2644 accepti,
403 2601 506 2645 isque
527 2600 573 2634 ad
597 2601 849 2646 imperatorem
882 2611 942 2632 cos
974 2598 1148 2640 adduxit,
1182 2604 1219 2632 et
1251 2603 1483 2646 quamobrem
1508 2615 1529 2636 a

96 2645 234 2678 civibus
255 2647 355 2678 missi
379 2653 510 2687 essent,
526 2647 710 2681 indicavit.
753 2646 840 2679 Cum
866 2647 1062 2691 imperator
1085 2645 1240 2690 benigne
1264 2648 1351 2692 ipsis
1379 2661 1530 2695 respon-

97 2693 212 2726 disset
247 2697 283 2725 et
314 2692 573 2733 benefecisset‚.
593 2695 664 2727 iam
690 2692 826 2737 palatio
852 2692 1088 2736 egredienteS,
1122 2697 1162 2725 ut
1187 2692 1329 2727 domum
1355 2696 1528 2736 redirent,

98 2738 278 2786 quendam
313 2739 390 2772 illic
418 2741 666 2786 conspiciunt,
693 2740 757 2786 qu‘i
783 2744 861 2772 cum
885 2738 1082 2784 aliquando
1117 2739 1279 2784 Byzantii
1313 2741 1528 2777 cinnamum
