1820 3152
522 167 898 213 Hls'romARUM
924 173 997 213 111.
1025 173 1093 220 87.
1350 172 1355 182 ’
1426 151 1538 211 535

110 269 351 325 φροντίζων,
382 261 512 317 ἄλλοις
537 283 580 311 τε
607 268 744 320 πόλεις
770 270 852 312 τῶν
874 269 1106 324 “Ρωμαίοις
1125 269 1319 326 ὗπηκόων
1345 265 1442 325 εἷλε,
1470 272 1543 314 καί
1551 275 1634 312 A.C.
1653 277 1737 326 1345

109 334 253 390 Φερὰς
280 335 351 376 ἐπὶ
384 332 536 388 χρόνον
563 333 720 388 συχνὸν
745 338 990 391 πολιορκῶν,
1023 338 1068 380 ἒν
1092 335 1261 395 μεγάλῃ
1296 338 1546 393 κατέστησεν

108 400 247 458 ἐνδείᾳ
283 397 356 441 καὶ
389 393 470 454 ἤδη
509 400 555 442 ἐν
590 401 752 443 ἐλπίσιν
789 395 842 456 ἦν
878 399 982 454 μετὰ
1022 401 1174 458 μικρὸν
1207 399 1335 444 ἑλεῖν·
1378 399 1468 456 ἅμα
1498 404 1546 446 δὲ

106 466 179 507 καί
197 465 244 506 ἐκ
267 466 349 508 τῶν
373 462 490 507 ἔνδον
516 462 715 520 ἐπραττὸν
750 481 880 520 τινες,
909 466 966 517 ὥς
994 470 1195 523 Φεραῖοι,
1224 468 1298 522 τῆς
1319 467 1548 521 Ῥωμαίων

80 528 324 585 ὄῆγεμονίας
340 528 608 582 ἀποστάντες,
631 529 1004 587 προσχωρήσουσιν
1027 530 1188 583 ἑκόντες
1215 536 1451 590 Τριβαλοῖς,
1471 535 1546 576 τοῦ

106 593 263 652 Κροίλη
292 597 435 646 αὐτοῖς
462 593 752 651 ὑποσχομένου
781 598 854 652 τῆς
872 597 1028 648 πόλεως
1057 598 1292 649 ἀποδείξειν
1320 592 1544 654 ἄρχοντας,

105 655 158 703 ἂν
183 663 355 704 τοιαῦτα
381 660 480 711 τούς
504 664 672 712 πολίτας
698 665 916 706 πείθωσιν·
946 659 1006 707 ὧν
1034 658 1086 719 ἦν
1113 663 1342 721 κεφάλαιον
1362 662 1545 719 Ἀσάνης

105 725 129 768 ὅ
167 725 400 782 Μανουὴλ,
441 730 558 778 θεῖος
592 727 698 784 πρὸς
726 728 880 784 πατρὸς
922 727 1078 787 Εἰρήνῃ
1107 733 1160 787 τῇ
1186 729 1389 784 βασιλίδι.
1443 733 1544 772 Παο

103 790 315 846 λαιολόγος
333 793 379 834 δὲ
401 795 717 843 Κωνσταντῖνος
745 793 768 836 ὅ
795 798 871 837 τοῦ
896 797 1102 849 βασιλέως
1123 791 1393 851 Ἀνδρονίκου
1412 798 1541 846 θεῖος,

22 872 23 875 ’
53 857 179 900 tonat*
210 857 500 911 Τζαμπλοίκων
527 857 772 915 Δημήτριος
797 861 930 916 μέγας
957 860 1325 917 στρατοπεδάρχης
1343 858 1365 901 ὅ
1393 858 1582 903 τούτουῐ)

101 922 288 979 γαμβρὸς
314 922 366 966 τὰ
387 924 608 978 Ῥωμαίων
634 926 900 982 φρονοῦντες,
929 921 1202 982 ἆντέπραττόν
1227 942 1273 968 τε
1296 931 1386 975 ’τοῖς
1412 928 1543 982 πράτ-

102 1004 221 1031 τουσι
252 988 304 1031 τὰ
340 993 605 1045 Τριβαλλῶν,
634 993 707 1033 καί
734 993 874 1034 πᾶσαν
901 990 1088 1047 σπουδὴν
1113 992 1300 1046 εἰσῆγον,
1338 988 1444 1034 ὥστε
1482 990 1542 1046 μῆ

104 1053 303 1110 τοιαύτην
331 1053 451 1097 πόλιν
479 1056 796 1111 τῆς“Ρωμαι’ων
822 1057 1043 1113 ἡγεμονίας
1072 1058 1320 1110 οἷπολέσθαι,
1339 1059 1411 1100 καί
1437 1054 1544 1112 πρὸς

102 1123 280 1173 βασιλέα
316 1120 501 1174 ἔπεμπον
536 1120 723 1175 δεόμενοι
750 1126 933 1178 βοηθεῖν.
961 1121 989 1165 ὃ
1018 1122 1140 1172 εἰδώς
1167 1122 1370 1177 βασιλεὺς
1406 1120 1545 1178 ἔκρινε
1590 1138 1596 1139 ’

53 1187 188 1228 ιόὃεῖν
215 1188 439 1241 πρεσβείαν
466 1190 681 1228 ποιεῖσθαι
716 1186 822 1243 πρὸς
852 1186 1057 1243 Κράλην,
1092 1183 1170 1230 κᾶν
1196 1190 1276 1241 μὲν
1308 1186 1543 1242 α’πόσχηται

103 1253 252 1308 Φερῶν
262 1285 284 1307 ‚r
313 1257 454 1308 τηρεῖν
489 1251 563 1294 καί
595 1251 722 1295 αῦτὸν
750 1252 849 1302 τούς
880 1250 1028 1309 ὅρκους
1054 1256 1128 1295 καί
1154 1253 1229 1303 τὰς
1255 1250 1458 1303 σπονδάς·
1489 1248 1544 1293 ἂν

100 1319 138 1359 δ’
166 1318 321 1366 ἐκεῖνος
348 1315 500 1375 ὃιαλύῃ
542 1317 770 1374 πρότερος,
801 1325 955 1376 χωρεῖν
995 1321 1056 1360 ἐπ’
1086 1317 1213 1361 αὐτὸν
1254 1315 1343 1372 ἅμα
1371 1319 1544 1374 στρατιᾷ

100 1385 154 1440 τῇ
181 1386 391 1439 Περσικῇ.
446 1383 520 1425 καί
543 1383 634 1425 ἐπεὶ
658 1384 851 1426 ἐδέδοκτο
868 1417 881 1438 ,
909 1387 1083 1439 πέμψας
1103 1381 1297 1439 Ἰωάννην
1325 1382 1398 1426 τὸν
1424 1386 1543 1439 Βρυ-

100 1450 257 1501 έννιον,
301 1446 488 1490 ἐκέλευεν
531 1444 767 1504 ἀναχωρεῖν
806 1453 974 1505 Φερῶν,
1024 1451 1084 1499 ὦς
1126 1450 1243 1506 αὐτῷ’
1272 1451 1346 1503 τῆς
1386 1447 1545 1497 πόλεως

48 1510 407 1570 ποδιαφεροίσης,
452 1514 526 1555 καί
564 1516 640 1555 τοῦ
668 1518 819 1556 λοιποῦ
844 1517 977 1570 μηδὲν
1025 1519 1298 1570 παρενοχλεῖν
1337 1512 1431 1569 μήτ’
1462 1515 1541 1555 av’-

96 1578 198 1634 τὴν,
246 1577 342 1634 μήτ’
389 1574 517 1634 ἄλλην
567 1581 651 1621 τῶν
671 1579 894 1632 Ῥωμαίοις
940 1577 1138 1634 ὑπηκόων
1176 1578 1348 1622 πόλεων.
1413 1577 1586 1634 αὕτὸνΡ.
1600 1584 1668 1620 653

95 1647 175 1698 μὲν
200 1643 279 1700 γὰρ
315 1643 386 1685 ciel
409 1645 653 1699 μεμνῆσθαι
687 1648 763 1698 τῆς
792 1646 958 1693 εὐνοίας
988 1647 1061 1686 καί
1083 1645 1220 1698 τιμῆς,
1247 1639 1298 1699 ἧς
1328 1643 1539 1686 ἀπέλαυσε

97 1712 324 1765 διατρίβων
354 1709 594 1767 παράὕτῷ,
626 1708 699 1751 καί
726 1711 886 1752 δίκαιον
915 1706 1023 1751 εἶναι
1050 1709 1216 1751 οἴεσθαι
1244 1710 1315 1764 τῆς
1347 1709 1539 1758 εὔποιΐας

97 1773 463 1832 ἀπομνημονεύειν.
531 1774 673 1832 διόπερ
705 1772 837 1825 αὐτοῦ
864 1778 936 1818 καί
959 1774 1062 1831 πρὸς
1093 1773 1280 1833 Βερῥοία
1312 1772 1387 1823 τὰς
1414 1789 1540 1816 σπον-

96 1922 261 1968 percussi
294 1932 375 1954 cum
401 1932 444 1955 eo
468 1919 624 1954 foederis
640 1943 650 1960 ‚
687 1923 724 1952 et
750 1919 838 1952 alias
863 1918 971 1953 urbes
997 1919 1175 1953 Romanae
1201 1917 1350 1953 ditionis
1379 1928 1535 1963 occupa-

98 1974 175 2009 rat,
213 1974 251 2002 et
280 1968 411 2003 Pheras
443 1967 586 2000 diutina
624 1965 815 1999 obsidione
846 1976 1035 2011 premenS,
1069 1966 1114 1999 ad
1145 1964 1387 1999 miserabilem
1419 1966 1535 1998 victus

97 2016 258 2060 inopiam
293 2015 492 2060 redegerat,
525 2018 566 2046 ut
596 2012 706 2057 paulo
741 2017 824 2056 post
844 2012 908 2046 illa
933 2023 970 2046 se
996 2012 1196 2057 potiturum
1223 2011 1428 2045 confideret.
1478 2012 1535 2044 Si-

96 2063 175 2096 mul
200 2066 321 2096 autem
345 2072 389 2094 ex
414 2061 542 2094 incolis
567 2059 712 2104 quidam
736 2058 967 2100 laborabant,
994 2064 1036 2092 ut
1060 2060 1168 2099 cives,
1193 2058 1343 2092 desertis
1355 2058 1534 2100 Romanis,

96 2109 144 2143 ad
172 2108 352 2143 Triballos
393 2107 489 2140 ultro
525 2106 738 2140 deficerent:
769 2105 902 2151 quibus
935 2105 1077 2146 Crales,
1102 2107 1133 2139 si
1157 2105 1295 2150 populo
1322 2105 1360 2137 id
1384 2111 1542 2147 persua-v

96 2157 252 2195 sissent,
281 2154 508 2200 magistratus
541 2153 642 2186 urbis
681 2151 940 2196 desponderat:
978 2164 1131 2197 quorum
1175 2151 1429 2196 antesignanus
1455 2155 1532 2183 erat

93 2203 243 2236 Manuel
268 2202 401 2235 Asanes
426 2201 547 2233 Irenes
571 2199 808 2244 imperatricis
832 2205 992 2243 patruus.
1042 2196 1300 2232 Constantinus
1326 2201 1445 2230 autem
1467 2196 1532 2230 Pa-

92 2249 299 2294 laeologus,
334 2247 530 2281 Andronici
563 2245 788 2290 imperatoris
822 2250 996 2290 patruus,
1032 2250 1068 2278 et
1106 2244 1311 2278 Demetrius
1345 2243 1531 2287 Zamplaco

92 2307 240 2340 magnus
273 2293 564 2337 stratopedarcha
596 2294 674 2326 eius
708 2302 837 2337 gener,
872 2291 1021 2325 factioni
1047 2291 1264 2325 Triballicae
1288 2288 1529 2332 adversantes,

93 2342 263 2377 Romanis
295 2340 483 2374 favebant:
518 2338 686 2385 nihilque
715 2349 789 2371 non
819 2338 1122 2383 experiebantur,
1158 2349 1206 2371 ne
1246 2336 1328 2369 talis
1360 2336 1482 2369 civitas
1507 2346 1528 2368 a

93 2391 254 2423 Romano
289 2388 442 2432 imperio
468 2386 707 2426 avelleretur,
741 2389 778 2418 et
802 2384 847 2416 ab
874 2386 1088 2430 imperatore
1112 2383 1284 2418 auxilium
1308 2381 1528 2426 flagitabant,

92 2435 229 2470 Horum
264 2433 427 2468 conscius
460 2433 674 2477 imperator,
712 2431 853 2466 Cralem
885 2442 949 2476 per
978 2432 1113 2476 legatos
1143 2429 1427 2463 conveniendum
1453 2431 1528 2463 exi..

93 2481 270 2516 stimavit:
303 2486 341 2515 et
373 2480 404 2513 si
438 2478 585 2525 quidem
623 2477 749 2515 Pheris
784 2478 995 2519 absisteret,
1025 2476 1093 2511 sibi
1126 2487 1274 2523 quoque
1310 2475 1458 2510 foedera
1489 2481 1527 2510 et

91 2529 295 2562 iuramenta
330 2525 526 2560 servanda:
559 2526 615 2558 sin
653 2525 716 2558 ille
747 2525 846 2569 prior
883 2535 924 2557 ea
964 2525 1199 2569 profanaret,
1230 2523 1347 2556 Persis
1379 2534 1526 2569 quoque

92 2574 322 2608 adiutoribus
346 2571 598 2607 invadendum.
646 2571 803 2617 Quando
842 2570 951 2615 igitur
983 2571 1096 2603 visum
1126 2575 1180 2603 est
1202 2574 1392 2615 maturum,
1416 2570 1524 2602 misso

94 2623 232 2655 Ioanne
247 2619 441 2663 Bryennio,
467 2622 508 2651 ut
530 2617 662 2651 Pheras
687 2618 920 2662 relinqueret,
944 2616 1107 2650 hortatus
1123 2621 1195 2650 est:
1221 2615 1343 2649 urbem
1373 2627 1436 2648 sua
1463 2615 1524 2648 in-

95 2672 247 2702 teresse:
273 2678 314 2699 ae
337 2667 382 2700 de
407 2669 525 2698 cetero
550 2675 616 2698 nec
643 2665 719 2705 illi,
756 2674 823 2696 nec
847 2663 1012 2708 cuiquam
1038 2665 1211 2697 Romanae
1234 2662 1314 2695 urbi
1337 2663 1523 2707 negotium

96 2714 293 2748 exhiberet.
341 2711 447 2757 Apud
483 2721 520 2744 se
546 2710 692 2757 quidem
717 2710 815 2743 illius
841 2709 1116 2743 benevolentiae
1141 2710 1414 2754 honorumque,
1438 2709 1523 2752 qui-

95 2760 162 2795 bus
189 2765 415 2808 praesentem
447 2757 543 2793 domi
568 2768 652 2792 suae
676 2757 966 2798 cohonestasset,
1000 2768 1181 2804 nunquam
1216 2755 1523 2791 intermorituram
