1812 3132
262 169 333 223 86
790 181 1160 225 CANTAeUzEm

62 291 100 325 Δ.
118 294 152 326 C.
173 293 383 343 ι3ξιρητον
413 287 606 342 παραινῶ
631 286 859 340 περιιδεῖν,
900 282 1007 325 ἀλλὰ
1044 283 1179 337 λόγοις
1207 281 1383 324 κολάσαι
1409 284 1696 338 προσκαλεσα-
1722 316 1725 320 .

253 355 381 407 με’νην
419 354 492 407 τῆς
518 349 705 406 γλώσσης
739 352 809 404 τῆς
849 346 1075 397 ἀκολασίας
1113 350 1244 390 ἕνεκα.
1298 345 1512 404 παρῄνεσα
1555 347 1592 387 δ’
1623 362 1695 398 αν,

254 421 327 459 καί
353 420 564 459 ε’πιπλεῖον
597 417 866 469 ἐνδείξασθαι
895 415 970 469 τὴν
1001 411 1129 468 ὄργὴν
1169 412 1245 467 την
1287 411 1393 468 πρὸς
1437 410 1617 465 αὐτοὺς,
1657 413 1698 454 εἰ

252 483 311 538 μη
338 482 499 536 ταχέως
528 481 696 534 ἔμελλον
732 483 899 523 ἐνθένδε
933 476 1262 530 ἀπελεύσεσθαι,
1293 476 1394 527 τούς
1420 480 1588 526 πλειόυς
1618 478 1696 518 αὕ-

251 551 336 590 mh
364 545 636 603 παραλαβών.
691 545 755 588 διὸ
782 562 888 598 μετα
928 544 974 586 τὸ
1001 543 1283 596 καθάψασθαι
1313 542 1570 597 ἀρκούντως,
1614 538 1723 584 ποι-5

224 613 422 668 Οράσχου
450 613 714 666 συγγνώμην,
760 612 982 664 αἰτιωμένη
1009 612 1080 663 τῆς
1108 608 1346 663 ὁδοιπορίας
1374 605 1451 663 τὴν
1478 608 1698 663 οἷνάγκηνΡ

255 679 286 720 ὡ·
317 681 537 719 πεισθεῖσα
568 679 640 718 καί
666 675 691 731 ἦ
719 675 906 730 βασιλις,
937 671 1033 722 τοὺς
1061 668 1216 751 ἄνδρας
1242 689 1285 715 τε
1308 677 1600 728 προσεκαλεῖτο
1625 689 1698 715 και

252 743 464 795 ω’νείὸιζεν
503 743 646 791 αὐτοῖς
681 758 755 797 την
796 741 1098 790 α’παιδευοίαν,
1143 735 1209 779 ότι
1235 738 1442 792 βασιλέων
1469 741 1697 794 ἐντεθραμ-

250 812 370 863 μένοι
418 808 563 862 νόμοις
604 808 677 850 καί
715 806 905 855 συνόντες
943 823 989 848 εκ
1027 804 1203 857 παιδὸς,
1242 807 1363 847 οὐδὲν
1407 799 1574 858 ἄμεινον
1612 806 1696 847 τῶν

225 883 227 885 ’
254 873 542 928 α’βασιλεύτων
560 874 770 915 διάκεισθε
792 870 1041 928 βαρβάρων,
1075 873 1158 912 πᾶν
1177 869 1222 912 τὸ
1243 872 1568 925 προσιστάμενον
1589 870 1745 922 ὖμῖνῑῡ,
1790 882 1794 885 ’

247 938 433 988 ἀτάκτως
451 940 741 993 θορυβοῦντες.
809 942 997 979 σκοπεῖτε
1024 935 1129 992 γὰρ,
1162 937 1220 986 εἰς
1242 931 1340 977 ὅσον
1368 932 1510 984 άνοίας
1536 931 1697 990 ἧλοῖσα-

245 1021 292 1046 τε
329 1007 438 1046 νυνί.
505 1006 667 1058 πρῶτον
701 1005 779 1056 μὲν
815 1001 894 1057 γὰρ
936 1004 980 1044 ἐν
1007 1004 1234 1056 βασιλείοις
1262 1003 1456 1057 φανερῶς
1484 1002 1695 1043 οἷντείπετε

245 1071 468 1123 βασιλεῦσι
489 1087 499 1096 ·
560 1069 753 1123 δεύτερον
783 1071 833 1122 δ’,
863 1064 927 1110 ὅτι
954 1066 1196 1123 πατριάρχῃ
1242 1066 1492 1122 διηνέχθη-τε
1517 1099 1530 1119 ,
1573 1067 1697 1123 κοινῷ

245 1135 412 1175 πάντων
455 1128 547 1175 ὄντι
585 1137 715 1187 πατρί
754 1135 1016 1190 πνευματικῷ
1057 1134 1130 1174 καί
1166 1129 1345 1184 μάλιστα
1369 1133 1524 1186 πολλῆς
1552 1132 1696 1180 αἰδοῦς

245 1199 346 1256 ἀξίω
365 1216 435 1241 και
455 1215 590 1254 τιμης,
609 1200 746 1239 πολλιΐὶ
773 1199 896 1240 πλέον
923 1193 949 1253 ἢ
979 1196 1018 1239 οἷ
1035 1199 1243 1250 σαρκικοῖς
1259 1197 1549 1252 γεγεννηκότες.
1606 1193 1763 1251 vel-15.

453 1261 472 1277 t!

243 1280 315 1306 τον
358 1267 420 1317 δ’,
449 1281 515 1305 οτι
555 1281 623 1305 και
655 1264 759 1316 ὑπὲρ
788 1263 972 1318 μεγάλου
1004 1264 1248 1315 ὃομεστίκου
1282 1263 1410 1316 ὃηθεν
1438 1259 1694 1315 ἐποιήσασθε

244 1344 345 1377 τους
372 1330 550 1383 λόγους,
591 1328 685 1382 τόγε
718 1344 778 1377 εις
806 1345 918 1381 υμας
947 1331 1042 1383 ηκον
1072 1325 1382 1375 αποδεικνυντες
1424 1325 1494 1367 διὰ
1536 1327 1696 1385 τούτων

200 1408 320 1473 Βτης
355 1397 453 1448 παρ’
495 1410 615 1446 υμων
654 1391 786 1435 αυτὸν
825 1393 1018 1447 δεόμενον
1057 1394 1300 1446 ἐπικουρίας
1337 1393 1396 1448 εἰς
1433 1391 1481 1433 τὸ
1521 1398 1693 1455 τυχεῖν,

244 1475 281 1502 ει
308 1475 420 1508 τινος
460 1461 592 1500 δέοιτο
634 1460 735 1512 παρ’
766 1456 898 1513 ἧμων.
961 1474 1080 1500 τουτο
1119 1459 1158 1498 ‹5’
1186 1453 1246 1498 ὅτι
1273 1459 1355 1498 τῶν
1383 1452 1692 1510 ἀτοπωτάτων,

245 1524 322 1576 οὗχ
361 1521 540 1577 ἑτέροις,
583 1523 671 1564 ἀλλ’
699 1522 797 1576 ὑμῖν
825 1522 970 1572 αὖτοΐς
996 1524 1217 1577 χρησασθε
1246 1518 1490 1576 διαιτηταῖς,
1538 1538 1586 1563 ου
1607 1521 1745 1577 γάρῳ

242 1591 318 1630 νῦν
338 1587 489 1642 μόνον,
518 1584 585 1628 ὅτε
609 1590 669 1636 εἰς
696 1587 823 1635 αὐτὸν
851 1585 1040 1643 περιήκει
1061 1589 1142 1628 τῶν
1168 1584 1277 1627 ὅλων
1306 1583 1334 1641 ἦ
1355 1589 1547 1642 φροντὶς,
1579 1584 1686 1629 ἀλλὰ

243 1655 315 1695 καί
350 1654 557 1707 βασιλέως
597 1654 768 1704 ζῶντος,
811 1652 929 1705 ὑμῶν
958 1651 1149 1694 ἁπάντων
1188 1645 1312 1700 οὗτος
1351 1653 1600 1706 προῖστατο,
1642 1655 1688 1696 ἐν

335 1746 367 1792 5.
392 1744 595 1804 παράσχον
617 1756 653 1790 Ρ.
762 1766 812 1789 12.
837 1754 878 1789 ἐν
902 1765 974 1789 om.
1000 1754 1035 1787 P.
1112 1754 1161 1788 15.
1186 1754 1431 1799 γεγενηκότες
1453 1755 1488 1788 Ρ.

242 1863 299 1884 me
335 1853 435 1885 litun
467 1863 547 1884 mea
578 1852 805 1895 potissimum
837 1861 942 1884 causa
976 1855 1135 1883 exortam
1169 1849 1278 1883 facile
1311 1850 1583 1894 dirempturum.
1633 1852 1686 1885 Te

242 1903 362 1930 autem
392 1909 545 1938 moneo,
581 1903 622 1930 ut
657 1897 862 1941 superbiam
903 1898 1007 1930 istam
1045 1896 1197 1929 inultam
1233 1907 1279 1929 ne
1312 1897 1523 1942 relinquas,
1561 1909 1686 1931 verum

241 1946 431 1977 acce1sitos
457 1949 606 1990 propter
629 1944 774 1987 linguae
799 1943 1067 1988 protervitatem
1096 1941 1302 1984 obiurgites.
1350 1943 1535 1975 Monerem
1563 1946 1685 1985 etiam,

242 1996 283 2023 ut
318 1995 354 2022 te
389 1991 582 2024 admodum
615 1991 687 2023 illis
724 1991 850 2023 iratam
886 1988 1117 2029 ostenderes,
1155 1988 1227 2021 nisi
1262 1988 1364 2022 br-evi
1399 1989 1485 2021 hinc
1517 1989 1684 2034 pluribus

242 2047 363 2070 eorum
392 2038 513 2071 ascitis
547 2037 766 2070 discessurus
797 2047 920 2069 essem.
980 2035 1115 2068 Idcirco
1141 2035 1205 2066 ubi
1232 2039 1405 2079 quantum
1430 2035 1514 2068 satis
1540 2042 1595 2068 est
1621 2047 1684 2070 eos

242 2084 489 2127 castigaveris,
526 2088 667 2115 causata
688 2082 923 2126 profectionis
947 2092 1048 2115 meae
1074 2082 1346 2122 necessitatem,
1377 2084 1482 2114 venia
1507 2082 1590 2115 illos
1615 2084 1687 2115 im..

239 2130 388 2174 pertitO.
437 2130 598 2173 Augusta
632 2129 794 2161 monenti
821 2129 1015 2168 obsecuta,
1051 2129 1144 2160 viros
1180 2127 1263 2159 ilios
1298 2128 1467 2171 accersit3
1502 2127 1684 2163 inscitiam

243 2175 464 2219 exprobrat,
502 2177 600 2219 quod
626 2175 722 2207 inter
746 2176 841 2217 loges
865 2176 977 2218 regias
1006 2173 1147 2207 educati
1172 2179 1208 2206 et
1231 2175 1270 2205 in
1294 2174 1339 2206 iis
1374 2185 1394 2206 a
1431 2175 1564 2207 teneris
1602 2186 1685 2209 ver-

241 2223 333 2261 sati,
365 2220 481 2254 nihilo
510 2226 627 2254 tamen
653 2220 815 2254 barbaris
841 2231 921 2264 rege
947 2220 1150 2254 carentibus
1179 2224 1401 2262 praestarent
1433 2225 1471 2253 et
1501 2220 1684 2267 quidquid

240 2267 313 2299 sibi
349 2267 576 2308 obstitisset,
630 2267 751 2299 statim
787 2267 911 2300 turbas
954 2279 994 2300 ac
1030 2267 1223 2299 tumultum
1259 2267 1406 2299 cierent.
1464 2267 1682 2311 Perpendite

243 2314 361 2354 enim,
402 2314 545 2358 inquit,
589 2324 659 2357 quo
696 2324 791 2346 nunc
824 2314 1002 2347 amentiae
1038 2312 1255 2357 prodieritiS.
1315 2313 1469 2345 Primum
1513 2315 1608 2346 enim
1641 2314 1715 2354 in‚'

246 2359 326 2402 ipso
361 2360 495 2404 palatio
527 2359 806 2403 imperatoribus
839 2366 961 2404 aperte
995 2359 1228 2405 repugnastis.
1276 2359 1418 2391 Deinde
1451 2371 1530 2392 cum
1565 2361 1682 2404 patri-

243 2405 350 2437 archa
382 2407 560 2438 communi
587 2406 745 2439 omnium
778 2411 880 2450 patre
914 2405 1092 2450 spirituali
1118 2410 1154 2437 et
1188 2405 1286 2437 omni
1311 2406 1513 2438 reverentia
1539 2406 1678 2450 dignis-

243 2452 356 2491 simo,
380 2454 490 2496 magis
516 2464 620 2498 quam
646 2453 708 2498 qui
736 2463 800 2497 per
821 2463 1007 2497 corporum
1033 2451 1322 2485 coniunctionem
1351 2462 1416 2485 nos
1442 2459 1679 2496 generarunt,

246 2498 407 2530 altercati
435 2499 529 2531 estis.
579 2499 760 2532 Postremo
788 2500 894 2532 etiam
916 2509 979 2542 pro
1005 2509 1130 2540 magno
1158 2497 1352 2531 domestico
1378 2499 1548 2532 videlicet
1569 2499 1680 2533 verba

243 2543 402 2584 fecistis;
430 2545 529 2588 quod
556 2545 601 2576 ad
626 2556 686 2578 vos
713 2545 861 2585 attinet,
896 2545 1088 2584 docentes,
1123 2556 1203 2577 eum
1236 2550 1350 2576 vestra
1385 2545 1546 2589 indigere
1579 2556 1675 2589 ope,

243 2591 371 2634 siqua
398 2591 454 2621 ilii
487 2602 524 2623 re
557 2603 576 2624 a
606 2591 711 2625 nobis
745 2602 833 2635 opus
869 2591 924 2624 sit.
973 2590 1050 2622 Hoc
1083 2595 1202 2622 autem
1236 2569 1533 2624 absurdissimum
1574 2602 1676 2633 esse,

241 2647 316 2668 non
343 2635 445 2676 aliis,
472 2637 532 2670 sed
558 2638 659 2670 vobis
686 2639 772 2681 ipsis
798 2636 978 2670 iudicibus
1003 2637 1156 2668 utamini
1181 2637 1277 2669 licet.
1339 2636 1421 2670 Non
1445 2638 1540 2669 enim
1566 2637 1675 2671 modo

242 2682 448 2722 dumtaxat,
488 2684 631 2728 quando
656 2684 700 2716 ad
726 2696 805 2716 eum
831 2695 966 2716 summa
1000 2694 1117 2716 rerum
1151 2684 1355 2728 procuratio
1391 2683 1558 2717 devoluta
1598 2689 1673 2717 cst.

243 2728 306 2760 sid
332 2733 368 2760 et
393 2729 472 2761 vivo
498 2731 711 2773 imperitoie
737 2731 839 2764 vobis
866 2730 1032 2763 omnibus
1057 2729 1116 2762 hic
1152 2735 1333 2772 praeerat,
1367 2729 1406 2762 in
1443 2729 1574 2774 quibus
1602 2730 1673 2762 im-

242 2779 442 2818 peratorem
478 2774 738 2821 requirebatis:
775 2782 929 2811 vestrum
962 2782 1083 2810 contra
1118 2775 1174 2809 illi
1210 2786 1326 2810 nemo.
1384 2775 1503 2821 Quare
1535 2786 1616 2810 cum
1653 2786 1673 2809 c
