1820 3152
519 167 897 224 ms‘romA'RUM
934 180 1006 221 111.
1033 180 1108 227 87.
1431 157 1540 234 537

112 282 531 341 ἄργυρολογήσουσαν
558 282 656 332 τούς
687 282 910 336 ἐμπόρους.
965 281 1023 331 ὥς
1049 282 1095 323 δὲ
1132 278 1268 322 πάντα
1305 281 1544 335 ἐξηλέγχετο
1554 286 1633 321 A.c.
1652 287 1737 332 :345

110 349 253 406 α’πάτη
279 351 353 392 καὶ
381 347 643 406 φενακισμοί,
670 350 743 390 καί
767 347 913 396 πάντες
940 342 1022 402 ἤδη
1057 345 1160 403 πρὸς
1199 341 1327 388 αὖτὸν
1356 341 1546 387 ἀπέσκω-

107 431 208 458 πτον
235 417 395 468 α’δεῶς,
423 413 563 464 δείσας
589 412 649 468 μή
685 430 727 455 τι
751 414 1005 470 νεωτερισθῇ
1030 412 1129 468 περὶ
1157 410 1313 464 αὐτὸν,
1341 412 1546 464 ἐσκέψατο

108 483 248 524 πᾶσαν
271 479 347 535 τήν
374 477 555 532 δύναμιν
581 480 641 528 εἷς
665 477 742 534 τὴν
772 476 991 521 θάλασσαν
1020 478 1212 531 μετάγειν
1241 479 1314 518 καί
1341 475 1444 531 πρὸς
1472 493 1544 518 τυ-

85 542 285 602 5ραννίδα
323 544 401 600 τήν
437 546 644 587 πολιτείαν
681 546 898 602 μεθιστᾷν.
965 542 1038 585 καὶ
1072 544 1215 599 πρῶτα
1239 545 1316 596 μὲν
1353 540 1589 585 ναυτικὸνῙ)

108 611 413 666 συστήσασθαι
445 613 518 653 καί
544 611 732 665 ὁπλίτας,
766 612 840 654 καί
864 608 1159 666 τούτοις-πρός
1187 624 1232 652 τε
1262 608 1338 657 τὰς
1363 608 1549 663 τριήρεις

105 678 298 732 χρῆσθαι
333 679 406 719 καί
440 676 544 732 πρὸς
582 667 774 732 φρουρὰν
801 676 981 730 οἰκείαν,
1020 674 1088 717 ἵνα
1113 673 1172 730 μή
1202 672 1548 728 ἐπιβουλεύηται,

59 781 62 785 .
110 742 183 785 καί
208 745 375 796 ἀμελεῖν
399 744 477 796 μὲν
502 743 740 784 παντάπασι
766 743 841 796 τῆς
867 737 1068 796 ἤπείρου,
1114 738 1250 796 νήσων
1285 741 1331 781 δὲ
1371 737 1550 793 ἔχεσθαι

109 807 181 849 καὶ
207 807 440 862 θαλάσσης,
466 806 542 849 καί
569 808 830 859 Βυζαντίους
857 808 902 849 ἐκ
927 805 1138 862 θαλάττης
1164 807 1398 862 τρέφεσθαι
1424 807 1549 845 καθι-

62 874 210 929 10στᾷν
237 875 595 928 ἐμπορευομένους
627 878 720 921 ταῖς
750 875 895 914 ναυσί·
952 872 1058 927 πρὸς
1087 871 1249 920 τούτοις
1277 873 1324 912 δὲ
1353 869 1428 912 καί
1449 869 1550 918 τούς

109 935 303 993 χρήματα
326 936 496 992 ἔχοντας
524 940 568 980 ἐν
594 939 814 995 Βυζαντίῳ
842 937 916 979 καί
939 939 1019 980 τῶν
1045 936 1339 993 συγκλητικῶν,
1366 932 1458 977 ὅσοι
1483 933 1550 976 ἔτι

111 1004 375 1046 ὑπελείποντο
388 1036 402 1058 ,
443 1005 488 1046 ἐν
526 1003 822 1059 δεσμωτηρίοις
859 1005 1137 1058 κατακλείειν,
1202 1002 1255 1044 ἵν’
1283 1000 1388 1055 ὁμοῦ
1413 1017 1460 1042 τε
1497 1001 1551 1042 ιῖ-

111 1067 382 1111 παλλάττοιτο
411 1071 486 1111 τοῦ
521 1071 659 1120 δέους,
702 1070 870 1125 (ἑδεδιὶι
897 1067 978 1125 γὰρ
1007 1065 1069 1124 μή
1097 1066 1354 1123 ἐθελήσωσιν
1385 1064 1551 1122 εἰρήνην

110 1135 308 1176 τίθεσθαι
336 1134 441 1189 πρὸς
477 1133 824 1190 Καντακουζηνὸν
869 1133 940 1176 τὸν
965 1136 1178 1190 βασιλέα,)
1219 1133 1293 1175 καί
1325 1130 1559 1187 χρημάτων·

59 1195 310 1256 Ῑόεὖποροίη
349 1198 455 1255 πρός
492 1215 537 1242 τε
572 1199 620 1241 τό
665 1197 877 1248 ὅπλιτικὸν
913 1202 986 1242 καί
1022 1198 1098 1248 τὰς
1123 1200 1334 1254 τριήρεις,
1370 1196 1422 1240 τὰ
1445 1197 1550 1239 ἑκεί-

107 1281 191 1308 νων
230 1264 498 1322 ἀφελόμενος.
537 1261 587 1308 οὗ
619 1265 705 1320 μήν
747 1267 795 1308 δὲ
821 1264 897 1307 καὶ
920 1269 1002 1308 τῶν
1027 1262 1190 1320 ἄλλων,
1221 1262 1312 1306 ὅσοι
1338 1252 1547 1318 μνησθέν-
1562 1262 1677 1307 Ρ·654

108 1346 176 1380 τες
202 1331 400 1388 πρότερον
443 1329 632 1388 εἰρήνης,
662 1334 707 1374 ἐν
746 1338 839 1382 ταῖς
875 1333 1025 1381 οἰκίαις
1061 1330 1134 1373 ὑπ’
1161 1331 1319 1372 ἐκείνου
1346 1330 1552 1371 κατεκλεί-

109 1400 276 1452 σθησαν
290 1427 303 1450 ,
339 1392 369 1452 ἢ
406 1398 452 1439 ἐν
477 1398 802 1453 φροντιστηρίοις
830 1395 1023 1453 ἆπρόϊτοι
1047 1396 1357 1452 καθείργνυντο,
1385 1394 1552 1436 πάντων

108 1460 185 1512 τὰς
223 1462 371 1512 ου’σιάς
414 1461 649 1518 ἀφελέσθαι
691 1461 796 1516 μετὰ
842 1461 890 1504 τὸ
941 1465 1001 1511 εἰς
1047 1458 1326 1516 δεσμωτήριον
1362 1460 1552 1514 ιῖγαγεῖν·
1608 1466 1614 1467 ’

62 1525 315 1583 αοπρότερον
341 1525 423 1582 γὰρ
451 1525 634 1576 ἐκείνους
661 1527 812 1582 ὀλίγων
842 1530 964 1570 τινῶν
991 1529 1269 1583 ἀπεστέρησεν
1296 1527 1341 1567 ἐκ
1367 1528 1442 1580 τῆς
1474 1522 1554 1567 οὖ-

111 1592 238 1642 σίας·
292 1589 386 1635 εἶτα
425 1594 498 1634 καί
533 1598 619 1642 τοῖς
660 1588 799 1642 ἄλλοις
838 1589 972 1635 ἅπασι
1003 1593 1165 1648 φόρους
1196 1592 1320 1642 τάξαι
1344 1590 1552 1646 ἐτησίους,

109 1660 156 1710 ἐξ
186 1652 246 1701 ὧν
281 1659 640 1715 χρηματιζόμενος
678 1660 906 1715 διαθρέψει
930 1658 975 1700 τό
1003 1656 1213 1701 ναυτικόν.
1269 1655 1552 1711 δεσμωτήριον

111 1726 160 1767 δὲ
189 1726 234 1766 ἐν
258 1730 344 1773 τοῖς
371 1723 598 1777 βασιλείοις
617 1726 940 1767 Κωνσταντίνου
968 1726 1044 1766 τοῦ
1080 1720 1265 1777 μεγάλου
1295 1720 1431 1763 κοινὸν
1459 1736 1551 1762 ποι-

112 1797 173 1833 εἴν
205 1792 418 1833 διενοεῖτο.
455 1790 591 1832 ὀἴκου
618 1789 699 1846 γὰρ
729 1785 848 1839 ὄντος
881 1793 973 1832 ἐκεῖ
1002 1790 1185 1844 μεγάλου
1217 1789 1552 1831 Ἰουστινιανείου

208 1869 237 1893 ι.
262 1858 506 1903 ἐξηλέγχοντο
531 1857 568 1893 Ρ.
667 1859 716 1892 ι6.
735 1851 826 1892 ἀλλὰ
852 1863 936 1903 post
963 1856 1004 1892 δὲ
1027 1857 1108 1891 add.
1138 1857 1176 1895 P.

111 1917 180 1951 bus
202 1916 398 1962 pensiones
425 1920 631 1949 exacturam
655 1915 838 1950 firmasset.
866 1917 913 1949 At
935 1914 1000 1948 ubi
1025 1914 1146 1948 omnia
1170 1913 1313 1948 fraudes
1333 1917 1369 1947 et
1391 1913 1553 1947 ludibria

111 1969 255 2008 reperta
279 1966 364 1996 sunt
390 1966 429 1995 et
450 1962 547 2007 vulgi
571 1962 644 1995 iam
669 1962 793 1997 fabula
816 1961 913 2004 fuit,
941 1960 1152 2002 formidans,
1176 1971 1223 1995 ne
1248 1961 1338 2006 quid
1362 1960 1555 1994 adversum

113 2020 152 2042 se
186 2020 305 2044 rerum
329 2018 501 2042 novarum
527 2011 702 2050 oriretur,
727 2011 929 2054 potentiam
952 2019 1052 2042 suam
1080 2017 1222 2041 omnem
1249 2007 1288 2039 in
1313 2018 1411 2040 mare
1434 2013 1554 2040 trans-

114 2057 210 2091 ferre
234 2061 271 2090 et
294 2054 461 2100 politiam
488 2056 527 2089 in
552 2056 777 2099 tyrannidem
802 2060 939 2088 mutare
967 2054 1166 2089 constituit.
1213 2054 1263 2087 Ac
1287 2054 1453 2098 primum?
1470 2053 1554 2099 qui-

116 2102 201 2135 dem
233 2102 381 2136 classem
423 2105 461 2134 et
493 2102 739 2147 cataphractos
778 2112 1006 2147 comparare,
1046 2111 1241 2146 eorumque
1272 2110 1417 2144 operam
1452 2104 1489 2131 et
1513 2101 1554 2132 in
1573 2134 1583 2140 ,

114 2148 323 2182 triremibus
361 2152 399 2181 et
434 2147 481 2180 ad
516 2159 644 2193 corpus
681 2161 785 2182 suum
821 2153 944 2182 contra
969 2148 1201 2182 insidiatores
1226 2146 1419 2180 tutandum
1444 2145 1551 2178 adhi-

113 2196 224 2230 here:
262 2195 508 2228 continentem
544 2197 689 2240 penitus
730 2197 950 2241 penitusque
987 2195 1184 2240 negligere:
1218 2204 1368 2238 seseque
1396 2193 1434 2225 in
1462 2192 1552 2225 mari

114 2247 154 2276 et
174 2241 304 2275 insulis
329 2246 476 2281 tenere,
511 2247 549 2277 et
573 2241 619 2275 ad
648 2243 835 2286 Byzantios
861 2254 926 2287 per
950 2251 1046 2274 mare
1073 2239 1222 2273 alendos
1255 2240 1552 2283 nauticas'nego-

114 2290 284 2323 tiationes
320 2287 500 2321 inducere.
560 2288 617 2322 Ad
648 2289 737 2322 haec
775 2297 811 2323 et
849 2289 912 2334 qui
943 2288 1117 2321 nummati
1155 2291 1276 2319 essent
1301 2286 1482 2330 Byzantii,
1515 2292 1554 2320 et

115 2339 297 2381 quotquot
329 2339 506 2367 restarent
536 2345 724 2379 proceres»,
760 2338 799 2369 in
825 2346 999 2368 carcerem
1025 2333 1263 2372 contrudere,
1287 2338 1327 2365 ut
1351 2337 1387 2365 ct
1420 2333 1552 2366 timore

114 2386 277 2421 vacaret,
301 2381 503 2423 (metuebat
525 2393 680 2428 namque
697 2407 706 2421 ‚
730 2395 775 2417 ne
801 2394 879 2416 cum
907 2382 1155 2415 Cantacuzeno
1180 2391 1304 2424 pacem
1329 2380 1494 2422 inirent,)
1515 2383 1554 2413 et

116 2429 205 2473 ipsis
242 2427 430 2471 spoliati8‚
467 2429 620 2471 pecunia
665 2430 710 2462 ad
747 2429 927 2474 stipendia
959 2428 998 2460 in
1031 2426 1278 2471 cataphractos
1315 2430 1352 2457 et
1388 2427 1552 2459 triremes

117 2479 336 2518 suppeteret.
389 2473 490 2517 Quin
522 2476 630 2508 etiam
656 2477 809 2509 aliorum
835 2476 1018 2515 omnium,
1053 2478 1233 2518 quotquot
1257 2473 1343 2504 alias
1366 2473 1552 2505 mentione

115 2522 214 2566 pacis
257 2519 349 2552 sacta
385 2524 449 2552 aut
483 2521 522 2553 in
561 2522 727 2556 domibus
764 2523 918 2566 propriis
957 2521 1003 2553 ab
1040 2523 1118 2565 ipso
1154 2519 1283 2551 inclusi
1323 2523 1442 2551 essent
1487 2524 1550 2551 aut

112 2566 421 2600 monasteriorum
461 2568 593 2610 septis,
628 2569 822 2602 interdicto
856 2568 900 2601 ad
939 2578 999 2600 eos
1034 2567 1155 2606 aditu‚
1201 2571 1470 2605 coercerentur,
1507 2567 1553 2598 iis

116 2614 219 2658 prius
251 2614 290 2646 in
332 2622 507 2646 carcerem
544 2613 636 2647 datis
673 2616 862 2648 facultates
895 2614 1058 2648 auferre:
1087 2623 1169 2644 nam
1195 2618 1278 2645 ante
1304 2613 1466 2655 pauxillo
1492 2622 1553 2643 cos

116 2661 329 2704 privaverat.
380 2658 534 2703 Insuper
556 2663 685 2695 ceteris
714 2662 881 2694 omnibus
907 2671 1044 2693 annuas
1079 2659 1270 2703 pensiones
1296 2658 1555 2703 praescribere,

118 2717 140 2739 e
165 2705 298 2752 quibus
329 2710 516 2750 quaestum
543 2707 734 2751 colligens,
769 2709 915 2740 classem
940 2710 1166 2740 sustentaret.
1215 2705 1397 2738 carcerem
1427 2710 1553 2744 ‚autem

119 2751 158 2790 in
189 2752 325 2799 palatio
351 2752 579 2788 Constantini
605 2755 721 2799 magni
758 2764 981 2792 communem
1009 2752 1197 2788 aedificare
1224 2751 1412 2798 cogitabat.
1463 2750 1553 2783 Nam
