<?xml version="1.0" encoding="UTF-8"?>
<!DOCTYPE html PUBLIC "-//W3C//DTD XHTML 1.0 Transitional//EN"
    "http://www.w3.org/TR/xhtml1/DTD/xhtml1-transitional.dtd">
<html xmlns="http://www.w3.org/1999/xhtml" xml:lang="en" lang="en">
 <head>
  <title>
</title>
<meta http-equiv="Content-Type" content="text/html;charset=utf-8" />
  <meta name='ocr-system' content='tesseract 3.04.00' />
  <meta name='ocr-capabilities' content='ocr_page ocr_carea ocr_par ocr_line ocrx_word'/>
</head>
<body>
  <div class='ocr_page' id='page_1' title='image "./corpusscriptorum24niebuoft_0280.png"; bbox 0 0 1800 3138; ppageno 0'>
   <div class='ocr_carea' id='block_1_1' title="bbox 275 165 1197 238">
    <p class='ocr_par' dir='ltr' id='par_1_1' title="bbox 275 165 1197 238">
     <span class='ocr_line' id='line_1_1' title="bbox 275 165 1197 238; baseline 0.007 -18"><span class='ocrx_word' id='word_1_1' title='bbox 275 165 400 238; x_wconf 60' lang='lat' dir='ltr'><strong>v268</strong></span> <span class='ocrx_word' id='word_1_2' title='bbox 496 194 506 206; x_wconf 83' lang='lat'><em>-</em></span> <span class='ocrx_word' id='word_1_3' title='bbox 817 184 1197 229; x_wconf 67' lang='lat' dir='ltr'>CANTACUZENl&#39;</span> 
     </span>
    </p>
   </div>
   <div class='ocr_carea' id='block_1_2' title="bbox 94 292 1793 1779">
    <p class='ocr_par' dir='ltr' id='par_1_2' title="bbox 94 292 1741 743">
     <span class='ocr_line' id='line_1_2' title="bbox 94 292 1710 352; baseline 0.002 -17"><span class='ocrx_word' id='word_1_4' title='bbox 94 295 174 330; x_wconf 61' lang='grc' dir='ltr'><strong>ΑΒ·</strong></span> <span class='ocrx_word' id='word_1_5' title='bbox 194 295 278 340; x_wconf 73' lang='lat'><strong>¹342</strong></span> <span class='ocrx_word' id='word_1_6' title='bbox 290 292 404 349; x_wconf 71' lang='grc' dir='ltr'><em>ἡμῶν</em></span> <span class='ocrx_word' id='word_1_7' title='bbox 422 326 433 347; x_wconf 94' lang='grc'><em>,</em></span> <span class='ocrx_word' id='word_1_8' title='bbox 484 292 586 337; x_wconf 72' lang='grc' dir='ltr'><em>ἄλλα</em></span> <span class='ocrx_word' id='word_1_9' title='bbox 628 294 718 349; x_wconf 78' lang='grc' dir='ltr'><em>τόγε</em></span> <span class='ocrx_word' id='word_1_10' title='bbox 737 298 805 345; x_wconf 79' lang='grc' dir='ltr'><em>ἐἰς</em></span> <span class='ocrx_word' id='word_1_11' title='bbox 824 303 826 305; x_wconf 82' lang='grc'><strong>’</strong></span> <span class='ocrx_word' id='word_1_12' title='bbox 845 295 955 351; x_wconf 75' lang='grc' dir='ltr'><em>ἡμᾶς</em></span> <span class='ocrx_word' id='word_1_13' title='bbox 981 293 1105 352; x_wconf 79' lang='grc' dir='ltr'><em>ἧκον,</em></span> <span class='ocrx_word' id='word_1_14' title='bbox 1142 298 1215 339; x_wconf 68' lang='grc' dir='ltr'><strong>καὶ</strong></span> <span class='ocrx_word' id='word_1_15' title='bbox 1238 302 1318 346; x_wconf 78' lang='grc' dir='ltr'><em>τοῖς</em></span> <span class='ocrx_word' id='word_1_16' title='bbox 1349 295 1566 350; x_wconf 80' lang='grc' dir='ltr'><em>πολεμίοις’</em></span> <span class='ocrx_word' id='word_1_17' title='bbox 1589 302 1710 339; x_wconf 65' lang='grc' dir='ltr'><strong>κατοι-4</strong></span> 
     </span>
     <span class='ocr_line' id='line_1_3' title="bbox 292 356 1713 416; baseline 0.002 -17"><span class='ocrx_word' id='word_1_18' title='bbox 292 358 547 414; x_wconf 76' lang='grc' dir='ltr'><em>προδοθείη,</em></span> <span class='ocrx_word' id='word_1_19' title='bbox 593 361 710 415; x_wconf 72' lang='grc' dir='ltr'><em>(οὐδὲ</em></span> <span class='ocrx_word' id='word_1_20' title='bbox 736 359 815 415; x_wconf 76' lang='grc' dir='ltr'><strong>γὰρ</strong></span> <span class='ocrx_word' id='word_1_21' title='bbox 843 356 966 416; x_wconf 77' lang='grc' dir='ltr'><em>ἧττον</em></span> <span class='ocrx_word' id='word_1_22' title='bbox 992 361 1137 404; x_wconf 78' lang='grc' dir='ltr'><em>τούτου</em></span> <span class='ocrx_word' id='word_1_23' title='bbox 1174 362 1269 404; x_wconf 69' lang='grc' dir='ltr'><em>νυνί</em></span> <span class='ocrx_word' id='word_1_24' title='bbox 1292 360 1336 404; x_wconf 80' lang='grc' dir='ltr'><strong>τὸ</strong></span> <span class='ocrx_word' id='word_1_25' title='bbox 1365 362 1610 416; x_wconf 71' lang='grc' dir='ltr'><em>ἀποπέμψαι</em></span> <span class='ocrx_word' id='word_1_26' title='bbox 1639 362 1713 403; x_wconf 79' lang='grc' dir='ltr'><em>δύ..</em></span> 
     </span>
     <span class='ocr_line' id='line_1_4' title="bbox 287 424 1710 481; baseline 0.001 -16"><span class='ocrx_word' id='word_1_27' title='bbox 287 426 457 479; x_wconf 81' lang='grc' dir='ltr'><em>ναται,)</em></span> <span class='ocrx_word' id='word_1_28' title='bbox 499 425 718 477; x_wconf 78' lang='grc' dir='ltr'><em>α’μυνεῖται</em></span> <span class='ocrx_word' id='word_1_29' title='bbox 748 427 918 474; x_wconf 75' lang='grc' dir='ltr'><em>δικαίως</em></span> <span class='ocrx_word' id='word_1_30' title='bbox 968 429 1040 468; x_wconf 81' lang='grc' dir='ltr'><em>καί</em></span> <span class='ocrx_word' id='word_1_31' title='bbox 1079 429 1210 476; x_wconf 72' lang='grc' dir='ltr'><em>κακῶς</em></span> <span class='ocrx_word' id='word_1_32' title='bbox 1240 428 1402 481; x_wconf 82' lang='grc' dir='ltr'><em>ποιήσει</em></span> <span class='ocrx_word' id='word_1_33' title='bbox 1431 427 1483 468; x_wconf 81' lang='grc' dir='ltr'><em>τοὶ</em></span> <span class='ocrx_word' id='word_1_34' title='bbox 1513 424 1710 481; x_wconf 68' lang='grc' dir='ltr'><em>ἡμέτερα,</em></span> 
     </span>
     <span class='ocr_line' id='line_1_5' title="bbox 287 483 1714 547; baseline 0.002 -18"><span class='ocrx_word' id='word_1_35' title='bbox 287 483 426 529; x_wconf 68' lang='grc' dir='ltr'><em>ἄλλων</em></span> <span class='ocrx_word' id='word_1_36' title='bbox 467 505 511 530; x_wconf 85' lang='grc' dir='ltr'><em>τε</em></span> <span class='ocrx_word' id='word_1_37' title='bbox 552 491 713 531; x_wconf 77' lang='grc' dir='ltr'><em>πολλῶν</em></span> <span class='ocrx_word' id='word_1_38' title='bbox 750 491 999 546; x_wconf 78' lang='grc' dir='ltr'><em>προφάσεων</em></span> <span class='ocrx_word' id='word_1_39' title='bbox 1046 489 1279 546; x_wconf 78' lang='grc' dir='ltr'><em>εὖπορήσας</em></span> <span class='ocrx_word' id='word_1_40' title='bbox 1312 488 1365 533; x_wconf 74' lang='grc' dir='ltr'><strong>ἂν·</strong></span> <span class='ocrx_word' id='word_1_41' title='bbox 1413 491 1484 533; x_wconf 77' lang='grc' dir='ltr'><strong>καὶ</strong></span> <span class='ocrx_word' id='word_1_42' title='bbox 1517 490 1592 547; x_wconf 74' lang='grc' dir='ltr'><strong>τὴν</strong></span> <span class='ocrx_word' id='word_1_43' title='bbox 1637 492 1714 533; x_wconf 76' lang='grc' dir='ltr'><strong>νῦν</strong></span> 
     </span>
     <span class='ocr_line' id='line_1_6' title="bbox 286 554 1741 612; baseline 0.003 -18"><span class='ocrx_word' id='word_1_44' title='bbox 286 556 511 608; x_wconf 70' lang='grc' dir='ltr'><em>προδοσίαν</em></span> <span class='ocrx_word' id='word_1_45' title='bbox 546 556 764 598; x_wconf 74' lang='grc' dir='ltr'><strong><em>ἐπικαλῶν.</em></strong></span> <span class='ocrx_word' id='word_1_46' title='bbox 822 559 873 598; x_wconf 87' lang='grc' dir='ltr'><em>δι’</em></span> <span class='ocrx_word' id='word_1_47' title='bbox 914 555 942 598; x_wconf 74' lang='grc' dir='ltr'><em>ἂ</em></span> <span class='ocrx_word' id='word_1_48' title='bbox 978 558 1075 599; x_wconf 80' lang='grc' dir='ltr'><em>ου’δὲ</em></span> <span class='ocrx_word' id='word_1_49' title='bbox 1111 557 1366 611; x_wconf 70' lang='grc' dir='ltr'><em>ἀποπέμπειν</em></span> <span class='ocrx_word' id='word_1_50' title='bbox 1421 554 1631 612; x_wconf 75' lang='grc' dir='ltr'><em>ἄπρακτον</em></span> <span class='ocrx_word' id='word_1_51' title='bbox 1657 554 1741 598; x_wconf 72' lang='grc' dir='ltr'><em>οἷ’-5</em></span> 
     </span>
     <span class='ocr_line' id='line_1_7' title="bbox 289 618 1732 677; baseline 0.002 -18"><span class='ocrx_word' id='word_1_52' title='bbox 289 633 388 671; x_wconf 88' lang='grc' dir='ltr'><em>ομαι</em></span> <span class='ocrx_word' id='word_1_53' title='bbox 435 623 678 662; x_wconf 77' lang='grc' dir='ltr'><em>λυσιτελεῖν.</em></span> <span class='ocrx_word' id='word_1_54' title='bbox 745 623 928 663; x_wconf 85' lang='grc' dir='ltr'><em>λείπεται</em></span> <span class='ocrx_word' id='word_1_55' title='bbox 965 620 1015 676; x_wconf 80' lang='grc' dir='ltr'><em>δὴ</em></span> <span class='ocrx_word' id='word_1_56' title='bbox 1052 625 1245 676; x_wconf 75' lang='grc' dir='ltr'><em>βοηθεῖν,</em></span> <span class='ocrx_word' id='word_1_57' title='bbox 1285 618 1313 676; x_wconf 80' lang='grc' dir='ltr'><em>ἢ</em></span> <span class='ocrx_word' id='word_1_58' title='bbox 1358 622 1732 677; x_wconf 83' lang='grc' dir='ltr'><em>παραχωρήσαντι·</em></span> 
     </span>
     <span class='ocr_line' id='line_1_8' title="bbox 287 681 1712 743; baseline 0.001 -18"><span class='ocrx_word' id='word_1_59' title='bbox 287 687 368 726; x_wconf 73' lang='grc' dir='ltr'><strong>τῶν</strong></span> <span class='ocrx_word' id='word_1_60' title='bbox 398 682 584 737; x_wconf 87' lang='grc' dir='ltr'><em>πόλεων,</em></span> <span class='ocrx_word' id='word_1_61' title='bbox 614 681 671 728; x_wconf 71' lang='grc' dir='ltr'><strong>ὧν</strong></span> <span class='ocrx_word' id='word_1_62' title='bbox 703 687 921 740; x_wconf 77' lang='grc' dir='ltr'><em>αἰτοῦμεν,</em></span> <span class='ocrx_word' id='word_1_63' title='bbox 948 683 975 742; x_wconf 78' lang='grc' dir='ltr'><em>ἢ</em></span> <span class='ocrx_word' id='word_1_64' title='bbox 1001 693 1149 743; x_wconf 83' lang='grc' dir='ltr'><em>προῖκα</em></span> <span class='ocrx_word' id='word_1_65' title='bbox 1177 688 1249 729; x_wconf 81' lang='grc' dir='ltr'><em>καί</em></span> <span class='ocrx_word' id='word_1_66' title='bbox 1275 686 1343 729; x_wconf 80' lang='grc' dir='ltr'><em>διὰ</em></span> <span class='ocrx_word' id='word_1_67' title='bbox 1374 687 1625 743; x_wconf 83' lang='grc' dir='ltr'><em>φιλοτιμίαν.</em></span> <span class='ocrx_word' id='word_1_68' title='bbox 1665 684 1712 728; x_wconf 78' lang='grc' dir='ltr'><strong>τὸ</strong></span> 
     </span>
    </p>

    <p class='ocr_par' dir='ltr' id='par_1_3' title="bbox 252 745 1793 1326">
     <span class='ocr_line' id='line_1_9' title="bbox 252 745 1715 807; baseline 0.001 -17"><span class='ocrx_word' id='word_1_69' title='bbox 252 750 374 801; x_wconf 77' lang='grc' dir='ltr'><em>Βμὲν</em></span> <span class='ocrx_word' id='word_1_70' title='bbox 402 745 478 791; x_wconf 74' lang='grc' dir='ltr'><strong>οὖν</strong></span> <span class='ocrx_word' id='word_1_71' title='bbox 516 751 597 792; x_wconf 78' lang='grc' dir='ltr'><strong>τῶν</strong></span> <span class='ocrx_word' id='word_1_72' title='bbox 637 750 796 793; x_wconf 87' lang='grc' dir='ltr'><em>πόλεων</em></span> <span class='ocrx_word' id='word_1_73' title='bbox 835 758 1103 807; x_wconf 74' lang='grc' dir='ltr'><em>παραχωρεῖν</em></span> <span class='ocrx_word' id='word_1_74' title='bbox 1142 751 1271 794; x_wconf 76' lang='grc' dir='ltr'><em>αὐτὸν</em></span> <span class='ocrx_word' id='word_1_75' title='bbox 1308 753 1403 804; x_wconf 70' lang='grc' dir='ltr'><em>ἐμοὶ</em></span> <span class='ocrx_word' id='word_1_76' title='bbox 1442 754 1518 805; x_wconf 83' lang='grc' dir='ltr'><strong>μὲν</strong></span> <span class='ocrx_word' id='word_1_77' title='bbox 1547 749 1715 806; x_wconf 80' lang='grc' dir='ltr'><em>ἥδιστον</em></span> 
     </span>
     <span class='ocr_line' id='line_1_10' title="bbox 293 812 1715 872; baseline 0.001 -17"><span class='ocrx_word' id='word_1_78' title='bbox 293 817 367 856; x_wconf 87' lang='grc' dir='ltr'><strong><em>καί</em></strong></span> <span class='ocrx_word' id='word_1_79' title='bbox 391 813 577 868; x_wconf 79' lang='grc' dir='ltr'><em>μάλιστα</em></span> <span class='ocrx_word' id='word_1_80' title='bbox 603 818 828 871; x_wconf 74' lang='grc' dir='ltr'><em>βουλοᾴιην</em></span> <span class='ocrx_word' id='word_1_81' title='bbox 857 812 919 858; x_wconf 77' lang='grc' dir='ltr'><strong>ἄν·</strong></span> <span class='ocrx_word' id='word_1_82' title='bbox 975 818 1126 866; x_wconf 76' lang='grc' dir='ltr'><em>ἐκεῖνος</em></span> <span class='ocrx_word' id='word_1_83' title='bbox 1155 819 1223 869; x_wconf 80' lang='grc' dir='ltr'><strong>δὲ,</strong></span> <span class='ocrx_word' id='word_1_84' title='bbox 1253 817 1310 867; x_wconf 76' lang='grc' dir='ltr'><strong>ὦς</strong></span> <span class='ocrx_word' id='word_1_85' title='bbox 1337 817 1501 872; x_wconf 77' lang='grc' dir='ltr'><em>δρῶμεν</em></span> <span class='ocrx_word' id='word_1_86' title='bbox 1519 848 1532 870; x_wconf 93' lang='grc'><em>,</em></span> <span class='ocrx_word' id='word_1_87' title='bbox 1567 816 1715 857; x_wconf 79' lang='grc' dir='ltr'><em>τοσοῦ-</em></span> 
     </span>
     <span class='ocr_line' id='line_1_11' title="bbox 293 879 1769 937; baseline 0.001 -17"><span class='ocrx_word' id='word_1_88' title='bbox 293 895 363 921; x_wconf 90' lang='grc' dir='ltr'><strong>τον</strong></span> <span class='ocrx_word' id='word_1_89' title='bbox 391 879 539 933; x_wconf 73' lang='grc' dir='ltr'><em>ἀπέχει</em></span> <span class='ocrx_word' id='word_1_90' title='bbox 566 882 643 921; x_wconf 82' lang='grc' dir='ltr'><em>τοῦ</em></span> <span class='ocrx_word' id='word_1_91' title='bbox 671 880 739 922; x_wconf 75' lang='grc' dir='ltr'><em>διὰ</em></span> <span class='ocrx_word' id='word_1_92' title='bbox 769 880 844 936; x_wconf 74' lang='grc' dir='ltr'><strong>τήν</strong></span> <span class='ocrx_word' id='word_1_93' title='bbox 879 883 1096 936; x_wconf 76' lang='grc' dir='ltr'><em>παροῦσαν</em></span> <span class='ocrx_word' id='word_1_94' title='bbox 1133 883 1393 937; x_wconf 77' lang='grc' dir='ltr'><em>δυσπραγίαν</em></span> <span class='ocrx_word' id='word_1_95' title='bbox 1423 882 1769 935; x_wconf 82' lang='grc' dir='ltr'><em>κατεπτηχέναιιο</em></span> 
     </span>
     <span class='ocr_line' id='line_1_12' title="bbox 293 943 1716 1003; baseline 0.001 -18"><span class='ocrx_word' id='word_1_96' title='bbox 293 947 366 986; x_wconf 80' lang='grc' dir='ltr'><em>καί</em></span> <span class='ocrx_word' id='word_1_97' title='bbox 382 945 550 987; x_wconf 75' lang='grc' dir='ltr'><em>ταπεινά</em></span> <span class='ocrx_word' id='word_1_98' title='bbox 572 947 644 987; x_wconf 81' lang='grc' dir='ltr'><em>καί</em></span> <span class='ocrx_word' id='word_1_99' title='bbox 664 943 915 1002; x_wconf 76' lang='grc' dir='ltr'><em>ἀνελεύθερα</em></span> <span class='ocrx_word' id='word_1_100' title='bbox 929 953 1110 1002; x_wconf 78' lang='grc' dir='ltr'><em>φρονεῖν,</em></span> <span class='ocrx_word' id='word_1_101' title='bbox 1130 944 1371 1003; x_wconf 74' lang='grc' dir='ltr'><em>ὥσθ’ἧδέως</em></span> <span class='ocrx_word' id='word_1_102' title='bbox 1389 943 1456 1000; x_wconf 72' lang='grc' dir='ltr'><strong>ἂν,</strong></span> <span class='ocrx_word' id='word_1_103' title='bbox 1471 943 1607 1001; x_wconf 73' lang='grc' dir='ltr'><em>ὥσπερ</em></span> <span class='ocrx_word' id='word_1_104' title='bbox 1621 944 1716 1002; x_wconf 81' lang='grc' dir='ltr'><em>ἔφη,</em></span> 
     </span>
     <span class='ocr_line' id='line_1_13' title="bbox 291 1011 1717 1066; baseline 0.001 -16"><span class='ocrx_word' id='word_1_105' title='bbox 291 1011 363 1064; x_wconf 72' lang='grc' dir='ltr'><strong>τῆς</strong></span> <span class='ocrx_word' id='word_1_106' title='bbox 393 1012 523 1051; x_wconf 74' lang='grc' dir='ltr'><em>αὕτοῦ</em></span> <span class='ocrx_word' id='word_1_107' title='bbox 553 1013 625 1052; x_wconf 84' lang='grc' dir='ltr'><em>καί</em></span> <span class='ocrx_word' id='word_1_108' title='bbox 658 1013 819 1053; x_wconf 88' lang='grc' dir='ltr'><em>παίδων</em></span> <span class='ocrx_word' id='word_1_109' title='bbox 846 1013 919 1054; x_wconf 82' lang='grc' dir='ltr'>καί</span> <span class='ocrx_word' id='word_1_110' title='bbox 951 1011 1114 1054; x_wconf 77' lang='grc' dir='ltr'><em>πάντων</em></span> <span class='ocrx_word' id='word_1_111' title='bbox 1148 1014 1232 1054; x_wconf 76' lang='grc' dir='ltr'><strong>τῶν</strong></span> <span class='ocrx_word' id='word_1_112' title='bbox 1268 1011 1472 1055; x_wconf 86' lang='grc' dir='ltr'><em>συνόντων</em></span> <span class='ocrx_word' id='word_1_113' title='bbox 1512 1013 1717 1066; x_wconf 77' lang='grc' dir='ltr'><em>σωτηρίας</em></span> 
     </span>
     <span class='ocr_line' id='line_1_14' title="bbox 292 1073 1717 1131; baseline 0.001 -15"><span class='ocrx_word' id='word_1_114' title='bbox 292 1077 367 1128; x_wconf 85' lang='grc' dir='ltr'><strong>τῆς</strong></span> <span class='ocrx_word' id='word_1_115' title='bbox 383 1078 485 1127; x_wconf 83' lang='grc' dir='ltr'><em>μιᾶς</em></span> <span class='ocrx_word' id='word_1_116' title='bbox 512 1078 584 1117; x_wconf 82' lang='grc' dir='ltr'><em>καί</em></span> <span class='ocrx_word' id='word_1_117' title='bbox 608 1075 874 1131; x_wconf 82' lang='grc' dir='ltr'><em>φαυλοτάτης</em></span> <span class='ocrx_word' id='word_1_118' title='bbox 891 1074 1047 1127; x_wconf 85' lang='grc' dir='ltr'><em>πόλεως</em></span> <span class='ocrx_word' id='word_1_119' title='bbox 1066 1075 1301 1128; x_wconf 77' lang='grc' dir='ltr'><em>α’λλοέξαιτο.</em></span> <span class='ocrx_word' id='word_1_120' title='bbox 1340 1073 1405 1119; x_wconf 80' lang='grc' dir='ltr'><em>ὅτε</em></span> <span class='ocrx_word' id='word_1_121' title='bbox 1425 1078 1563 1119; x_wconf 85' lang='grc' dir='ltr'><em>τοίνυν</em></span> <span class='ocrx_word' id='word_1_122' title='bbox 1590 1073 1717 1125; x_wconf 71' lang='grc' dir='ltr'><em>οὕτως</em></span> 
     </span>
     <span class='ocr_line' id='line_1_15' title="bbox 292 1138 1714 1198; baseline 0.002 -19"><span class='ocrx_word' id='word_1_123' title='bbox 292 1138 383 1190; x_wconf 74' lang='grc' dir='ltr'><em>ἔχει</em></span> <span class='ocrx_word' id='word_1_124' title='bbox 420 1141 493 1181; x_wconf 83' lang='grc' dir='ltr'><em>καί</em></span> <span class='ocrx_word' id='word_1_125' title='bbox 518 1142 724 1198; x_wconf 69' lang='grc' dir='ltr'><em>ἐλευθέρῳ</em></span> <span class='ocrx_word' id='word_1_126' title='bbox 763 1142 968 1197; x_wconf 82' lang='grc' dir='ltr'><em>πρέποντα</em></span> <span class='ocrx_word' id='word_1_127' title='bbox 997 1143 1120 1196; x_wconf 71' lang='grc' dir='ltr'><em>ἀνδρί</em></span> <span class='ocrx_word' id='word_1_128' title='bbox 1153 1143 1226 1183; x_wconf 80' lang='grc' dir='ltr'><em>καί</em></span> <span class='ocrx_word' id='word_1_129' title='bbox 1265 1145 1435 1194; x_wconf 83' lang='grc' dir='ltr'><em>βασιλεῖ’</em></span> <span class='ocrx_word' id='word_1_130' title='bbox 1457 1138 1714 1198; x_wconf 85' lang='grc' dir='ltr'><em>προσήκοντα</em></span> 
     </span>
     <span class='ocr_line' id='line_1_16' title="bbox 291 1201 1793 1261; baseline 0 -15"><span class='ocrx_word' id='word_1_131' title='bbox 291 1201 549 1260; x_wconf 60' lang='grc' dir='ltr'><em>ἀπεφήνατο,</em></span> <span class='ocrx_word' id='word_1_132' title='bbox 585 1207 748 1257; x_wconf 83' lang='grc' dir='ltr'><em>βέλτιον</em></span> <span class='ocrx_word' id='word_1_133' title='bbox 785 1207 883 1258; x_wconf 82' lang='grc' dir='ltr'><em>ἐμοί</em></span> <span class='ocrx_word' id='word_1_134' title='bbox 913 1222 960 1247; x_wconf 79' lang='grc' dir='ltr'><em>τε</em></span> <span class='ocrx_word' id='word_1_135' title='bbox 995 1204 1107 1256; x_wconf 82' lang='grc' dir='ltr'><em>ἔδοξε</em></span> <span class='ocrx_word' id='word_1_136' title='bbox 1133 1208 1203 1248; x_wconf 86' lang='grc' dir='ltr'><strong><em>καί</em></strong></span> <span class='ocrx_word' id='word_1_137' title='bbox 1228 1204 1326 1260; x_wconf 74' lang='grc' dir='ltr'><strong>ὗμῖν</strong></span> <span class='ocrx_word' id='word_1_138' title='bbox 1352 1208 1454 1248; x_wconf 75' lang='grc' dir='ltr'><em>πᾶσι</em></span> <span class='ocrx_word' id='word_1_139' title='bbox 1508 1207 1698 1261; x_wconf 80' lang='grc' dir='ltr'><em>παραινῶ</em></span> <span class='ocrx_word' id='word_1_140' title='bbox 1707 1206 1793 1257; x_wconf 70' lang='lat' dir='ltr'><strong>,15r</strong></span> 
     </span>
     <span class='ocr_line' id='line_1_17' title="bbox 291 1268 1748 1326; baseline 0.003 -19"><span class='ocrx_word' id='word_1_141' title='bbox 291 1268 504 1326; x_wconf 81' lang='grc' dir='ltr'><em>ᾗ.έκεῖνος</em></span> <span class='ocrx_word' id='word_1_142' title='bbox 545 1269 660 1319; x_wconf 74' lang='grc' dir='ltr'><em>ἀξιοῖ</em></span> <span class='ocrx_word' id='word_1_143' title='bbox 697 1276 828 1311; x_wconf 79' lang='grc' dir='ltr'><em>ποιεῖν</em></span> <span class='ocrx_word' id='word_1_144' title='bbox 881 1272 977 1321; x_wconf 84' lang='grc' dir='ltr'><strong>καί,</strong></span> <span class='ocrx_word' id='word_1_145' title='bbox 1006 1297 1009 1299; x_wconf 80' lang='lat'><strong><em>—</em></strong></span> <span class='ocrx_word' id='word_1_146' title='bbox 1035 1273 1174 1312; x_wconf 81' lang='grc' dir='ltr'><em>πᾶσαν</em></span> <span class='ocrx_word' id='word_1_147' title='bbox 1213 1273 1480 1325; x_wconf 82' lang='grc' dir='ltr'><em>μικρολογίαν</em></span> <span class='ocrx_word' id='word_1_148' title='bbox 1514 1272 1586 1312; x_wconf 82' lang='grc' dir='ltr'><em>καί</em></span> <span class='ocrx_word' id='word_1_149' title='bbox 1622 1270 1748 1312; x_wconf 75' lang='grc' dir='ltr'><em>α’νε-’</em></span> 
     </span>
    </p>

    <p class='ocr_par' dir='ltr' id='par_1_4' title="bbox 170 1333 1772 1779">
     <span class='ocr_line' id='line_1_18' title="bbox 170 1333 1720 1393; baseline 0.001 -19"><span class='ocrx_word' id='word_1_150' title='bbox 170 1339 204 1374; x_wconf 89' lang='grc' dir='ltr'><strong>Ρ.</strong></span> <span class='ocrx_word' id='word_1_151' title='bbox 219 1336 516 1387; x_wconf 78' lang='grc' dir='ltr'><em>496λευθερίαν</em></span> <span class='ocrx_word' id='word_1_152' title='bbox 558 1334 898 1390; x_wconf 61' lang='grc' dir='ltr'><em>ἀπορρίψαντας,</em></span> <span class='ocrx_word' id='word_1_153' title='bbox 941 1334 1052 1393; x_wconf 81' lang='grc' dir='ltr'><em>πάσῃ</em></span> <span class='ocrx_word' id='word_1_154' title='bbox 1096 1333 1267 1387; x_wconf 79' lang='grc' dir='ltr'><em>δυνάμει</em></span> <span class='ocrx_word' id='word_1_155' title='bbox 1309 1339 1501 1390; x_wconf 73' lang='grc' dir='ltr'><em>βοηθεῖν,</em></span> <span class='ocrx_word' id='word_1_156' title='bbox 1549 1337 1622 1376; x_wconf 82' lang='grc' dir='ltr'><em>καί</em></span> <span class='ocrx_word' id='word_1_157' title='bbox 1646 1334 1720 1388; x_wconf 71' lang='grc' dir='ltr'><strong>τὴν</strong></span> 
     </span>
     <span class='ocr_line' id='line_1_19' title="bbox 286 1397 1720 1456; baseline 0.001 -16"><span class='ocrx_word' id='word_1_158' title='bbox 286 1399 515 1447; x_wconf 62' lang='grc' dir='ltr'><strong>ζΡωμαίων</strong></span> <span class='ocrx_word' id='word_1_159' title='bbox 542 1399 651 1455; x_wconf 77' lang='grc' dir='ltr'><em>αὐτῷ</em></span> <span class='ocrx_word' id='word_1_160' title='bbox 680 1399 897 1453; x_wconf 81' lang='grc' dir='ltr'><em>ἡγεμονίαν</em></span> <span class='ocrx_word' id='word_1_161' title='bbox 924 1403 1228 1452; x_wconf 72' lang='grc' dir='ltr'><em>κατακτᾶσθαι,</em></span> <span class='ocrx_word' id='word_1_162' title='bbox 1259 1400 1308 1441; x_wconf 80' lang='grc' dir='ltr'><em>οὕ</em></span> <span class='ocrx_word' id='word_1_163' title='bbox 1336 1399 1486 1454; x_wconf 77' lang='grc' dir='ltr'><em>μικρὰν</em></span> <span class='ocrx_word' id='word_1_164' title='bbox 1514 1397 1720 1456; x_wconf 75' lang='grc' dir='ltr'><em>ὠφέλειαν</em></span> 
     </span>
     <span class='ocr_line' id='line_1_20' title="bbox 293 1461 1717 1519; baseline -0.001 -14"><span class='ocrx_word' id='word_1_165' title='bbox 293 1461 547 1518; x_wconf 75' lang='grc' dir='ltr'><em>ἡγουμένους</em></span> <span class='ocrx_word' id='word_1_166' title='bbox 575 1462 649 1517; x_wconf 72' lang='grc' dir='ltr'><strong>την</strong></span> <span class='ocrx_word' id='word_1_167' title='bbox 676 1463 791 1518; x_wconf 76' lang='grc' dir='ltr'><em>παρὰ</em></span> <span class='ocrx_word' id='word_1_168' title='bbox 819 1462 983 1506; x_wconf 76' lang='grc' dir='ltr'><em>πάντων</em></span> <span class='ocrx_word' id='word_1_169' title='bbox 1009 1463 1108 1519; x_wconf 76' lang='grc' dir='ltr'><em>ἡμῖν</em></span> <span class='ocrx_word' id='word_1_170' title='bbox 1137 1461 1325 1506; x_wconf 67' lang='grc' dir='ltr'><em>εὔκλειαν</em></span> <span class='ocrx_word' id='word_1_171' title='bbox 1352 1464 1547 1519; x_wconf 76' lang='grc' dir='ltr'><em>ἐσομένην</em></span> <span class='ocrx_word' id='word_1_172' title='bbox 1577 1463 1648 1505; x_wconf 76' lang='grc' dir='ltr'><strong>καὶ</strong></span> <span class='ocrx_word' id='word_1_173' title='bbox 1672 1463 1717 1505; x_wconf 79' lang='grc' dir='ltr'><em>τό</em></span> 
     </span>
     <span class='ocr_line' id='line_1_21' title="bbox 295 1526 1772 1584; baseline 0.003 -15"><span class='ocrx_word' id='word_1_174' title='bbox 295 1528 418 1584; x_wconf 84' lang='grc' dir='ltr'><em>φίλον</em></span> <span class='ocrx_word' id='word_1_175' title='bbox 445 1528 678 1582; x_wconf 72' lang='grc' dir='ltr'><em>κτήσασθαι</em></span> <span class='ocrx_word' id='word_1_176' title='bbox 713 1532 785 1570; x_wconf 84' lang='grc' dir='ltr'><em>καί</em></span> <span class='ocrx_word' id='word_1_177' title='bbox 813 1531 1038 1582; x_wconf 80' lang='grc' dir='ltr'><em>σύμμαχον</em></span> <span class='ocrx_word' id='word_1_178' title='bbox 1061 1532 1257 1580; x_wconf 84' lang='grc' dir='ltr'><em>τοιοῦτον,</em></span> <span class='ocrx_word' id='word_1_179' title='bbox 1283 1526 1326 1571; x_wconf 77' lang='grc' dir='ltr'><strong>ὃν</strong></span> <span class='ocrx_word' id='word_1_180' title='bbox 1356 1529 1500 1571; x_wconf 75' lang='grc' dir='ltr'><em>πολλοὶ</em></span> <span class='ocrx_word' id='word_1_181' title='bbox 1523 1530 1600 1581; x_wconf 79' lang='grc' dir='ltr'><strong>μὲν</strong></span> <span class='ocrx_word' id='word_1_182' title='bbox 1629 1530 1772 1573; x_wconf 72' lang='grc' dir='ltr'><em>ἐπι-20</em></span> 
     </span>
     <span class='ocr_line' id='line_1_22' title="bbox 294 1591 1718 1647; baseline 0.001 -14"><span class='ocrx_word' id='word_1_183' title='bbox 294 1594 503 1645; x_wconf 75' lang='grc' dir='ltr'><em>θυμοῦσι,</em></span> <span class='ocrx_word' id='word_1_184' title='bbox 531 1592 781 1645; x_wconf 76' lang='grc' dir='ltr'><em>τυγχάνουσι</em></span> <span class='ocrx_word' id='word_1_185' title='bbox 811 1595 858 1636; x_wconf 78' lang='grc' dir='ltr'><strong>δὲ</strong></span> <span class='ocrx_word' id='word_1_186' title='bbox 886 1594 984 1635; x_wconf 78' lang='grc' dir='ltr'><em>ου’δὲ</em></span> <span class='ocrx_word' id='word_1_187' title='bbox 1013 1595 1169 1647; x_wconf 75' lang='grc' dir='ltr'><em>ὀλίγοι,</em></span> <span class='ocrx_word' id='word_1_188' title='bbox 1206 1595 1277 1636; x_wconf 81' lang='grc' dir='ltr'><em>καί</em></span> <span class='ocrx_word' id='word_1_189' title='bbox 1303 1591 1350 1635; x_wconf 74' lang='grc' dir='ltr'><strong>ὃν</strong></span> <span class='ocrx_word' id='word_1_190' title='bbox 1384 1595 1423 1636; x_wconf 83' lang='grc' dir='ltr'><em>οἱ</em></span> <span class='ocrx_word' id='word_1_191' title='bbox 1449 1593 1611 1647; x_wconf 78' lang='grc' dir='ltr'><em>ἔχοντες</em></span> <span class='ocrx_word' id='word_1_192' title='bbox 1640 1591 1718 1634; x_wconf 41' lang='grc' dir='ltr'><strong>αὖά</strong></span> 
     </span>
     <span class='ocr_line' id='line_1_23' title="bbox 294 1654 1719 1713; baseline -0.001 -14"><span class='ocrx_word' id='word_1_193' title='bbox 294 1657 371 1710; x_wconf 72' lang='lat' dir='ltr'><strong>-col,</strong></span> <span class='ocrx_word' id='word_1_194' title='bbox 386 1654 658 1711; x_wconf 71' lang='grc' dir='ltr'><em>ἀγνοήσαντες</em></span> <span class='ocrx_word' id='word_1_195' title='bbox 682 1657 753 1699; x_wconf 78' lang='grc' dir='ltr'><em>καί</em></span> <span class='ocrx_word' id='word_1_196' title='bbox 773 1657 825 1700; x_wconf 78' lang='grc' dir='ltr'><em>τοὶ</em></span> <span class='ocrx_word' id='word_1_197' title='bbox 843 1659 1036 1713; x_wconf 81' lang='grc' dir='ltr'><em>χείριστα</em></span> <span class='ocrx_word' id='word_1_198' title='bbox 1051 1659 1124 1700; x_wconf 77' lang='grc' dir='ltr'><em>καί</em></span> <span class='ocrx_word' id='word_1_199' title='bbox 1141 1660 1484 1701; x_wconf 75' lang='grc' dir='ltr'><em>ἀλυσιτελέστατα</em></span> <span class='ocrx_word' id='word_1_200' title='bbox 1499 1658 1719 1712; x_wconf 79' lang='grc' dir='ltr'><em>βουλευσά-</em></span> 
     </span>
     <span class='ocr_line' id='line_1_24' title="bbox 295 1719 1720 1779; baseline 0.001 -17"><span class='ocrx_word' id='word_1_201' title='bbox 295 1737 413 1775; x_wconf 86' lang='grc' dir='ltr'><em>μενοι</em></span> <span class='ocrx_word' id='word_1_202' title='bbox 428 1719 605 1776; x_wconf 69' lang='grc' dir='ltr'><em>ἑαυτοῖς,</em></span> <span class='ocrx_word' id='word_1_203' title='bbox 636 1722 875 1766; x_wconf 73' lang='grc' dir='ltr'><em>ἀπεώσαντο</em></span> <span class='ocrx_word' id='word_1_204' title='bbox 903 1723 1074 1773; x_wconf 71' lang='grc' dir='ltr'><em>ἑκόντες.</em></span> <span class='ocrx_word' id='word_1_205' title='bbox 1102 1726 1218 1766; x_wconf 83' lang='grc' dir='ltr'><em>τοῦτο</em></span> <span class='ocrx_word' id='word_1_206' title='bbox 1241 1726 1287 1767; x_wconf 81' lang='grc' dir='ltr'><strong>δὲ</strong></span> <span class='ocrx_word' id='word_1_207' title='bbox 1315 1722 1442 1777; x_wconf 89' lang='grc' dir='ltr'><em>μόνον</em></span> <span class='ocrx_word' id='word_1_208' title='bbox 1472 1727 1571 1779; x_wconf 82' lang='grc' dir='ltr'><em>παρ’</em></span> <span class='ocrx_word' id='word_1_209' title='bbox 1591 1719 1720 1764; x_wconf 67' lang='grc' dir='ltr'><em>αὐτοῦ</em></span> 
     </span>
    </p>
   </div>
   <div class='ocr_carea' id='block_1_3' title="bbox 391 1818 593 1868">
    <p class='ocr_par' dir='ltr' id='par_1_5' title="bbox 391 1818 593 1868">
     <span class='ocr_line' id='line_1_25' title="bbox 391 1818 593 1868; baseline -0.01 -8"><span class='ocrx_word' id='word_1_210' title='bbox 391 1827 443 1862; x_wconf 78' lang='lat'><strong>13.</strong></span> <span class='ocrx_word' id='word_1_211' title='bbox 467 1818 533 1868; x_wconf 67' lang='grc' dir='ltr'><strong>τὴν</strong></span> <span class='ocrx_word' id='word_1_212' title='bbox 558 1828 593 1861; x_wconf 84' lang='grc' dir='ltr'><strong>Ρ.</strong></span> 
     </span>
    </p>
   </div>
   <div class='ocr_carea' id='block_1_4' title="bbox 294 1937 1759 2811">
    <p class='ocr_par' dir='ltr' id='par_1_6' title="bbox 294 1937 1759 2811">
     <span class='ocr_line' id='line_1_26' title="bbox 294 1937 1723 1984; baseline 0.001 -13"><span class='ocrx_word' id='word_1_213' title='bbox 294 1938 441 1971; x_wconf 82' lang='lat' dir='ltr'><strong>inanem</strong></span> <span class='ocrx_word' id='word_1_214' title='bbox 465 1938 646 1972; x_wconf 85' lang='lat' dir='ltr'><strong>dimittere</strong></span> <span class='ocrx_word' id='word_1_215' title='bbox 670 1943 777 1982; x_wconf 82' lang='lat' dir='ltr'><strong>atque</strong></span> <span class='ocrx_word' id='word_1_216' title='bbox 801 1937 965 1971; x_wconf 80' lang='lat' dir='ltr'>hostibus</span> <span class='ocrx_word' id='word_1_217' title='bbox 991 1938 1171 1984; x_wconf 87' lang='lat' dir='ltr'><strong>prodere‚)</strong></span> <span class='ocrx_word' id='word_1_218' title='bbox 1189 1948 1262 1971; x_wconf 79' lang='lat' dir='ltr'><strong>non</strong></span> <span class='ocrx_word' id='word_1_219' title='bbox 1296 1937 1430 1971; x_wconf 85' lang='lat' dir='ltr'><strong>iniuria</strong></span> <span class='ocrx_word' id='word_1_220' title='bbox 1455 1947 1494 1971; x_wconf 89' lang='lat' dir='ltr'><strong>se</strong></span> <span class='ocrx_word' id='word_1_221' title='bbox 1526 1938 1723 1972; x_wconf 83' lang='lat' dir='ltr'><strong>ulciscetur</strong></span> 
     </span>
     <span class='ocr_line' id='line_1_27' title="bbox 297 1983 1722 2029; baseline 0 -11"><span class='ocrx_word' id='word_1_222' title='bbox 297 1989 335 2018; x_wconf 87' lang='lat' dir='ltr'><strong>et</strong></span> <span class='ocrx_word' id='word_1_223' title='bbox 356 1985 461 2019; x_wconf 89' lang='lat' dir='ltr'><strong>nobis</strong></span> <span class='ocrx_word' id='word_1_224' title='bbox 488 1985 619 2017; x_wconf 83' lang='lat' dir='ltr'><strong>malum</strong></span> <span class='ocrx_word' id='word_1_225' title='bbox 648 1983 770 2023; x_wconf 83' lang='lat' dir='ltr'><strong>dabit,</strong></span> <span class='ocrx_word' id='word_1_226' title='bbox 795 1995 873 2016; x_wconf 87' lang='lat' dir='ltr'><strong>eum</strong></span> <span class='ocrx_word' id='word_1_227' title='bbox 899 1984 945 2017; x_wconf 82' lang='lat' dir='ltr'><strong>ad</strong></span> <span class='ocrx_word' id='word_1_228' title='bbox 973 1985 1060 2017; x_wconf 81' lang='lat' dir='ltr'><strong>alias</strong></span> <span class='ocrx_word' id='word_1_229' title='bbox 1086 1995 1208 2018; x_wconf 82' lang='lat' dir='ltr'>causas</span> <span class='ocrx_word' id='word_1_230' title='bbox 1232 1995 1305 2018; x_wconf 88' lang='lat' dir='ltr'><strong>non</strong></span> <span class='ocrx_word' id='word_1_231' title='bbox 1328 1994 1457 2029; x_wconf 83' lang='lat' dir='ltr'><strong>paucas</strong></span> <span class='ocrx_word' id='word_1_232' title='bbox 1496 1984 1585 2017; x_wconf 84' lang='lat' dir='ltr'><strong>haec</strong></span> <span class='ocrx_word' id='word_1_233' title='bbox 1612 1985 1722 2018; x_wconf 80' lang='lat' dir='ltr'><strong>etiam</strong></span> 
     </span>
     <span class='ocr_line' id='line_1_28' title="bbox 296 2028 1721 2075; baseline 0.001 -13"><span class='ocrx_word' id='word_1_234' title='bbox 296 2030 516 2075; x_wconf 78' lang='lat' dir='ltr'><strong>proditionis</strong></span> <span class='ocrx_word' id='word_1_235' title='bbox 540 2031 738 2064; x_wconf 83' lang='lat' dir='ltr'><strong>accesserit.</strong></span> <span class='ocrx_word' id='word_1_236' title='bbox 785 2028 961 2073; x_wconf 82' lang='lat' dir='ltr'><strong>Quocirca</strong></span> <span class='ocrx_word' id='word_1_237' title='bbox 992 2031 1021 2063; x_wconf 91' lang='lat' dir='ltr'><strong>si</strong></span> <span class='ocrx_word' id='word_1_238' title='bbox 1047 2031 1098 2062; x_wconf 83' lang='lat' dir='ltr'><strong>rei</strong></span> <span class='ocrx_word' id='word_1_239' title='bbox 1131 2036 1270 2063; x_wconf 82' lang='lat' dir='ltr'><strong>nostrae</strong></span> <span class='ocrx_word' id='word_1_240' title='bbox 1303 2030 1502 2063; x_wconf 84' lang='lat' dir='ltr'><strong>consultum</strong></span> <span class='ocrx_word' id='word_1_241' title='bbox 1535 2031 1721 2075; x_wconf 85' lang='lat' dir='ltr'><strong>cupimus,</strong></span> 
     </span>
     <span class='ocr_line' id='line_1_29' title="bbox 296 2076 1721 2121; baseline 0 -11"><span class='ocrx_word' id='word_1_242' title='bbox 296 2077 445 2110; x_wconf 84' lang='lat' dir='ltr'><strong>inanem</strong></span> <span class='ocrx_word' id='word_1_243' title='bbox 471 2077 725 2110; x_wconf 80' lang='lat' dir='ltr'><strong>dimittendum</strong></span> <span class='ocrx_word' id='word_1_244' title='bbox 749 2086 822 2108; x_wconf 85' lang='lat' dir='ltr'><strong>non</strong></span> <span class='ocrx_word' id='word_1_245' title='bbox 855 2081 952 2119; x_wconf 89' lang='lat' dir='ltr'><strong>puto.</strong></span> <span class='ocrx_word' id='word_1_246' title='bbox 1001 2076 1226 2121; x_wconf 80' lang='lat' dir='ltr'><strong>Relinquitur</strong></span> <span class='ocrx_word' id='word_1_247' title='bbox 1254 2087 1354 2119; x_wconf 88' lang='lat' dir='ltr'><strong>ergo,</strong></span> <span class='ocrx_word' id='word_1_248' title='bbox 1389 2076 1632 2109; x_wconf 80' lang='lat' dir='ltr'><strong>adiuvandum</strong></span> <span class='ocrx_word' id='word_1_249' title='bbox 1656 2083 1721 2111; x_wconf 90' lang='lat' dir='ltr'><strong>aut</strong></span> 
     </span>
     <span class='ocr_line' id='line_1_30' title="bbox 298 2122 1719 2167; baseline 0 -12"><span class='ocrx_word' id='word_1_250' title='bbox 298 2123 487 2156; x_wconf 81' lang='lat' dir='ltr'><strong>cedentem</strong></span> <span class='ocrx_word' id='word_1_251' title='bbox 514 2122 682 2162; x_wconf 85' lang='lat' dir='ltr'><strong>urbibus,</strong></span> <span class='ocrx_word' id='word_1_252' title='bbox 708 2132 795 2166; x_wconf 84' lang='lat' dir='ltr'><strong>quas</strong></span> <span class='ocrx_word' id='word_1_253' title='bbox 819 2122 994 2165; x_wconf 87' lang='lat' dir='ltr'><strong>petimus,</strong></span> <span class='ocrx_word' id='word_1_254' title='bbox 1018 2127 1080 2155; x_wconf 86' lang='lat' dir='ltr'><strong>aut</strong></span> <span class='ocrx_word' id='word_1_255' title='bbox 1104 2123 1255 2167; x_wconf 82' lang='lat' dir='ltr'><strong>gratuito</strong></span> <span class='ocrx_word' id='word_1_256' title='bbox 1281 2128 1397 2162; x_wconf 85' lang='lat' dir='ltr'><strong>certe,</strong></span> <span class='ocrx_word' id='word_1_257' title='bbox 1430 2127 1472 2154; x_wconf 90' lang='lat' dir='ltr'><strong>ut</strong></span> <span class='ocrx_word' id='word_1_258' title='bbox 1499 2123 1589 2155; x_wconf 90' lang='lat' dir='ltr'><strong>istuc</strong></span> <span class='ocrx_word' id='word_1_259' title='bbox 1611 2122 1719 2156; x_wconf 84' lang='lat' dir='ltr'><strong>nobis</strong></span> 
     </span>
     <span class='ocr_line' id='line_1_31' title="bbox 298 2167 1719 2214; baseline 0.001 -14"><span class='ocrx_word' id='word_1_260' title='bbox 298 2167 430 2201; x_wconf 87' lang='lat' dir='ltr'><strong>honori</strong></span> <span class='ocrx_word' id='word_1_261' title='bbox 458 2171 514 2202; x_wconf 88' lang='lat' dir='ltr'><strong>sit.</strong></span> <span class='ocrx_word' id='word_1_262' title='bbox 565 2169 603 2202; x_wconf 82' lang='lat' dir='ltr'><strong>Si</strong></span> <span class='ocrx_word' id='word_1_263' title='bbox 627 2167 771 2213; x_wconf 85' lang='lat' dir='ltr'><strong>oppidis</strong></span> <span class='ocrx_word' id='word_1_264' title='bbox 795 2168 958 2208; x_wconf 87' lang='lat' dir='ltr'><strong>cederet,</strong></span> <span class='ocrx_word' id='word_1_265' title='bbox 983 2168 1021 2200; x_wconf 84' lang='lat' dir='ltr'><strong>id</strong></span> <span class='ocrx_word' id='word_1_266' title='bbox 1045 2169 1133 2200; x_wconf 89' lang='lat' dir='ltr'><strong>mihi</strong></span> <span class='ocrx_word' id='word_1_267' title='bbox 1157 2167 1450 2201; x_wconf 85' lang='lat' dir='ltr'><strong>iucundissimum</strong></span> <span class='ocrx_word' id='word_1_268' title='bbox 1484 2174 1590 2214; x_wconf 86' lang='lat' dir='ltr'><strong>atque</strong></span> <span class='ocrx_word' id='word_1_269' title='bbox 1616 2174 1719 2213; x_wconf 80' lang='lat' dir='ltr'><strong>opta-</strong></span> 
     </span>
     <span class='ocr_line' id='line_1_32' title="bbox 297 2214 1720 2259; baseline 0.001 -12"><span class='ocrx_word' id='word_1_270' title='bbox 297 2216 476 2248; x_wconf 84' lang='lat' dir='ltr'><strong>tissimum</strong></span> <span class='ocrx_word' id='word_1_271' title='bbox 502 2215 605 2251; x_wconf 82' lang='lat' dir='ltr'><strong>foret.</strong></span> <span class='ocrx_word' id='word_1_272' title='bbox 652 2215 698 2246; x_wconf 93' lang='lat' dir='ltr'><strong>At</strong></span> <span class='ocrx_word' id='word_1_273' title='bbox 722 2214 807 2254; x_wconf 83' lang='lat' dir='ltr'><strong>ille,</strong></span> <span class='ocrx_word' id='word_1_274' title='bbox 832 2214 929 2258; x_wconf 88' lang='lat' dir='ltr'><strong>quod</strong></span> <span class='ocrx_word' id='word_1_275' title='bbox 953 2214 1132 2253; x_wconf 88' lang='lat' dir='ltr'><strong>videmus,</strong></span> <span class='ocrx_word' id='word_1_276' title='bbox 1161 2219 1299 2246; x_wconf 81' lang='lat' dir='ltr'><strong>tantum</strong></span> <span class='ocrx_word' id='word_1_277' title='bbox 1326 2214 1448 2254; x_wconf 86' lang='lat' dir='ltr'><strong>abest,</strong></span> <span class='ocrx_word' id='word_1_278' title='bbox 1469 2220 1509 2247; x_wconf 86' lang='lat' dir='ltr'><strong>ut</strong></span> <span class='ocrx_word' id='word_1_279' title='bbox 1539 2216 1720 2259; x_wconf 84' lang='lat' dir='ltr'><strong>praesenti</strong></span> 
     </span>
     <span class='ocr_line' id='line_1_33' title="bbox 300 2259 1720 2305; baseline 0 -11"><span class='ocrx_word' id='word_1_280' title='bbox 300 2261 506 2294; x_wconf 82' lang='lat' dir='ltr'><strong>calamitate</strong></span> <span class='ocrx_word' id='word_1_281' title='bbox 541 2265 806 2299; x_wconf 80' lang='lat' dir='ltr'><strong>consternatus,</strong></span> <span class='ocrx_word' id='word_1_282' title='bbox 838 2259 974 2293; x_wconf 89' lang='lat' dir='ltr'><strong>humile</strong></span> <span class='ocrx_word' id='word_1_283' title='bbox 1011 2261 1194 2305; x_wconf 70' lang='lat' dir='ltr'><strong>quippiam</strong></span> <span class='ocrx_word' id='word_1_284' title='bbox 1219 2260 1470 2305; x_wconf 79' lang='lat' dir='ltr'><strong>abiectumque</strong></span> <span class='ocrx_word' id='word_1_285' title='bbox 1495 2261 1644 2304; x_wconf 85' lang='lat' dir='ltr'><strong>cogitet,</strong></span> <span class='ocrx_word' id='word_1_286' title='bbox 1680 2266 1720 2294; x_wconf 86' lang='lat' dir='ltr'><strong>ut</strong></span> 
     </span>
     <span class='ocr_line' id='line_1_34' title="bbox 300 2305 1720 2351; baseline -0.001 -11"><span class='ocrx_word' id='word_1_287' title='bbox 300 2305 478 2346; x_wconf 84' lang='lat' dir='ltr'><strong>libenter,</strong></span> <span class='ocrx_word' id='word_1_288' title='bbox 517 2305 816 2351; x_wconf 80' lang='lat' dir='ltr'><strong>quemadmodum</strong></span> <span class='ocrx_word' id='word_1_289' title='bbox 847 2307 1028 2350; x_wconf 82' lang='lat' dir='ltr'><strong>professus</strong></span> <span class='ocrx_word' id='word_1_290' title='bbox 1063 2311 1134 2344; x_wconf 83' lang='lat' dir='ltr'><strong>est,</strong></span> <span class='ocrx_word' id='word_1_291' title='bbox 1167 2305 1274 2337; x_wconf 76' lang='lat' dir='ltr'><strong>etiam</strong></span> <span class='ocrx_word' id='word_1_292' title='bbox 1301 2306 1455 2339; x_wconf 83' lang='lat' dir='ltr'><strong>filiorum</strong></span> <span class='ocrx_word' id='word_1_293' title='bbox 1495 2312 1532 2340; x_wconf 88' lang='lat' dir='ltr'><strong>et</strong></span> <span class='ocrx_word' id='word_1_294' title='bbox 1555 2307 1720 2351; x_wconf 87' lang='lat' dir='ltr'><strong>quicum</strong></span> 
     </span>
     <span class='ocr_line' id='line_1_35' title="bbox 302 2351 1720 2396; baseline 0 -11"><span class='ocrx_word' id='word_1_295' title='bbox 302 2363 346 2385; x_wconf 88' lang='lat' dir='ltr'><strong>eo</strong></span> <span class='ocrx_word' id='word_1_296' title='bbox 372 2359 455 2385; x_wconf 87' lang='lat' dir='ltr'><strong>sunt</strong></span> <span class='ocrx_word' id='word_1_297' title='bbox 480 2353 636 2385; x_wconf 89' lang='lat' dir='ltr'><strong>omnium</strong></span> <span class='ocrx_word' id='word_1_298' title='bbox 679 2352 828 2384; x_wconf 81' lang='lat' dir='ltr'><strong>salutem</strong></span> <span class='ocrx_word' id='word_1_299' title='bbox 861 2363 940 2384; x_wconf 86' lang='lat' dir='ltr'><strong>cum</strong></span> <span class='ocrx_word' id='word_1_300' title='bbox 970 2361 1041 2384; x_wconf 90' lang='lat' dir='ltr'><strong>uno</strong></span> <span class='ocrx_word' id='word_1_301' title='bbox 1067 2356 1102 2383; x_wconf 86' lang='lat' dir='ltr'><strong>et</strong></span> <span class='ocrx_word' id='word_1_302' title='bbox 1134 2351 1395 2394; x_wconf 84' lang='lat' dir='ltr'><strong>ignobilissimo</strong></span> <span class='ocrx_word' id='word_1_303' title='bbox 1423 2352 1598 2396; x_wconf 86' lang='lat' dir='ltr'><strong>oppidulo</strong></span> <span class='ocrx_word' id='word_1_304' title='bbox 1621 2363 1720 2386; x_wconf 87' lang='lat' dir='ltr'><strong>com-</strong></span> 
     </span>
     <span class='ocr_line' id='line_1_36' title="bbox 300 2396 1720 2443; baseline 0 -12"><span class='ocrx_word' id='word_1_305' title='bbox 300 2400 502 2431; x_wconf 78' lang='lat' dir='ltr'><strong>mutaverit.</strong></span> <span class='ocrx_word' id='word_1_306' title='bbox 553 2397 706 2442; x_wconf 85' lang='lat' dir='ltr'><strong>Quando</strong></span> <span class='ocrx_word' id='word_1_307' title='bbox 736 2397 844 2442; x_wconf 85' lang='lat' dir='ltr'><strong>igitur</strong></span> <span class='ocrx_word' id='word_1_308' title='bbox 869 2409 923 2430; x_wconf 83' lang='lat' dir='ltr'><strong>res</strong></span> <span class='ocrx_word' id='word_1_309' title='bbox 948 2398 999 2430; x_wconf 84' lang='lat' dir='ltr'><strong>ita</strong></span> <span class='ocrx_word' id='word_1_310' title='bbox 1022 2406 1058 2428; x_wconf 90' lang='lat' dir='ltr'><strong>se</strong></span> <span class='ocrx_word' id='word_1_311' title='bbox 1076 2396 1209 2437; x_wconf 85' lang='lat' dir='ltr'><strong>babet,</strong></span> <span class='ocrx_word' id='word_1_312' title='bbox 1247 2402 1282 2430; x_wconf 90' lang='lat' dir='ltr'><strong>et</strong></span> <span class='ocrx_word' id='word_1_313' title='bbox 1307 2398 1368 2429; x_wconf 88' lang='lat' dir='ltr'><strong>ille</strong></span> <span class='ocrx_word' id='word_1_314' title='bbox 1391 2398 1530 2432; x_wconf 87' lang='lat' dir='ltr'><strong>homini</strong></span> <span class='ocrx_word' id='word_1_315' title='bbox 1561 2399 1720 2443; x_wconf 81' lang='lat' dir='ltr'><strong>ingenuo</strong></span> 
     </span>
     <span class='ocr_line' id='line_1_37' title="bbox 300 2442 1722 2489; baseline 0 -14"><span class='ocrx_word' id='word_1_316' title='bbox 300 2450 412 2489; x_wconf 84' lang='lat' dir='ltr'><strong>atque</strong></span> <span class='ocrx_word' id='word_1_317' title='bbox 446 2445 652 2488; x_wconf 83' lang='lat' dir='ltr'><strong>imperatori</strong></span> <span class='ocrx_word' id='word_1_318' title='bbox 689 2443 817 2475; x_wconf 83' lang='lat' dir='ltr'><strong>decora</strong></span> <span class='ocrx_word' id='word_1_319' title='bbox 840 2442 1038 2482; x_wconf 82' lang='lat' dir='ltr'><strong>affirmavit,</strong></span> <span class='ocrx_word' id='word_1_320' title='bbox 1071 2448 1251 2487; x_wconf 81' lang='lat' dir='ltr'><strong>praestare</strong></span> <span class='ocrx_word' id='word_1_321' title='bbox 1285 2443 1374 2476; x_wconf 84' lang='lat' dir='ltr'><strong>mihi</strong></span> <span class='ocrx_word' id='word_1_322' title='bbox 1397 2444 1511 2478; x_wconf 84' lang='lat' dir='ltr'><strong>visum</strong></span> <span class='ocrx_word' id='word_1_323' title='bbox 1534 2449 1590 2477; x_wconf 86' lang='lat' dir='ltr'><strong>est</strong></span> <span class='ocrx_word' id='word_1_324' title='bbox 1612 2449 1649 2476; x_wconf 84' lang='lat' dir='ltr'><strong>et</strong></span> <span class='ocrx_word' id='word_1_325' title='bbox 1673 2444 1722 2478; x_wconf 62' lang='lat' dir='ltr'><strong>ad,</strong></span> 
     </span>
     <span class='ocr_line' id='line_1_38' title="bbox 302 2489 1724 2535; baseline 0.002 -14"><span class='ocrx_word' id='word_1_326' title='bbox 302 2489 398 2522; x_wconf 89' lang='lat' dir='ltr'><strong>idem</strong></span> <span class='ocrx_word' id='word_1_327' title='bbox 422 2501 482 2521; x_wconf 90' lang='lat' dir='ltr'><strong>vos</strong></span> <span class='ocrx_word' id='word_1_328' title='bbox 515 2501 636 2523; x_wconf 84' lang='lat' dir='ltr'><strong>omnes</strong></span> <span class='ocrx_word' id='word_1_329' title='bbox 667 2489 852 2528; x_wconf 79' lang='lat' dir='ltr'><strong>adhortor,</strong></span> <span class='ocrx_word' id='word_1_330' title='bbox 889 2494 930 2522; x_wconf 87' lang='lat' dir='ltr'><strong>ut</strong></span> <span class='ocrx_word' id='word_1_331' title='bbox 952 2498 1042 2533; x_wconf 88' lang='lat' dir='ltr'><strong>quae</strong></span> <span class='ocrx_word' id='word_1_332' title='bbox 1067 2489 1162 2528; x_wconf 87' lang='lat' dir='ltr'><strong>vult,</strong></span> <span class='ocrx_word' id='word_1_333' title='bbox 1195 2489 1228 2522; x_wconf 89' lang='lat' dir='ltr'><strong>ei</strong></span> <span class='ocrx_word' id='word_1_334' title='bbox 1261 2489 1518 2531; x_wconf 84' lang='lat' dir='ltr'><strong>concedamus,</strong></span> <span class='ocrx_word' id='word_1_335' title='bbox 1551 2490 1724 2535; x_wconf 75' lang='lat' dir='ltr'><strong>omnique</strong></span> 
     </span>
     <span class='ocr_line' id='line_1_39' title="bbox 302 2533 1720 2581; baseline 0.002 -15"><span class='ocrx_word' id='word_1_336' title='bbox 302 2534 477 2567; x_wconf 84' lang='lat' dir='ltr'><strong>illiberali</strong></span> <span class='ocrx_word' id='word_1_337' title='bbox 513 2542 549 2568; x_wconf 85' lang='lat' dir='ltr'><strong>et</strong></span> <span class='ocrx_word' id='word_1_338' title='bbox 587 2536 731 2569; x_wconf 82' lang='lat' dir='ltr'><strong>sordida</strong></span> <span class='ocrx_word' id='word_1_339' title='bbox 766 2535 958 2579; x_wconf 86' lang='lat' dir='ltr'><strong>cupiditate</strong></span> <span class='ocrx_word' id='word_1_340' title='bbox 993 2533 1129 2578; x_wconf 86' lang='lat' dir='ltr'><strong>posita,</strong></span> <span class='ocrx_word' id='word_1_341' title='bbox 1166 2534 1211 2567; x_wconf 83' lang='lat' dir='ltr'><strong>ad</strong></span> <span class='ocrx_word' id='word_1_342' title='bbox 1249 2535 1444 2569; x_wconf 87' lang='lat' dir='ltr'><strong>Romanum</strong></span> <span class='ocrx_word' id='word_1_343' title='bbox 1477 2536 1720 2581; x_wconf 81' lang='lat' dir='ltr'><strong>principatum</strong></span> 
     </span>
     <span class='ocr_line' id='line_1_40' title="bbox 303 2580 1721 2626; baseline -0.003 -14"><span class='ocrx_word' id='word_1_344' title='bbox 303 2582 560 2625; x_wconf 80' lang='lat' dir='ltr'><strong>acquirendum</strong></span> <span class='ocrx_word' id='word_1_345' title='bbox 588 2582 673 2614; x_wconf 84' lang='lat' dir='ltr'><strong>totis</strong></span> <span class='ocrx_word' id='word_1_346' title='bbox 697 2581 835 2614; x_wconf 87' lang='lat' dir='ltr'><strong>viribus</strong></span> <span class='ocrx_word' id='word_1_347' title='bbox 864 2580 898 2612; x_wconf 85' lang='lat' dir='ltr'><strong>ei</strong></span> <span class='ocrx_word' id='word_1_348' title='bbox 923 2580 1124 2612; x_wconf 81' lang='lat' dir='ltr'><strong>studeamus</strong></span> <span class='ocrx_word' id='word_1_349' title='bbox 1142 2603 1151 2618; x_wconf 90' lang='lat'><strong><em>‚</em></strong></span> <span class='ocrx_word' id='word_1_350' title='bbox 1187 2592 1260 2614; x_wconf 89' lang='lat' dir='ltr'><strong>non</strong></span> <span class='ocrx_word' id='word_1_351' title='bbox 1286 2583 1453 2626; x_wconf 82' lang='lat' dir='ltr'><strong>exiguum</strong></span> <span class='ocrx_word' id='word_1_352' title='bbox 1487 2581 1640 2615; x_wconf 70' lang='lat' dir='ltr'><strong>fructum</strong></span> <span class='ocrx_word' id='word_1_353' title='bbox 1662 2593 1721 2614; x_wconf 73' lang='lat' dir='ltr'><strong>ar.</strong></span> 
     </span>
     <span class='ocr_line' id='line_1_41' title="bbox 303 2624 1718 2671; baseline 0.002 -14"><span class='ocrx_word' id='word_1_354' title='bbox 303 2625 451 2666; x_wconf 81' lang='lat' dir='ltr'><strong>bitrati,</strong></span> <span class='ocrx_word' id='word_1_355' title='bbox 474 2637 580 2671; x_wconf 83' lang='lat' dir='ltr'><strong>quam</strong></span> <span class='ocrx_word' id='word_1_356' title='bbox 605 2627 699 2671; x_wconf 81' lang='lat' dir='ltr'><strong>apud</strong></span> <span class='ocrx_word' id='word_1_357' title='bbox 724 2637 843 2659; x_wconf 85' lang='lat' dir='ltr'><strong>omnes</strong></span> <span class='ocrx_word' id='word_1_358' title='bbox 873 2626 1020 2670; x_wconf 80' lang='lat' dir='ltr'><strong>gloriam</strong></span> <span class='ocrx_word' id='word_1_359' title='bbox 1044 2624 1305 2670; x_wconf 85' lang='lat' dir='ltr'><strong>adipiscemur,</strong></span> <span class='ocrx_word' id='word_1_360' title='bbox 1330 2638 1408 2660; x_wconf 89' lang='lat' dir='ltr'><strong>cum</strong></span> <span class='ocrx_word' id='word_1_361' title='bbox 1435 2628 1542 2660; x_wconf 81' lang='lat' dir='ltr'><strong>talem</strong></span> <span class='ocrx_word' id='word_1_362' title='bbox 1565 2627 1718 2660; x_wconf 82' lang='lat' dir='ltr'><strong>amicum</strong></span> 
     </span>
     <span class='ocr_line' id='line_1_42' title="bbox 303 2671 1718 2718; baseline 0.001 -13"><span class='ocrx_word' id='word_1_363' title='bbox 303 2671 411 2705; x_wconf 83' lang='lat' dir='ltr'><strong>nobis</strong></span> <span class='ocrx_word' id='word_1_364' title='bbox 435 2673 641 2717; x_wconf 85' lang='lat' dir='ltr'><strong>sociumque</strong></span> <span class='ocrx_word' id='word_1_365' title='bbox 664 2672 923 2717; x_wconf 81' lang='lat' dir='ltr'><strong>paraverimus,</strong></span> <span class='ocrx_word' id='word_1_366' title='bbox 960 2671 1100 2716; x_wconf 84' lang='lat' dir='ltr'><strong>qualem</strong></span> <span class='ocrx_word' id='word_1_367' title='bbox 1124 2673 1230 2706; x_wconf 87' lang='lat' dir='ltr'><strong>multi</strong></span> <span class='ocrx_word' id='word_1_368' title='bbox 1264 2679 1496 2718; x_wconf 81' lang='lat' dir='ltr'><strong>exoptantes,</strong></span> <span class='ocrx_word' id='word_1_369' title='bbox 1527 2673 1632 2717; x_wconf 79' lang='lat' dir='ltr'><strong>pauci</strong></span> <span class='ocrx_word' id='word_1_370' title='bbox 1658 2674 1718 2707; x_wconf 90' lang='lat' dir='ltr'><strong>in-</strong></span> 
     </span>
     <span class='ocr_line' id='line_1_43' title="bbox 305 2717 1721 2765; baseline 0 -14"><span class='ocrx_word' id='word_1_371' title='bbox 305 2717 476 2757; x_wconf 86' lang='lat' dir='ltr'><strong>veniunt,</strong></span> <span class='ocrx_word' id='word_1_372' title='bbox 503 2723 539 2750; x_wconf 85' lang='lat' dir='ltr'><strong>et</strong></span> <span class='ocrx_word' id='word_1_373' title='bbox 562 2719 703 2762; x_wconf 83' lang='lat' dir='ltr'><strong>qualem</strong></span> <span class='ocrx_word' id='word_1_374' title='bbox 728 2718 790 2763; x_wconf 88' lang='lat' dir='ltr'><strong>qui</strong></span> <span class='ocrx_word' id='word_1_375' title='bbox 814 2717 1017 2757; x_wconf 83' lang='lat' dir='ltr'><strong>habehant,</strong></span> <span class='ocrx_word' id='word_1_376' title='bbox 1051 2718 1250 2752; x_wconf 78' lang='lat' dir='ltr'><strong>nescientes</strong></span> <span class='ocrx_word' id='word_1_377' title='bbox 1279 2720 1420 2765; x_wconf 84' lang='lat' dir='ltr'><strong>qualem</strong></span> <span class='ocrx_word' id='word_1_378' title='bbox 1443 2719 1638 2760; x_wconf 78' lang='lat' dir='ltr'><strong>haherent,</strong></span> <span class='ocrx_word' id='word_1_379' title='bbox 1662 2729 1721 2751; x_wconf 83' lang='lat' dir='ltr'><strong>ra-</strong></span> 
     </span>
     <span class='ocr_line' id='line_1_44' title="bbox 306 2761 1759 2811; baseline 0 -13"><span class='ocrx_word' id='word_1_380' title='bbox 306 2761 467 2805; x_wconf 76' lang='lat' dir='ltr'><strong>tionibus</strong></span> <span class='ocrx_word' id='word_1_381' title='bbox 492 2763 564 2797; x_wconf 75' lang='lat' dir='ltr'><strong>suis</strong></span> <span class='ocrx_word' id='word_1_382' title='bbox 587 2764 700 2811; x_wconf 57' lang='lat' dir='ltr'><strong>longe2</strong></span> <span class='ocrx_word' id='word_1_383' title='bbox 714 2764 868 2810; x_wconf 83' lang='lat' dir='ltr'><strong>pessime</strong></span> <span class='ocrx_word' id='word_1_384' title='bbox 891 2763 1133 2806; x_wconf 73' lang='lat' dir='ltr'><strong>consulentes,</strong></span> <span class='ocrx_word' id='word_1_385' title='bbox 1166 2765 1260 2799; x_wconf 85' lang='lat' dir='ltr'><strong>ultro</strong></span> <span class='ocrx_word' id='word_1_386' title='bbox 1295 2765 1514 2810; x_wconf 84' lang='lat' dir='ltr'><strong>repulerunt.</strong></span> <span class='ocrx_word' id='word_1_387' title='bbox 1562 2764 1637 2799; x_wconf 84' lang='lat' dir='ltr'><strong>Hoc</strong></span> <span class='ocrx_word' id='word_1_388' title='bbox 1659 2775 1730 2798; x_wconf 47' lang='lat' dir='ltr'><strong>sol</strong></span> <span class='ocrx_word' id='word_1_389' title='bbox 1756 2770 1759 2772; x_wconf 65' lang='grc'><strong>“</strong></span> 
     </span>
    </p>
   </div>
  </div>
 </body>
</html>
