1800 3132
535 181 914 223 ms'ronmssnm
957 183 1028 221 ιιι.
1071 181 1141 240 55<
1421 161 1529 216 335

97 282 171 329 καὶ
199 286 282 331 τοῖς
308 283 433 323 πᾶσιν
460 278 672 337 ἐρ’ῥωμένη
689 315 703 334 ,
730 276 799 323 οἷα
828 280 879 336 δὴ
910 276 1027 322 οὔπω
1055 284 1161 335 χθὲς
1187 281 1260 323 καί
1275 281 1418 337 πρώην
1446 284 1730 333 τῶνΔ.(ζ..ι34α

98 350 235 390 οἰκιῶν
262 349 320 396 εἰς
344 345 417 402 την
443 349 661 402 στρατείαν
686 343 926 399 ἐξελθόντες
942 379 954 400 ,
1000 350 1088 404 θεῷ
1119 364 1164 390 τε
1191 346 1345 396 πολλὰς
1382 346 1541 400 (ὁμολό-

97 427 199 467 γουν
220 411 402 467 χάριτας
427 412 587 466 τῆςείς
615 408 771 461 αὐτούς
808 411 1005 465 προνοίας
1030 416 1103 455 καί
1137 416 1220 455 τῶν
1246 410 1446 454 κινδύνων
1469 415 1538 467 τῆς

98 478 342 532 ἀπαλλαγῆς
365 511 378 531 ,
406 479 480 518 καί
502 479 691 530 βασιλίδι
718 479 792 532 τῆς
818 480 1004 533 σπουδῆς
1032 479 1197 533 καὶτῆς
1217 479 1436 534 φροντίδος
1463 480 1538 532 τῆς

69 546 195 599 5περί
220 542 399 596 αὐτούς,
442 543 515 584 καί
540 539 713 596 ἄσμενοι
739 541 1000 599 ὑπέστρεφον
1014 574 1029 597 ,v
1071 547 1149 586 τοῦ
1175 545 1362 597 μειζονος
1388 542 1524 585 κινὸύ-
1539 552 1574 589 Ρ.
1598 550 1668 586 535

98 624 172 651 νου
199 606 250 650 τοὶ
280 609 467 663 δυσχερῆ
493 606 692 663 πρότερον
714 607 787 650 καί
813 609 1052 662 δυσάρεστοι
1091 608 1228 667 ῥᾷστα
1279 607 1352 649 καί
1381 612 1538 650 λυσιτε-

98 676 276 716 λέστατα
305 675 532 729 φαίνεσθαι
559 676 791 722 ποιοῦντος.
826 671 935 715 οὕτω
966 676 1044 727 μὲν
1068 671 1144 716 οὖν
1174 672 1372 728 βασιλεύς
1398 689 1441 715 τε
1468 673 1541 714 καί

98 739 139 781 οἱ
165 739 270 794 ἄμφ’
299 737 428 780 αὐτὸν
455 739 776 794 ἀπροσδοκήτων
805 737 1002 795 ἐρ’ῥύοντο
1030 736 1232 782 κινδυνων
1252 741 1298 780 ἑκ
1323 741 1396 794 τῆς
1421 738 1535 794 παρὰ

96 806 180 845 τῶν
216 804 424 855 πολεμίων
465 806 664 858 πονηρίας
691 805 866 858 μέγιστα
911 800 1208 880 ωφεληθέντες.
1264 804 1286 846 ὃ
1328 806 1459 859 μέγας
1487 806 1536 845 δὲ

51 868 198 920 ιοδοὺξ
226 869 478 922 πυθόμενος,
519 885 576 918 ως
603 867 713 911 πάνυ
741 870 909 926 φαύλην
938 866 1051 924 α’γων
1079 868 1283 926 στρατιὰν
1311 886 1380 911 και
1409 870 1452 918 ἐς
1482 867 1534 910 τά

96 935 278 988 μάλιστα
304 931 613 990 εὐεπιχείρητος
640 932 727 988 ὠν,
757 935 1059 991 α’ναστρέψειεν
1077 938 1122 977 ἐκ
1150 937 1234 978 τῶν
1262 932 1536 990 γραμμάτων,

99 997 130 1043 ἃ
154 997 470 1055 μεταποιήσει-εν
497 998 520 1042 ὅ
552 999 766 1057 γαμβρὸς,
803 997 958 1056 πολλην
986 1002 1102 1042 αὕτιὸ
1130 1002 1254 1056 ἐπῆγε
1278 1003 1442 1054 μέμψιν
1465 1000 1540 1042 καὶ

98 1061 292 1120 ὠργίζετο
321 1068 539 1121 φανερῶς,
589 1063 654 1107 ὅτι
697 1065 770 1109 τὸν
804 1066 961 1122 ἐχθρὰν
989 1069 1032 1117 ἐξ
1061 1063 1265 1120 ἀβουλίας
1292 1064 1535 1122 ω’φελήσειε.

98 1132 244 1173 πολλοι
269 1132 315 1173 δὲ
342 1147 411 1172 και
441 1148 522 1174 των
546 1131 597 1174 τὰ
617 1131 687 1175 ἴσα
706 1132 925 1189 νρημένων
960 1128 1202 1190 Ἀποκαύκω
1239 1133 1311 1174 καί
1337 1132 1571 1179 οἷπιστιάςΒ

51 1194 444 1253 ιὸπρωτοστρὰτορα
492 1196 747 1254 ἐγράφοντο,
790 1198 847 1248 ὥς
900 1194 1006 1240 ἓκιὸν
1042 1194 1148 1240 εἶναι
1187 1195 1539 1251 Καντακουζηνὸν

97 1259 351 1319 ὠφελήσειεν
379 1261 685 1317 ἰσχυριζόμενοι
718 1262 860 1320 κρύφα
901 1262 955 1305 τὰ
983 1264 1138 1306 ἐκείνου
1177 1263 1396 1320 ᾑρημένος.
1449 1260 1472 1303 ὃ
1501 1263 1542 1302 δ’

99 1326 237 1383 ὅρκοις
265 1330 574 1382 διεβεβαιοῦτο,
603 1328 661 1378 ὥς
689 1329 813 1371 οὐδὲν
849 1325 962 1386 αὐτῷ
991 1331 1175 1371 τοιοῦτον
1196 1329 1427 1382 συνειδείη,
1449 1329 1529 1368 α’λλ

99 1392 238 1450 ὥσπερ
279 1392 363 1434 ὖπό
401 1408 511 1442 τινος
554 1395 758 1448 ἀγόμενος
797 1393 1016 1447 δυνάμεως
1045 1396 1274 1448 κρείττονος
1312 1394 1371 1442 εἷς
1411 1395 1535 1435 τοῦτο

99 1458 359 1514 προαχθείη,
396 1459 574 1511 νομίζων
609 1460 810 1514 σφάλλειν
847 1457 1198 1514 Καντακουζηνόν
1224 1458 1328 1512 μετὰ
1361 1460 1538 1513 βαρείας

46 1520 247 1579 ςιοῆκοντα
278 1522 519 1576 δυνάμεως,
552 1524 592 1564 εἰ
615 1527 794 1566 πείσειεν
822 1524 1098 1580 ἀναστρέφειν
1120 1521 1373 1579 ἐκφοβήσας.
1403 1526 1538 1565 ταῦτα

99 1590 178 1641 μὲν
198 1583 272 1630 οὖν
300 1592 449 1631 τοῦτον
477 1589 709 1642 ἐπέπρακτο
738 1588 811 1630 τὸν
837 1589 1017 1644 τρόπον,
1045 1589 1118 1630 καί
1137 1587 1484 1643 Καντακουζηνὸς
1514 1587 1536 1628 ὃ
1545 1598 1589 1634 V.
1604 1597 1672 1642 430

99 1652 297 1708 βασιλεῦς
326 1650 453 1702 αὖθις
480 1655 538 1702 εἰς
566 1652 741 1709 Κράλην
772 1655 989 1708 ἐπανῆκεν.
1041 1652 1301 1702 Ἀπόκαυκος
1341 1654 1387 1695 δὲ
1415 1650 1438 1693 ὃ
1466 1656 1539 1706 μέ·

99 1735 177 1773 γας
204 1718 300 1770 δούξ
328 1720 386 1769 εἰς
415 1718 646 1770 Βυζάντιον
673 1720 926 1771 α’πέπλευσε,
955 1718 1028 1761 καὶ
1060 1716 1310 1772 ὑπεδέχοντο
1341 1714 1472 1759 αὖτὸν
1501 1719 1541 1760 οἱ

101 1786 147 1826 ἐν
172 1783 390 1842 Βυζαντίῳ
415 1783 522 1837 μετὰ
552 1783 711 1839 κρότων
741 1786 904 1826 πολλῶν
932 1786 1006 1826 καί
1022 1784 1275 1839 θαυμασίων
1300 1786 1381 1827 τῶν
1409 1785 1538 1838 ἐγκω-

200 1869 248 1914 14,
277 1869 341 1902 καὶ
368 1874 452 1902 aute
477 1870 550 1904 τῶν
574 1879 642 1902 om.
657 1868 704 1901 M.
799 1880 854 1903 αι.
871 1866 1072 1915 ἐπράττετο
1099 1867 1148 1901 Μ.

103 1946 142 1977 et
163 1941 411 1977 sollicitudine
439 1953 520 1988 erga
542 1942 638 1987 ipsos
664 1943 794 1987 gratias
821 1943 984 1985 ingentes
1002 1946 1151 1984 egerunt
1170 1946 1209 1975 et
1232 1941 1280 1974 ob
1301 1942 1416 1976 maius
1440 1944 1539 1987 peri-

104 1989 246 2028 culum,
277 1999 369 2034 quae
404 1989 501 2034 prius
540 1989 665 2022 odiosa
704 1994 741 2022 et
774 1988 888 2021 invisa
922 1993 1047 2027 erant,
1080 1988 1257 2021 facillima
1282 1995 1319 2023 et
1343 1989 1537 2022 utilissima

104 2034 328 2075 iudicantes,
359 2035 458 2069 haud
488 2045 592 2080 aegre
630 2041 725 2069 retro
763 2034 962 2069 redierunt.
1022 2034 1082 2067 Sic
1113 2034 1309 2079 imperator
1342 2045 1420 2067 cum
1462 2036 1540 2067 suis

107 2080 304 2126 improviso
338 2082 536 2116 dIscrimini
576 2087 741 2126 ereptus,
781 2093 826 2114 ex
864 2080 1024 2114 hostium
1061 2081 1226 2126 nequitia
1257 2081 1413 2114 fructum
1438 2081 1536 2125 cepit

105 2126 334 2160 uberrimum.
385 2130 432 2161 At
455 2139 600 2172 magnus
626 2129 718 2168 dux,
743 2132 784 2160 ut
806 2128 956 2171 accepit,
982 2137 1064 2159 eum
1090 2127 1279 2160 ducentem
1302 2138 1444 2160 manum
1470 2128 1537 2159 ad·-

104 2172 251 2206 modum
274 2173 530 2218 despicabilem
567 2179 604 2207 et
628 2179 799 2218 superata
836 2173 1067 2213 facillimam,
1090 2179 1238 2218 propter
1263 2174 1401 2207 litteras
1426 2184 1445 2204 a
1473 2183 1537 2217 ge-

105 2229 193 2253 nero
227 2229 292 2252 suo
324 2220 526 2255 immutatas
559 2222 770 2260 revertisse,
806 2226 930 2265 aperte
963 2220 1168 2253 succensuit
1194 2220 1395 2266 acriterque
1419 2219 1539 2252 homi-

105 2276 188 2299 nem
213 2267 418 2310 increpuit,
451 2268 513 2312 qui
546 2278 611 2312 per
635 2266 826 2300 stultitiam
854 2277 951 2299 suam
977 2266 1073 2299 hosti
1099 2266 1302 2310 profuisset.
1358 2266 1408 2298 Ac
1432 2266 1538 2298 multi

106 2311 153 2346 de
176 2312 381 2356 Apocauchi
406 2312 559 2347 factione
592 2314 700 2346 etiam
726 2315 778 2346 in
792 2313 927 2346 crimen
953 2312 1110 2345 violatae
1136 2312 1220 2344 fidei
1241 2316 1540 2356 protostratorem

105 2357 306 2398 vocabant,
338 2359 509 2393 scientem
537 2359 793 2405 volentemque
818 2359 1086 2398 Cantacuzeno‚
1117 2358 1175 2391 cui
1200 2358 1338 2391 occulte
1366 2358 1540 2398 studeret,

106 2405 286 2450 profuisse
310 2405 568 2438 conflrmantes.
618 2407 651 2438 Is
674 2415 757 2439 vero
785 2406 987 2439 iuramento
1012 2404 1247 2448 interposito,
1275 2404 1370 2437 nihil
1395 2405 1539 2438 eiusce-

107 2451 206 2484 modi
229 2461 267 2484 se
290 2452 470 2490 voluisse,
501 2452 744 2485 asseverabat:
779 2451 842 2484 sed
865 2451 964 2485 velut
989 2451 1136 2485 coelesti
1162 2450 1314 2495 quadam
1337 2451 1373 2483 vi
1401 2462 1443 2484 eo
1469 2452 1540 2484 im·-

107 2496 250 2541 pulsum
281 2508 381 2536 esse,
409 2508 487 2530 cum
514 2503 678 2542 putaret,
707 2509 744 2531 se
770 2498 1057 2531 Cantacuzenum
1082 2509 1160 2530 cum
1190 2507 1381 2531 numeroso
1405 2497 1538 2530 adven-

107 2548 245 2576 tantem
280 2544 440 2578 exercitu
477 2544 709 2588 decepturum
733 2569 742 2584 ‚
765 2544 794 2576 si
827 2544 863 2576 ei
900 2544 1090 2577 torrefacto
1118 2544 1357 2576 reversionem
1387 2554 1536 2588 persua-

109 2590 221 2623 sisset.
270 2590 369 2623 Haec
397 2590 442 2623 ad
466 2589 562 2623 hunc
582 2590 732 2623 modum
757 2595 834 2623 acta
871 2595 981 2630 sunt,
1022 2594 1058 2622 et
1085 2589 1350 2623 Cantacuzenus
1373 2589 1419 2622 ad
1447 2590 1538 2622 Cra-

108 2635 180 2668 lem
207 2646 245 2668 se
274 2638 430 2680 recepit,
458 2635 690 2679 Apocauchus
716 2636 924 2680 Byzantium
951 2647 1093 2668 cursum
1117 2635 1273 2675 reflexit,
1297 2646 1403 2680 quem
1436 2636 1536 2669 inco-

109 2682 167 2714 lae
202 2683 326 2715 multis
360 2683 547 2726 plausibus
579 2688 616 2716 et
648 2683 821 2716 encomiis
858 2681 1110 2722 admirandis,
1133 2687 1367 2722 servatorem,
1403 2693 1536 2727 propu-

90 2733 316 2771 ‚gnum-em,
352 2729 584 2762 liberatorem
619 2730 820 2762 vocitantes
852 2732 1080 2770 exceperunt.
1139 2727 1424 2773 circumquaque
1461 2733 1536 2760 tum

108 2774 203 2807 fama
242 2774 470 2820 percrebuit,
511 2774 797 2809 Cantacuzenum
834 2785 879 2807 ne
902 2773 1095 2808 audentem
1119 2774 1265 2820 quidem
1290 2774 1432 2809 obtueri
1455 2784 1537 2806 ma-
