1800 3132
518 196 913 239 msTomAnUM-
934 201 1006 240 ιιι.
1036 201 1103 245 56.
1415 186 1524 262 337

99 289 212 347 ἥξειν
238 309 282 335 τε
305 293 422 347 ’μέτὰ
460 294 629 349 μικρὸν,
666 297 738 336 καί
772 298 844 349 τῆς
882 298 942 346 εἷς
980 297 1108 340 αὐτὸν
1145 300 1309 352 ειῖνοίας
1347 306 1419 345 καί
1451 305 1721 364 τῆςΑ,(;,,34,

100 359 272 411 ἀνδρίας
309 358 382 400 καί
417 361 489 412 τῆς
525 361 744 414 καρτερίας
773 361 1034 413 α’μειῖμεσθαι
1071 365 1210 413 α’ξιὲος.
1264 368 1336 408 καί
1366 366 1528 417 τούτοις

97 429 181 471 τοῖς
207 422 342 477 λόγοις
368 420 560 481 ἇνεκτιῖτό
589 441 631 465 τε
662 425 712 464 οὕ
742 426 920 479 μετρίως
949 430 1022 468 καί
1053 428 1308 485 χρηστότερα
1345 433 1527 483 ἐλπίζειν

97 485 274 528 ἔπειθεν.
329 486 460 529 ἐδόκει
497 490 543 530 δὲ
584 490 671 530 δεῖν
699 493 816 546 κοινῇ
841 494 1180 546 βουλευομένοις,
1211 495 1282 536 καί
1308 500 1566 552 πρεσβείανῦ

69 552 200 606 5πρὸς
226 553 496 606 Ἀλέξανδρον
524 551 596 594 τὸν
626 557 800 606 βασιλέα
836 559 1004 597 Mvocfiv
1032 563 1242 600 ποιεῖσθαι
1271 563 1343 602 καί
1371 561 1528 617 συνθή-

93 633 168 664 κας
194 620 389 658 τίθεσθαι
430 618 502 659 ε’πί
538 618 699 667 τούτοις
729 618 834 674 πρὸς
869 619 1018 674 αὐτὸν,
1063 621 1170 665 ὥστε
1198 626 1418 679 σύμμαχον
1446 627 1526 668 αὕ-

93 687 177 730 τοῖς
216 679 322 723 εἶναι
367 685 439 724 καί
475 685 595 739 φίλον
632 686 705 725 καί
737 688 907 739 βοηθεῖν
946 688 1018 727 ἐπὶ
1053 687 1151 737 τους
1192 693 1414 743 πολεμίους
1455 691 1530 733 καί

91 745 267 800 μηδενὸς
295 745 464 800 ἀμελεῖν
492 743 551 790 ὧν
594 747 790 804 προσήκει
828 753 936 807 φίλῳ
980 750 1082 806 πρὸς
1118 754 1288 803 αὐτούς.
1331 752 1410 798 κᾶν
1446 758 1525 810 μὲν

92 809 301 868 ἐπανέλθῃ
328 812 526 865 βασιλεῦς
559 812 581 854 ὃ
614 815 984 870 Καντακουζήνὸς,
1024 817 1151 859 αὖτόν
1176 820 1290 876 αὐτῷ
1317 823 1390 875 τῆς
1416 839 1524 874 συμ--

44 877 249 928 ιομαχίας
281 877 447 932 καὶτῆς
476 882 619 933 φιλίας
645 877 721 927 τάς
744 878 923 934 χάριτας
951 883 1139 923 ἐκτίνειν·
1168 885 1207 924 εἰ
1233 886 1278 925 δὲ
1311 888 1522 941 συμβαίη,

91 937 118 994 ἢ
157 943 323 998 πολέμῳ
361 939 389 997 ἢ
419 940 547 999 ἑτέρῳ
586 943 723 1001 τρόπῳ
771 948 868 1000 πρίν
902 944 1118 1000 ἐπανήκειν
1153 952 1368 1006 τελευτᾷν,
1407 949 1524 1009 αὐτῷ

89 1004 166 1060 τήν
192 1005 313 1048 πόλιν
341 1007 621 1062 παραδιδόναι
647 1013 719 1050 καί
743 1012 814 1064 τῆς
843 1007 978 1065 ἀρχῆς
1006 1010 1571 1068 α’φύῑτασθαι(Ρωμαίων.ν,
1590 1031 1654 1076 431

87 1071 206 1112 τοῦτο
235 1073 280 1113 δὲ
309 1073 390 1126 οὐχ
421 1069 532 1114 οὕτω
559 1074 633 1114 καί
659 1077 828 1128 α’ληθῶς
857 1076 998 1124 αὐτοῖς
1027 1079 1216 1119 ἐδέδοκτο
1244 1086 1388 1132 ποιεῖν,
1411 1080 1518 1122 α’λλά

88 1135 321 1190 φενακίζειν
349 1138 568 1192 ἐπειρῶντο
596 1138 669 1180 τὸν
698 1139 851 1181 ΙΙΙυσὸν
877 1140 995 1182 ἕνεκα
1023 1143 1165 1195 δυοῖν,
1204 1147 1281 1184 τοῦ
1309 1161 1352 1185 τε
1388 1144 1562 1188 αὕτόνῐ)

40 1201 160 1253 ι5τῆς
187 1201 352 1249 ἐλπίδος
388 1202 505 1243 ἕνεκα
536 1203 679 1252 αὕτοῖς
710 1203 917 1260 ω’φέλειάν
943 1222 1035 1247 τινα
1071 1209 1294 1261 παρέχειν,
1339 1211 1412 1250 καί
1445 1213 1522 1251 τοῦ

87 1265 284 1317 βασιλίδα
312 1265 387 1320 τήν
404 1263 559 1309 ’Ἀνναν
590 1271 661 1310 καί
683 1269 918 1321 Ῥωμαίους
946 1270 1043 1319 τούς
1071 1270 1229 1321 αὐτούς
1248 1278 1519 1329 πολιορκοῦν-

86 1346 160 1378 τας
187 1333 470 1385 πυθομένους,
516 1332 574 1380 ὦς
602 1334 833 1386 συμβάσεις
867 1335 966 1388 περὶ
1001 1335 1271 1389 παραδόσεως
1302 1341 1518 1381 ποιοῦνται

87 1393 192 1448 πρὸς
224 1394 423 1446 Μυσούς,
474 1396 531 1451 μή
573 1401 665 1439 λίαν
703 1401 994 1453 ἐπιτίθεσθαι,
1032 1401 1123 1442 ἀλλ’
1161 1402 1382 1457 ἅνακωχήν
1421 1420 1514 1445 τινα

87 1461 312 1513 παρέχειν,
344 1459 531 1510 δεδιότας
556 1461 614 1517 μή
644 1465 698 1504 δι’
729 1464 856 1519 ὀργήν
883 1467 995 1520 σφᾶς
1020 1482 1064 1506 τε
1090 1465 1425 1516 αὕτΟὐςΙΙίΙυσοῖς
1447 1467 1521 1509 καὶ

35 1523 163 1578 αοτήν
191 1522 310 1566 πόλιν
346 1528 605 1579 παραδῶσιν.
660 1526 696 1568 οἱ
724 1530 803 1579 μὲν
834 1525 909 1570 οὖν
936 1532 1104 1586 τοιαύτῃ
1131 1525 1271 1586 γναῖμῃ
1311 1529 1388 1579 τὰς
1416 1549 1517 1574 συν-

85 1588 223 1643 θήκας
248 1591 486 1642 ἐποιοῦντο,
515 1591 700 1643 ἀσμένως
728 1593 800 1633 καί
826 1595 902 1633 τοῦ
923 1596 1090 1634 ΙΙἸυσῶν
1117 1596 1323 1646 βασιλέως
1345 1597 1516 1647 δεξαμέ-

84 1668 158 1694 νου
212 1653 284 1695 nal
312 1656 436 1696 παντί
476 1653 614 1712 τρόπῳ
653 1656 946 1710 συμμαχήσειν
973 1658 1346 1711 ἅπαγγελλομένου.
1399 1659 1444 1701 τὸ
1476 1662 1518 1701 δ’

85 1713 309 1771 ἀπέβαινεν
337 1720 544 1771 ἐναντίως,
574 1717 599 1774 ἢ
630 1720 830 1777 ᾠήθησαν
858 1718 992 1763 αὐτοί.
1020 1723 1286 1778 Ἀλέξανδρος
1303 1722 1395 1777 γὰρ,
1425 1724 1517 1766 ἐπεὶ

86 1782 124 1824 οἱ
145 1785 190 1825 ἐν
204 1785 492 1842 Διδυμοτείχῳ
519 1783 594 1833 τὰς
621 1784 834 1840 συνθήκας
861 1785 1127 1841 ἐποιήσαντο,
1155 1787 1233 1840 ὥς,
1254 1789 1295 1829 εἰ
1314 1786 1374 1843 μή
1392 1792 1515 1832 Καν-

83 1899 196 1932 multa
233 1904 270 1932 et
294 1911 418 1945 magna
442 1913 503 1947 spe
529 1902 646 1935 adhuc
676 1903 826 1950 reliqua.
874 1907 1130 1949 Imperatorem
1157 1906 1253 1939 enim
1289 1917 1363 1940 non
1387 1906 1511 1940 tarda·

84 1951 202 1979 turum
239 1947 278 1979 in
312 1947 448 1987 reditu,
471 1951 652 1995 pauloque
677 1956 759 1996 post
793 1953 984 1985 affuturum
1015 1957 1051 1984 et
1074 1962 1196 1984 eorum
1222 1953 1261 1983 in
1286 1962 1323 1984 se
1350 1952 1510 1987 benevo-

83 1992 259 2032 lentiam,
283 1992 534 2028 fortitudinem
559 2006 600 2027 ac
626 1997 852 2030 tolerantiam
883 2008 946 2042 pro
973 1997 1147 2041 dignitate
1162 2004 1510 2042 *compensaturum-

84 2037 291 2071 Istiusmodi
319 2039 437 2072 verbis
461 2042 595 2074 milites
620 2043 683 2075 illa
709 2043 859 2076 mirifice
885 2043 1070 2076 recreabat
1095 2049 1131 2078 et
1155 2043 1200 2076 ad
1234 2043 1397 2076 feliciora
1423 2055 1508 2088 spe—

84 2083 193 2117 randa
232 2085 479 2120 exsuscitabat.
528 2088 719 2122 Decretum
756 2094 811 2122 est
843 2100 949 2135 porro
987 2090 1166 2122 communi
1199 2090 1400 2130 sententia,
1422 2091 1507 2124 Ale-s

82 2130 270 2169 xandrum,
296 2141 410 2175 regem
434 2133 651 2174 Moesorum,
674 2147 738 2181 per
755 2136 890 2179 legatos
915 2136 1170 2180 appellandum
1196 2141 1232 2168 ct
1255 2146 1331 2168 cum
1357 2146 1399 2169 eo
1428 2136 1507 2170 foe-

84 2175 150 2208 dus
175 2177 225 2209 ita
249 2177 471 2219 feriendum,
499 2186 541 2213 ut
564 2182 722 2224 ipsorum
747 2181 863 2214 socius
889 2186 925 2215 et
948 2183 1081 2214 amicus
1106 2186 1211 2220 esset,
1236 2193 1330 2214 arma
1355 2183 1510 2216 coniun-

84 2227 183 2266 geret
212 2227 249 2254 et
272 2223 625 2260 nullum'amicitiae
657 2238 784 2259 munus
810 2226 1036 2272 officiumque
1063 2239 1135 2259 non
1160 2233 1379 2271 praestaret:
1405 2233 1442 2261 et
1467 2230 1508 2262 'ut

83 2268 351 2301 camacuzenus
390 2271 582 2315 imperator
615 2272 727 2305 redux
751 2274 828 2317 ipse
852 2273 886 2306 ei
910 2273 1017 2306 huius
1041 2274 1219 2307 amicitiae
1249 2274 1506 2318 societatisque

81 2315 278 2358 praemium
305 2317 532 2358 persolveret,
581 2318 644 2351 Sin
669 2330 749 2352 cum
777 2325 838 2352 aut
864 2320 901 2352 in
926 2331 1044 2364 pugna
1071 2325 1133 2352 aut
1157 2321 1263 2351 aliter
1291 2324 1374 2352 ante
1404 2320 1507 2353 redi·—

83 2365 158 2393 tum
189 2360 300 2392 emori
335 2363 558 2407 contigisset,
599 2365 669 2408 ipsi
704 2365 786 2397 urbs
823 2365 1116 2410 Didymotichnm
1138 2388 1147 2404 ,
1182 2366 1226 2397 ab
1253 2366 1405 2408 imperio
1433 2368 1505 2399 Ro-

82 2416 188 2438 mano
227 2412 418 2449 segregata,
452 2410 662 2443 traderetur.
722 2410 829 2455 Quod
864 2412 1010 2456 quidem
1045 2422 1168 2446 revera
1199 2411 1317 2444 facere
1348 2412 1442 2444 inter
1465 2422 1504 2446 se

82 2462 156 2484 non
191 2457 415 2492 statuerant,
445 2454 507 2487 sed
543 2465 623 2488 eum
657 2456 834 2490 ludificari
872 2457 1011 2491 duabus
1047 2457 1092 2490 de
1118 2458 1232 2490 causis
1257 2457 1502 2492 attentabant:

83 2502 159 2530 tum
190 2504 230 2531 ut
263 2497 330 2530 hac
361 2509 422 2542 spe
458 2500 619 2542 illectus,
653 2503 775 2548 aliquo
805 2504 892 2547 ipsis
919 2504 1056 2536 auxilio
1090 2508 1335 2536 succurreret:
1360 2508 1436 2537 tum
1461 2510 1504 2538 ut

83 2543 185 2575 Anna
214 2544 368 2589 Augusta
406 2550 441 2578 et
468 2547 639 2588 Romani,
674 2549 736 2594 qui
767 2549 1006 2588 obsidebant,
1034 2549 1196 2581 obsessos
1224 2549 1269 2581 de
1301 2548 1389 2582 urbe
1424 2555 1503 2582 tra-

85 2587 202 2622 denda
239 2601 318 2622 cum
343 2591 474 2624 Moesis
498 2595 630 2636 pacisci
653 2595 841 2628 audientes
856 2620 865 2634 ‚
901 2596 1042 2638 segnius
1067 2596 1242 2627 instarent
1264 2595 1500 2641 induciasque

86 2634 346 2675 concederent,
391 2638 576 2679 timentes,
622 2651 694 2680 ne,
731 2642 784 2673 ira
820 2642 1050 2680 stimulante,
1092 2652 1202 2685 seque
1238 2646 1275 2672 et
1324 2641 1498 2685 oppidum

74 2679 212 2713 ’Μοεείε
237 2681 419 2727 dederent.
478 2683 551 2716 Hac
581 2685 638 2718 illi
678 2692 797 2720 mente
843 2687 994 2726 foedus,
1028 2686 1166 2719 libente
1196 2686 1399 2720 Moesorum
1442 2698 1499 2720 re·-

79 2736 123 2769 ge
147 2731 183 2758 et
209 2728 448 2762 omnimodam
466 2729 578 2774 'opem
603 2731 820 2776 pollicente,
858 2733 1023 2765 iciebant.
1076 2733 1182 2776 Atqui
1208 2739 1326 2765 contra
1353 2734 1500 2776 opinio-

86 2783 168 2805 nem
187 2773 328 2810 cecidit.
374 2774 576 2811 Alexander
610 2777 729 2819 enim,
755 2790 922 2824 percusso
949 2777 1097 2812 foedere
1129 2779 1166 2811 in
1199 2789 1277 2811 eam
1312 2778 1494 2813 conditio·

128 2838 397 2873 Caratacuzenus
419 2843 466 2876 II.
1194 2857 1237 2879 22
