1800 3132
275 167 345 224 82
796 157 1166 226 CANTACUZENJ

23 315 26 318 Δ
76 291 115 326 Α.
126 291 164 326 C
180 291 269 340 ι34ι
277 282 520 338 Βαλάγριτα
548 281 764 325 ἐκάκωσαν
793 282 998 338 ὁσημέραι
1014 285 1333 338 κατατρέχοντες
1350 281 1422 322 καί
1438 277 1706 336 ληϊζόμενοι,)

273 350 549 404 πειράσομαι,
595 350 635 390 εἰ
661 348 886 403 δυναίμην,
930 348 1072 402 οἴομαι
1101 350 1169 400 δὲ,
1208 347 1284 402 τὴν
1310 349 1390 388 τῶν
1416 347 1609 400 Χριστοῦ
1645 361 1713 399 γεω

270 415 446 456 νεθλίων
474 409 622 470 ἑορτὴν
650 414 694 455 ἒν
721 414 938 471 Βυζαντίω
967 411 1159 467 ἀγαγεῖν,
1188 412 1239 453 ου’
1264 408 1390 465 μόνον
1406 410 1476 453 διὰ
1495 409 1569 464 τὴν
1586 426 1712 464 στρα-

269 477 389 532 nob»,
432 481 501 520 ἵνα
542 477 602 533 μὴ
632 477 855 554 ὑπερόριος
883 480 927 520 ἐν
953 479 1132 532 χειμῶνι
1161 477 1379 534 διατριβῃ,
1428 477 1516 517 ἀλλ’
1546 476 1614 517 ἵνα
1643 477 1716 517 καί

269 545 487 597 βασιλέως
511 542 536 598 ἦ
586 545 696 585 νέου
724 543 985 599 στεφηφορία
1026 545 1217 599 τελεσθῇ.
1274 541 1385 584 οὕτω
1415 558 1494 597 γαρ
1525 531 1738 595 ἐδέδοκτοό

228 609 379 664 Βῆμῖν.
451 605 540 662 ἅμα
565 610 610 651 δὲ
630 604 702 664 ἦρι
723 605 939 666 ἇρχομένῳ
959 611 1040 650 τῶν
1067 623 1113 649 τε
1140 608 1342 664 τριήρεων
1370 605 1474 661 πρὸς
1492 605 1562 648 τὸν
1581 607 1713 647 πλοῦν

268 676 828 730 οὔσῶνπαρεσκευασμένων
859 675 932 715 καί
957 676 1032 727 τῆς
1058 675 1255 727 στρατιᾶς
1283 671 1457 726 ἁπάσης,
1478 674 1521 722 ἐξ
1541 670 1711 727 ἠπείρου

270 755 314 781 τε
350 736 439 792 ἅμα
478 741 553 780 καί
575 737 793 794 θαλάσσης
834 740 1152 794 προσβαλοῦμεν
1202 740 1252 795 τῇ
1280 735 1599 794 Πελοποννήσῳ.
1665 737 1715 779 οὗ

267 803 348 860 γοὶρ
376 803 505 860 μικροὶ
535 802 754 860 προσθήκη
787 803 997 859 γενήσεται
1029 803 1280 857 Ῥωμαίοις,
1314 799 1366 845 ἂν
1397 800 1713 858 ὗπαγαγώμεθα

268 871 462 919 ἐκείνους.
492 867 597 912 ὅὸοῧ
618 872 664 913 δὲ
682 868 888 925 πάρεργον
908 865 980 910 καί
997 867 1095 918 τοὺς
1112 871 1186 925 τῆς
1205 869 1359 917 Ἰωνίας
1388 867 1762 948 διερευνησάμε-ῐο

266 951 331 978 νοι
347 933 644 988 ναυστάθμους
668 936 741 976 καί
755 932 989 988 ποταμούς,
1018 936 1062 976 ἐν
1083 930 1145 982 οἷς
1162 932 1200 975 οἱ
1219 935 1390 990 Πέρσαι
1410 931 1486 981 τὰς
1502 934 1711 1009 σφετέρας

267 1001 407 1043 αὐτων
435 1000 765 1056 προσορμίζουσι
791 1001 920 1053 ναῦς,
961 1016 1029 1042 και
1057 1000 1386 1056 καταφλέξαντες
1414 994 1542 1052 πυρι,
1583 993 1710 1054 (ου’τω

266 1064 345 1122 γὰρ
374 1067 576 1122 Ἀλησέρῃ
598 1066 655 1122 τῷ
678 1064 915 1107 Κοτυαείου
935 1064 1123 1122 σατράπῃ
1149 1063 1223 1106 καὶ
1237 1064 1333 1117 ἐμοὶ
1345 1065 1633 1116 συντέθειται,
1664 1064 1711 1104 ἐκ

266 1133 338 1186 τῆς
354 1127 526 1186 ἠπείρου
548 1133 894 1186 παραβοηθοῦντι
921 1126 1011 1184 ἅμα
1037 1132 1214 1188 στρατιᾷ
1240 1131 1344 1186 πεζῇ
1370 1145 1412 1171 τε
1438 1131 1511 1171 καί
1527 1128 1708 1185 ἱππικῇ,)

267 1195 342 1237 καί
362 1198 432 1253 τῆς
459 1197 502 1247 ἐξ
529 1197 695 1238 ἐκείνων
726 1197 1031 1250 α’παλλαγέντες
1059 1197 1194 1250 λύμης
1220 1197 1293 1237 καί
1321 1195 1560 1251 φροντίδος,
1596 1190 1785 1249 ,πρὸςι5”

228 1259 338 1303 cmiv
380 1263 650 1316 προκείμενον
685 1260 948 1315 βαδιούμεθα
990 1256 1179 1314 ἀγῶνα,
1205 1259 1339 1302 πάντα
1366 1258 1415 1301 τοὶ
1447 1259 1551 1300 οἴκοι
1583 1275 1708 1300 κατα-

242 1325 494 1378 ,στήσαντες
521 1327 698 1375 καλῶς.”
751 1328 925 1367 τοιαῦτα
960 1329 1037 1366 τοῦ
1061 1322 1244 1379 μεγάλου
1272 1325 1608 1378 βουλευσαμένου
1640 1325 1711 1364 ‹50-

265 1393 465 1444 μεστίκου
485 1423 498 1444 ,
541 1392 634 1433 ἐπεῖ
671 1390 744 1433 καί
782 1396 869 1439 τοῖς
913 1385 1053 1439 ἄλλοις
1092 1389 1305 1433 συνεδόκει
1338 1392 1409 1430 καί
1435 1388 1608 1445 ἐπῄνουν
1635 1389 1710 1444 τὴν

265 1454 446 1510 βουλὴν,
491 1455 594 1512 πρὸς
630 1458 708 1509 μὲν
751 1454 824 1497 τὸν
863 1457 947 1498 τῶν
1016 1457 1234 1510 Τριβαλῶν
1279 1450 1460 1509 ἄρχοντα
1516 1454 1710 1509 πρέσβεις

265 1521 443 1599 ᾑροῦντο
474 1522 638 1563 αὐτίκα.
694 1523 736 1563 οἳ
761 1519 833 1562 καί
855 1517 1176 1576 παραγενόμενοι
1203 1521 1275 1561 καί
1303 1522 1593 1572 διαλεχθέντες
1612 1520 1763 1574 περίιο

267 1583 460 1640 ειρήνης,
500 1584 675 1628 επεισιίν
713 1602 756 1628 τε
794 1585 1080 1627 διαλύσασθαι
1116 1583 1188 1626 καὶ
1225 1583 1367 1626 ἔθεντο
1396 1582 1577 1635 σπονὸας
1603 1581 1706 1626 κατὰ

265 1649 343 1700 τὰς
382 1647 511 1700 οὔσας
538 1653 648 1707 πρίν.
704 1649 725 1692 ὃ
754 1652 884 1705 μέγας
913 1652 958 1691 δὲ
984 1651 1222 1703 ὃομέστικος
1253 1646 1533 1730 αθροίζεσθαι
1564 1650 1708 1691 κελευ-

265 1732 344 1764 σας
371 1713 444 1771 τήν
470 1715 701 1772 στρατιὰν,
728 1713 857 1765 αυτὸς
885 1710 951 1772 ᾔει
979 1718 1038 1764 εἰς
1065 1713 1308 1767 Βυζάντιον.
1362 1716 1455 1758 ἐπεὶ
1473 1716 1530 1758 δὲ
1552 1717 1707 1768 ἐγένετο

267 1780 403 1836 ἐγγύς,
436 1779 476 1823 οἱ
505 1781 721 1839 Βυζαντίῳ
748 1780 947 1837 παρόντες
976 1783 1059 1823 τῶν
1087 1783 1363 1836 συγκλητικῶν
1393 1781 1455 1829 εἰς
1479 1779 1715 1834 ὑπάντησιν·

362 1882 394 1914 6.
416 1881 579 1926 τριηρῶν
602 1882 639 1914 Ρ.
730 1888 793 1926 ”ι9.
816 1881 890 1915 τῶν
912 1891 980 1915 om.
1006 1880 1040 1913 P.
1126 1881 1192 1918 23.
1218 1881 1268 1912 ἵει
1293 1880 1331 1915 Ρ.
1357 1886 1393 1912 et
1420 1878 1469 1912 Μ.

267 1986 397 2030 lagrita
425 1986 647 2032 quotidianis
682 1985 951 2020 incursionibus
973 1997 1014 2018 ac
1047 1985 1315 2031 direptionibus
1349 1985 1559 2028 afflixerint)
1596 1995 1705 2018 cona-

267 2032 356 2072 bor,
381 2033 412 2064 si
435 2033 587 2078 possim,
621 2037 657 2065 et
682 2037 826 2076 potem,
866 2038 906 2065 ut
930 2033 1079 2077 opinor,
1105 2034 1253 2067 solenne
1278 2032 1410 2065 Christi
1437 2032 1610 2064 natalium
1635 2032 1706 2075 By-

269 2079 382 2111 zantii
400 2090 534 2132 agere:
572 2089 645 2111 non
670 2083 810 2110 tantum
836 2080 1011 2111 exercitus
1037 2089 1142 2112 causa
1162 2104 1172 2120 ,
1207 2090 1253 2111 ne
1278 2084 1375 2111 extra
1402 2079 1490 2111 fines
1516 2076 1706 2118 hibemet,

268 2124 333 2158 sed
360 2125 468 2158 etiam
491 2130 533 2157 ut
555 2124 647 2157 novi
681 2124 928 2168 imperatoris,
967 2124 1268 2170 quemadmodum
1295 2125 1391 2157 inter
1427 2136 1492 2158 nos
1526 2124 1706 2165 convenit,

270 2172 540 2204 coronationem
564 2169 795 2203 celebremus.
845 2171 996 2204 Ineunte
1020 2176 1139 2204 autem
1164 2182 1267 2211 vere,
1292 2171 1499 2204 triremibus
1527 2170 1574 2202 ad
1603 2170 1706 2203 navi-

270 2221 453 2260 gationem
480 2218 611 2261 paratis
647 2217 878 2261 exercituque
915 2222 991 2250 toto
1029 2223 1238 2261 praesente,
1281 2218 1567 2260 Peloponnesum
1609 2222 1703 2251 terra

269 2264 434 2308 marique
458 2264 593 2308 pariter
615 2262 819 2295 adoriemur
842 2276 849 2295 :
883 2274 952 2307 qua
977 2264 1094 2296 insula
1123 2264 1294 2304 subacta,
1323 2264 1497 2297 Romanos
1517 2263 1606 2296 fines
1629 2273 1705 2296 non

273 2321 410 2354 parum
431 2310 665 2352 proferemus,
711 2309 796 2341 Levi
821 2313 941 2341 autem
968 2308 1116 2343 brachio
1142 2311 1251 2342 etiam
1285 2289 1408 2343 'Ioniae
1447 2310 1607 2342 lustratis
1631 2320 1700 2342 na-

271 2355 414 2387 valibus
437 2361 473 2388 et
502 2354 726 2393 fluminibus,
753 2354 798 2387 ad
821 2366 914 2400 quae
936 2355 1060 2389 Persae
1077 2366 1184 2389 naves
1210 2367 1290 2389 suas
1307 2357 1516 2402 appellunt,
1555 2355 1704 2400 illisque

273 2401 504 2435 inflammatis
537 2403 608 2443 (sic
645 2411 799 2446 namque
827 2412 891 2446 ego
927 2406 964 2434 et
993 2402 1148 2436 Aliseres
1192 2402 1331 2436 Cotiaei
1366 2408 1524 2447 satrapa,
1562 2401 1627 2446 qui
1658 2411 1703 2434 ex

274 2449 483 2480 continente
519 2447 678 2491 pedestri
707 2457 772 2479 nos
802 2453 839 2481 et
870 2448 1028 2493 equestri
1062 2446 1198 2481 auxilio
1225 2448 1383 2489 iuvabit,
1425 2450 1521 2494 pacti
1550 2452 1701 2487 sumus,)
1730 2475 1732 2478 .

275 2499 312 2527 et
349 2494 555 2527 imminenti
589 2492 675 2526 inde
712 2492 812 2525 clade
848 2495 1026 2540 anxiaque
1061 2505 1144 2528 eura
1176 2495 1345 2534 liberati,
1393 2495 1559 2528 omnibus
1603 2493 1702 2526 domi

274 2544 371 2573 recte
405 2539 598 2581 ordinatis,
642 2538 688 2572 ad
724 2541 949 2584 propositum
989 2545 1169 2587 certamen
1205 2553 1268 2586 agg
1250 2540 1461 2574 “rediemun
1509 2541 1701 2584 Postquam

273 2585 361 2618 huic
388 2585 538 2619 consilio
555 2586 683 2642 magni
705 2585 890 2619 domestici
916 2587 1025 2619 etiam
1052 2589 1162 2620 ceteri
1190 2588 1468 2632 applauserunt,
1508 2586 1618 2629 legati
1653 2584 1701 2618 ad

275 2630 519 2665 Triballorum
549 2634 748 2677 principem
773 2643 856 2664 mox
893 2632 1022 2666 delecti
1053 2638 1144 2666 sunt.
1194 2634 1267 2678 Qui
1304 2634 1476 2677 profecti,
1512 2642 1636 2677 pacem
1665 2631 1702 2665 ei

273 2682 529 2722 persuaserunt
573 2684 609 2712 et
645 2678 773 2712 foedus
810 2679 1003 2723 pristinum
1035 2685 1255 2713 revocarunt.
1302 2677 1452 2725 Magnus
1484 2684 1605 2712 autem
1633 2677 1700 2711 do·-

274 2725 443 2757 mesticus
470 2730 682 2768 congregato
726 2725 884 2758 exercitu
922 2726 1131 2769 Byzantium
1167 2727 1322 2771 petivit:
1365 2737 1472 2771 quem
1503 2724 1699 2769 appropin-

277 2775 469 2815 quantem,
498 2770 563 2816 qui
594 2776 696 2806 erant
725 2771 803 2805 illic
824 2781 1012 2841 proceres,
1052 2771 1196 2813 obviam
1225 2783 1264 2808 se
1290 2773 1444 2809 serentes
1469 2777 1505 2807 et
1531 2771 1576 2806 ab
1597 2770 1699 2816 equis
