1800 3132
257 161 289 215 3
304 180 319 214 1
334 160 367 215 8
783 175 1155 221 ολΝΤΑουΖΕΝι

59 287 243 332 A.c.1342
257 279 385 321 πλείω
418 275 488 318 καί
515 277 682 330 μυριόις
719 269 1033 330 καταπροέσθαι
1061 294 1113 330 με
1142 277 1344 328 κινδύνοις
1372 276 1565 329 πολλάκις
1592 277 1695 336 ᾗρη-

254 347 416 398 μένων,
457 344 631 397 κρίμασι
670 343 802 391 θείοις
839 345 915 384 ,καί
940 343 1076 397 λόγοις
1101 340 1300 399 ἇρῥήτοις
1327 347 1452 400 αὐτῆς
1480 345 1553 387 καί
1574 345 1699 401 μόνης

257 412 332 464 τῆς
373 410 450 450 τοῦ
491 410 594 448 θεοῦ
641 408 778 458 δεξιᾶς
815 403 1009 464 ᾐσθόμην
1051 411 1249 464 λαμπρῶς
1295 409 1697 465 ἀντιλαμβανομένης

253 489 338 528 μου
379 476 451 514 καί
478 475 796 527 οἷντωθουμένης
823 475 1010 527 ι’ἷσχυρῶς
1038 473 1134 523 τούς
1161 477 1257 516 καθ’
1281 476 1421 530 ἡμῶν,
1467 476 1524 525 ὥς
1551 472 1612 530 ἄν,
1631 490 1696 524 τις

256 539 363 596 φαίη
379 571 392 592 ,
432 539 777 592 ἐπενηνεγμένους
804 537 1132 593 ἄκροβολισμούς
1160 539 1232 582 καί
1253 539 1329 589 τὰς
1355 538 1562 592 ἑλεπόλεις
1587 541 1720 596 τηνι-5

254 607 388 646 καῦτα
416 605 575 659 πέφηνε
603 602 796 658 κρείττων
822 606 904 646 τῶν
931 605 1205 648 ἀπειλούντων
1232 606 1405 657 πάντων,
1435 605 1506 648 καί
1523 603 1693 662 σφόδρα

256 671 403 712 δεινῶν
441 666 663 710 τοσούτων.
718 671 790 710 καί
827 668 851 709 ὅ
880 669 1159 725 περιπόθητος
1187 668 1447 726 αὐτάδελφος
1473 672 1544 726 τῆς
1569 675 1692 724 βασι-

254 738 370 783 λείας
408 749 491 787 μου
529 731 672 787 κύριος
703 731 896 789 Ἰωάννης
937 734 959 774 ὅ
994 730 1210 789 ’Ἀγγελος,
1254 733 1300 784 ὃς
1327 738 1401 790 τῆς
1435 736 1565 790 αὐτῆς
1590 736 1692 790 ἡμῖν

255 802 333 842 τοῦ
370 800 512 853 γένους
550 796 670 854 ῥίζης
706 798 942 854 τετυχηκώς
980 800 1054 841 καί
1089 804 1317 853 βασιλικοῖς
1344 799 1486 856 βρύων
1516 800 1688 853 αἵμασι,

216 874 240 906 Β
260 867 354 908 λίαν
383 866 607 912 ἐπαινετῶς
636 864 993 919 ἅντεφιλονείκησε
1021 868 1359 920 περιγεγενῆσθαι
1379 867 1538 918 μᾶλλον
1562 864 1746 910 εἶπάν-ιο

251 948 333 974 των
357 933 408 986 τῇ
433 931 505 984 τῆς
530 930 672 983 ψυχῆς
699 929 894 987 εὐγενείᾳ,
922 926 948 984 ἢ
980 926 1060 987 ὅσῳ
1087 932 1338 985 περιγίνεται
1364 933 1417 987 τῇ
1442 933 1521 971 τοῦ
1547 929 1690 983 σώμα-

252 1012 332 1046 τος.
388 994 464 1050 τὴν
491 996 570 1048 μὲν
596 992 673 1051 γὰρ
697 991 783 1036 οἶδε
812 997 1006 1052 φύουσαν
1032 1011 1077 1037 τε
1105 994 1178 1036 καί
1205 991 1332 1044 αὖθις
1360 996 1581 1048 μείουσαν,
1617 995 1692 1051 τὴν

254 1065 294 1104 δ’
325 1057 505 1118 ἄφθιτον
534 1059 602 1101 ἀεὶ
626 1062 877 1113 μίμνουσαν.
933 1063 1075 1114 ’ψυχῆς
1101 1063 1179 1114 μὲν
1203 1056 1279 1103 οὖν
1308 1060 1500 1114 ἆνδρίαν,
1529 1057 1559 1116 ἢ
1585 1076 1690 1117 φρο-

254 1127 413 1183 νήσεως
452 1124 697 1182 ἑδραιότητα
742 1127 816 1167 καί
854 1125 951 1181 περὶ
976 1124 1074 1174 τοὺς
1102 1124 1251 1181 φίλους
1277 1124 1526 1182 στερρότητα
1542 1159 1554 1179 ,
1584 1123 1690 1169 ὥστε

255 1188 595 1247 προκινδυνεύειν
635 1192 771 1232 αὐτῶν
814 1190 1049 1246 αἱρεῖσθαι,
1092 1188 1282 1242 σώματός
1316 1206 1361 1233 τε
1399 1192 1582 1247 εὐφυΐαν
1619 1194 1742 1238 naid

257 1255 396 1312 ῶσπερ
429 1256 711 1312 εὐαρμοστίαν
738 1256 811 1297 καί
837 1255 1008 1311 fidam«,
1038 1255 1200 1311 μακρὸν
1227 1251 1279 1297 ἂν
1307 1255 1369 1310 εἴη
1397 1255 1449 1297 τὰ
1478 1258 1553 1298 νῢν
1581 1258 1689 1308 διεξ-

255 1326 474 1377 έρχεσθαι.
543 1323 634 1363 ἐπεὶ
671 1323 716 1363 δὲ
744 1320 820 1370 τοῖς
847 1325 946 1376 παρ’
976 1322 1113 1363 αὐτῶν
1140 1336 1247 1376 φασι
1274 1321 1355 1362 τῶν
1382 1322 1549 1375 ἐχθρῶν
1575 1324 1689 1372 α’ξιο-

256 1389 500 1441 πιστοτέρας
524 1387 712 1440 γίνεσθαι
740 1388 1000 1441 μαρτυρίας,
1041 1387 1187 1427 εἰδεῖεν
1227 1380 1279 1426 ἂν
1314 1383 1386 1426 καί
1411 1390 1534 1440 φαῖεν
1557 1387 1689 1428 ταῦτα

242 1453 445 1505 Ἰλλυριοί
466 1467 522 1503 τε,
551 1454 652 1492 καθ’
678 1447 735 1494 ὧν
766 1451 912 1493 οὑτοσί
936 1453 1043 1504 μέγα
1070 1453 1312 1503 κεκλέϊσται,
1341 1451 1415 1491 καί
1439 1452 1554 1492 πᾶσα
1572 1446 1690 1505 ἤπει-

221 1525 328 1572 Ορος
355 1516 427 1558 καί
454 1513 575 1558 αὐτοὶ
599 1517 788 1572 Πέρσαι,
819 1517 861 1557 οἳ
883 1512 1076 1563 πολλάκις
1103 1513 1230 1572 τούτῳ
1259 1513 1560 1569 προσβαλόντες
1586 1533 1743 1563 παν-20

250 1583 378 1631 τελῶς
403 1578 565 1636 ἥττους,
596 1578 651 1629 ὥς
677 1582 850 1636 μηδένες
875 1582 1058 1634 ἐναργῶς
1083 1578 1422 1634 α’πηλέγχθησαν.
1465 1579 1494 1622 ἃ
1522 1582 1562 1622 δ’
1578 1581 1689 1635 ὑπή-

249 1663 386 1702 νεγκεν
413 1645 613 1701 ἀνδρείως
652 1647 724 1687 καί
750 1647 954 1687 πέπονθεν
981 1644 1086 1699 ἐμὴν
1114 1644 1262 1699 χάριν,
1299 1646 1530 1700 χρημάτων
1556 1647 1688 1702 α’φαί-

252 1729 366 1768 ρεσιν
407 1713 585 1765 παντελῆ
627 1711 698 1752 καί
739 1711 918 1752 πλούτου
959 1708 1110 1758 παντὸς
1153 1710 1377 1764 δήμευσιν,
1419 1710 1688 1765 θεραπόντων

250 1780 424 1832 πλῆθος,
467 1777 660 1831 στέρησίν
699 1791 744 1816 τε
772 1778 855 1817 τῶν
882 1770 1018 1817 ἄλλων
1044 1772 1253 1828 ἁπάντων,
1281 1769 1338 1816 ῶν
1364 1772 1614 1830 ἡττημένους
1642 1775 1686 1817 ὁ-

252 1927 423 1960 nifestam
460 1925 549 1958 mihi
581 1923 770 1957 subvenire
810 1922 1024 1968 fortiterque
1061 1921 1134 1955 tela
1160 1920 1198 1954 in
1226 1932 1282 1954 me
1308 1926 1473 1955 contorta
1503 1927 1540 1956 et
1564 1933 1682 1957 mura-

253 1973 326 2013 les,
363 1979 403 2005 ut
435 1973 487 2004 sic
524 1973 674 2016 loquar,
716 1968 900 2001 machinas
942 1968 1135 2001 retundere
1162 1969 1266 2001 sensi.
1315 1969 1381 2001 Illa
1406 1974 1495 2001 tunc
1519 1971 1682 2003 omnium

251 2019 359 2052 minis
395 2024 431 2050 et
456 2025 529 2051 tam
560 2018 684 2050 multis
722 2016 1024 2048 terriculamentis
1051 2016 1290 2057 potentiorem
1317 2025 1354 2047 se
1383 2015 1589 2049 declaravit.
1638 2016 1683 2048 Et

250 2066 454 2098 carissimus
480 2065 590 2096 frater
617 2063 811 2095 maiestatis
836 2066 1003 2099 nostrae,
1028 2060 1193 2093 dominus
1216 2062 1366 2093 Ioannes
1392 2061 1559 2104 Angelus,
1584 2072 1681 2095 eam-

253 2111 334 2143 dem
363 2111 503 2156 generis
523 2109 678 2142 radicem
697 2118 836 2140 mecum
861 2109 1009 2138 sortitus
1037 2111 1072 2139 et
1095 2107 1319 2149 imperatorio
1339 2108 1511 2150 sanguine
1536 2108 1681 2148 florens,

252 2169 332 2190 cum
371 2167 434 2188 sua
473 2156 605 2189 eximia
639 2154 746 2186 laude
783 2165 904 2186 omnes
930 2152 1041 2196 magis
1068 2153 1260 2185 nobilitate
1287 2153 1396 2185 animi
1422 2154 1565 2186 vincere
1593 2165 1681 2187 con-

252 2203 396 2241 tendit,
430 2214 533 2247 quam
573 2212 634 2234 eos
671 2201 828 2244 corporis
862 2199 1054 2232 nobilitate
1098 2198 1290 2231 antecellit.
1340 2198 1437 2231 Hane
1463 2201 1558 2232 enim
1582 2201 1682 2234 nasci

252 2250 469 2292 minuique,
520 2248 618 2280 illam
662 2247 904 2289 incorruptam
946 2255 1172 2288 perseverare
1223 2244 1335 2277 novit.
1406 2246 1525 2277 Animi
1571 2247 1681 2290 igitur

253 2297 331 2328 eius
366 2293 617 2327 fortitudinem
652 2292 891 2336 stabilemque
924 2290 1152 2334 prudentiam
1190 2294 1226 2322 et
1257 2290 1295 2322 in
1329 2290 1450 2324 amicis
1487 2291 1682 2337 diligendis

253 2343 510 2379 constantiam,
535 2351 600 2383 pro
628 2338 760 2382 quibus
795 2339 935 2370 nullum
965 2337 1155 2370 discrimen
1187 2335 1413 2377 reformidet,
1450 2339 1679 2385 corporisque

249 2388 480 2420 habilitatem
516 2392 553 2418 ct
584 2385 685 2418 velut
718 2383 1050 2417 concinnitudincm
1083 2393 1123 2414 ac
1159 2381 1294 2421 robur,
1338 2383 1483 2428 longum
1524 2389 1616 2417 esset
1639 2384 1678 2417 in

251 2434 456 2477 praesentia
494 2440 783 2464 commemorare.
842 2429 936 2473 Quia
961 2438 1044 2460 vero
1069 2427 1224 2460 hostium
1252 2428 1477 2470 testimonia,
1499 2435 1540 2463 ut
1563 2431 1679 2471 aiunt,

255 2478 325 2511 fide
363 2479 527 2522 digniora
563 2482 665 2516 sunt,
697 2481 832 2508 norunt
855 2477 921 2508 ista
946 2473 1230 2518 fatebunturque
1255 2479 1291 2506 et
1316 2475 1447 2518 lllyrii,
1477 2487 1520 2509 ex
1544 2475 1677 2520 quibus

254 2523 314 2556 hic
351 2525 528 2568 insignem
564 2523 712 2568 gloriam
749 2521 960 2566 reportavit,
997 2525 1071 2553 tota
1108 2520 1193 2551 item
1229 2521 1416 2561 continens
1441 2526 1478 2555 et
1501 2521 1570 2566 ipsi
1592 2521 1676 2555 Per-

254 2579 334 2608 sae,
360 2571 442 2614 qui,
468 2580 572 2613 saepe
607 2570 644 2601 in
671 2568 768 2600 hunc
793 2567 928 2610 impetu
953 2566 1065 2604 sacto,
1091 2565 1258 2607 omnibus
1284 2566 1398 2599 modis
1424 2568 1620 2601 inferiores
1636 2578 1678 2602 ac

253 2615 348 2648 nulli
373 2615 558 2648 evidenter
596 2619 850 2658 apparuerunt.
905 2611 1006 2654 Quae
1040 2617 1157 2644 autem
1192 2622 1267 2643 mea
1293 2623 1396 2645 causa
1419 2614 1571 2647 viriliter
1595 2623 1676 2651 sus÷

254 2661 427 2699 tinuerit,
471 2662 658 2693 universae
708 2659 846 2692 scilicet
885 2658 1058 2702 pecuniae
1099 2658 1352 2694 spoliationem
1393 2659 1674 2703 facultatumque

255 2706 414 2740 omnium
442 2706 758 2750 proscriptionem,
794 2705 1007 2737 famulorum
1031 2703 1197 2735 amissum
1232 2714 1396 2749 gregem,
1436 2705 1674 2749 privationem

255 2753 406 2787 aliarum
442 2762 561 2786 rerum
593 2751 777 2792 omnium,
810 2750 942 2796 quibus
967 2748 1128 2784 homines
1153 2751 1281 2784 fractos
1311 2752 1539 2786 succumbere
1573 2751 1673 2786 vide-
