1812 3132
537 182 913 225 ffls‘romARUM
955 185 1027 224 ιη.
1085 188 1150 229 ω.
1410 162 1413 165 ’
1477 160 1555 237 '93

117 285 337 338 βασιλίδα
357 281 557 338 προσθείς
592 288 677 332 τοῖς
703 278 861 338 ὅρκοις,
901 279 930 337 ἢ
957 283 1001 333 ἐξ
1034 283 1273 338 ἀλλοδαπῆς
1300 280 1425 341 ὀλίγῳ
1453 277 1751 339 πρό-Λ·ΰ·1341

120 363 241 404 τερον
269 349 475 405 ἀφιγμένη
503 348 577 389 καί
603 347 767 402 ὀλίγους
796 345 955 401 ἔχουσα
977 347 1196 400 Ῥωμαίων
1217 347 1315 399 τοὺς
1341 348 1450 403 ὑπὲρ
1480 342 1560 390 ἀν’*

118 415 191 470 τῆς
215 416 545 469 βουλησομένους
573 410 922 465 διακινδυνεύειν,
952 413 1109 469 ῥᾳδίως
1136 412 1304 467 ἔμελλεν
1335 415 1452 470 αὐτῷ
1477 431 1561 456 πα-

123 481 386 535 ραχωρήσειν
412 481 485 533 τῆς
514 480 662 534 α’ρχῆς.
718 476 1021 531 συνεβούλευόν
1060 494 1125 532 τε,
1156 478 1216 534 μὴ
1246 482 1423 522 τοιαῦτα
1451 479 1561 534 γινό-

97 549 227 600 ὅμενα
252 545 451 601 περιορᾷν
469 576 481 598 ,
514 543 621 585 ἄλλα
653 546 818 600 σπουδῇ
838 545 970 601 πολλῇ
988 545 1062 584 καί
1077 546 1293 603 προθυμίᾳ
1310 543 1384 601 τὴν
1402 546 1560 587 ἐκείνου

121 607 344 653 καταλύειν
377 609 580 664 δύναμιν,
620 609 901 651 διδάσκουσαν
938 611 1115 663 βασιλέα
1142 609 1213 652 τὸν
1243 609 1360 664 υἱὸν,
1389 611 1446 660 αἱς
1470 610 1564 653 ἑπι-Ι

101 675 286 731 ,βούλως
325 678 398 718 καί
435 674 674 730 κακούργως
716 677 957 730 διανοηθείη
997 677 1094 731 περὶ
1133 678 1205 730 τῆς
1242 677 1375 731 α’ρχῆς
1403 678 1563 719 ἐκείνου

121 744 418 795 τελευτῶντος,
455 743 527 784 καί
559 743 633 784 νῦν
662 742 788 783 οὐδὲν
814 735 938 796 ἦττον
964 738 1124 790 πάντας
1151 740 1306 783 πείσειε
1329 739 1563 796 Ῥωμαίους

123 803 240 865 αύτῷ
264 808 503 862 προσέχειν,
548 806 605 856 ὥς
645 806 918 859 συμβαίνειν,
954 809 1128 860 βασιλεῖ’
1160 808 1239 860 μὲν
1282 809 1604 863 προσηγορίανο

60 870 253 927 ,ιομόνην
279 870 387 915 εἶναι
415 872 671 927 πραγμάτων
697 870 855 928 ἔρημον
873 906 886 925 ,
922 870 1029 930 ἔργῳ
1057 873 1104 914 δὲ
1130 873 1284 914 ἐκεῖνον
1307 872 1563 926 βασιλεύειν.

124 936 155 981 ἃ
181 937 307 981 αὐτὸν
337 944 503 981 σκοπεῖν
532 937 732 994 προσήκει
762 935 821 993 μη
861 940 921 987 εἰς
949 935 1155 993 α’νήκεστα
1180 938 1302 995 ἐκβῇ,
1341 937 1449 980 α’λλὰ
1490 937 1567 994 τὴν

113 1001 259 1060 -ὅρμῆν
306 1004 656 1060 προαναστέλλειν
701 1006 986 1059 καθαιροῦντα
1039 1001 1108 1045 τὸν
1155 998 1272 1057 ὄγκον
1316 1002 1389 1046 τόν
1434 1002 1568 1046 πολύν

124 1069 199 1112 καί
231 1066 598 1126 εὔκαταφρόνητον
634 1071 849 1111 ποιοῦντα.
902 1066 930 1124 ἦ
967 1070 1045 1121 μὲν
1085 1064 1162 1110 οὖν
1197 1068 1364 1122 βασιλὶς
1402 1067 1568 1112 οἴκοθέν

123 1152 169 1180 τε
197 1135 265 1178 ὕπ’
297 1137 423 1191 ὀργῆς
451 1134 556 1191 πρὸς
582 1133 627 1177 τὸ
658 1132 905 1188 α’μύνασθαι
932 1133 1005 1176 τὸν
1029 1136 1184 1188 μέγαν,
1213 1135 1252 1176 εἰ
1277 1133 1476 1187 δύναιτο,
1497 1137 1568 1176 δο-

22 1207 27 1211 '
64 1203 319 1258 -15pcs'ouxov
350 1199 574 1257 ὡρμημένη
609 1199 682 1242 καί
706 1197 775 1241 ὕπ’
815 1200 982 1242 ἐκείνων
1009 1201 1201 1243 ἐπιπλέον
1226 1201 1483 1257 ἐξαφθεΐσα,
1507 1201 1569 1248 αἷς

115 1266 215 1324 εἶχε
252 1265 442 1322 τάχους,
491 1265 593 1322 πρὸς
635 1267 812 1320 βασιλέα
841 1267 1038 1321 γενομένη
1078 1263 1151 1307 τὸν
1190 1263 1308 1319 υἱὸν,
1349 1263 1568 1322 κατηγόρει

116 1336 204 1377 Ἴποῦ’
238 1335 423 1388 μεγάλου
451 1331 696 1384 δομεστίκου
711 1365 725 1385 ,
766 1328 822 1380 ὥς
856 1333 1164 1385 βασιλειῶντος,
1188 1330 1262 1373 καὶ
1287 1332 1565 1385 συνεβούλευε

130 1400 416 1459 φυλάττεσθαι
465 1397 536 1440 τὸν
573 1392 710 1453 ἄνδρα
731 1430 745 1451 ,
785 1396 842 1446 ὥς
887 1395 963 1451 την
1005 1390 1174 1438 εὔνοιαν
1219 1394 1569 1452 ὖποκρινόμενον,

120 1462 473 1520 ψᾶγνωμονήσοντα
511 1464 583 1516 δὲ,
631 1460 683 1519 ἢν
725 1461 907 1517 λάβηται
945 1463 1106 1518 καιροῦ.
1160 1461 1363 1515 βασιλεύς
1390 1464 1437 1504 δὲ
1463 1462 1572 1518 πρὸς

81 1534 209 1585 ῃομὲν
246 1531 444 1583 βασιλίδα
479 1528 553 1585 τὴν
589 1530 754 1585 μητέρα
793 1527 924 1570 πολύν
955 1527 1060 1581 ὑπὲρ
1104 1527 1287 1582 μεγάλου
1328 1529 1570 1581 δομεστίκου

134 1593 358 1651 ἐποιήσατο
385 1594 455 1636 τὸν
480 1594 600 1648 λόγον
613 1627 626 1647 ,
654 1590 920 1650 συκοφάντας
936 1592 1011 1635 καὶ
1025 1595 1310 1647 ψευδομένους
1327 1594 1573 1650 ἀποφαίνων

135 1660 236 1711 τούς
262 1658 314 1702 τά
343 1661 514 1701 τοιαῦτα
541 1656 882 1714 κατηγορηκότας.
911 1656 1048 1713 ὥσπερ
1079 1660 1126 1699 δὲ
1152 1661 1226 1700 καί
1250 1658 1386 1714 ἔργοις
1413 1661 1611 1701 έθέλωνῠ

123 1725 368 1782 -κατάδηλον
397 1729 548 1778 ποιεῖν,
588 1722 654 1766 ὅτι
681 1721 905 1777 πλάσματα
931 1721 1070 1779 ἡγοῖτο
1096 1722 1146 1765 τά
1171 1725 1370 1778 τοιαῦτα,
1412 1727 1573 1778 μᾶλλον

139 1848 188 1883 ad
225 1859 263 1882 se
299 1848 515 1882 attraxisset.
581 1846 718 1880 Annam
754 1844 949 1891 Augustam
978 1856 1043 1891 pro
1073 1846 1277 1880 velamento
1313 1857 1400 1881 suae
1437 1847 1574 1881 fraudis

138 1894 374 1930 iurisiurandi
399 1893 575 1927 formulae
612 1893 831 1933 inseruisse,
878 1903 970 1937 quae
1005 1903 1050 1926 ex
1079 1893 1208 1926 tellure
1240 1895 1428 1939 peregrina
1463 1895 1575 1939 paulo

139 1948 224 1976 ante
257 1942 443 1975 advenerit
478 1944 516 1974 et
554 1949 686 1985 paucos
710 1938 846 1972 habeat
874 1940 1074 1979 Romanos,
1122 1941 1186 1985 qui
1219 1950 1257 1973 se
1290 1940 1459 1984 periculis
1498 1942 1577 1974 eius

139 1999 244 2023 causa
273 1989 455 2022 obiectare
487 1986 637 2027 volent,
667 1995 708 2018 ac
744 1985 898 2030 proinde
936 1985 1042 2018 facile
1077 1986 1132 2018 illi
1159 1985 1204 2018 im
1236 1987 1311 2019 erio
1344 1997 1485 2021 cessura
1516 1987 1579 2024 sik,

141 2035 302 2070 Suadent
336 2035 460 2079 itaque
485 2044 532 2066 ne
557 2033 768 2073 conniveat,
803 2031 867 2065 sed
891 2032 1056 2065 manibus
1087 2043 1128 2065 ac
1152 2043 1196 2077 pe
1225 2032 1307 2066 ibus
1333 2033 1410 2066 eius
1446 2038 1580 2079 poten-

141 2084 228 2115 tiam
247 2080 468 2114 labefactare
501 2084 669 2113 conetur:
716 2077 879 2112 docendo
915 2078 1168 2123 imperatorem
1194 2079 1327 2119 filium,
1389 2091 1449 2114 uas
1485 2079 1580 2112 insi..

142 2129 239 2169 dias,
275 2138 366 2173 quae
398 2126 534 2160 scelera
573 2125 740 2159 adversus
777 2125 967 2169 imperium
1005 2126 1083 2169 ipso
1120 2130 1262 2159 mortuo
1294 2090 1390 2171 aput}
1420 2127 1581 2160 animum

142 2175 361 2214 fabricetur,
395 2179 433 2208 et
458 2171 639 2218 quomodo
667 2171 784 2204 nihilo
811 2173 930 2204 minus
964 2172 1075 2205 etiam
1107 2182 1205 2204 nunc
1239 2173 1415 2206 Romanos
1453 2184 1578 2206 omnes

143 2221 191 2255 ad
213 2221 283 2255 sibi
310 2219 631 2265 obtemperandum
655 2217 834 2259 illexerit,
872 2222 912 2251 ut
947 2219 999 2252 ita
1037 2218 1246 2262 imperatori
1279 2229 1410 2252 nomen
1439 2219 1579 2253 nudum

145 2273 182 2301 et
202 2278 352 2301 vacuum
377 2270 537 2306 maneat,
562 2266 640 2310 ipse
658 2274 766 2309 opere
790 2269 827 2297 et
850 2264 943 2298 facto
962 2264 1126 2312 imperet.
1175 2265 1295 2310 Quare
1314 2275 1436 2299 cavere
1459 2266 1578 2307 illum,

144 2316 396 2359 imperatorem
420 2314 581 2358 inquam,
608 2315 787 2356 oportere,
811 2322 858 2344 ne
884 2311 973 2344 haec
997 2312 1035 2344 iu
1058 2312 1150 2345 mala
1174 2311 1455 2346 immedicabilia
1477 2312 1581 2346 desi-

145 2366 255 2402 nant,
299 2364 338 2393 et
372 2359 519 2405 spiritus
554 2359 641 2392 istos
679 2361 763 2391 ante
807 2357 1043 2402 comprimere
1086 2362 1299 2404 tantumque
1328 2359 1459 2392 fastum
1493 2359 1581 2393 edo-

145 2418 243 2442 mare
262 2417 304 2440 ac
326 2405 583 2452 despicabilem
609 2403 772 2441 reddere,
819 2403 908 2448 Ergo
934 2404 988 2437 ira
1020 2405 1160 2438 fervens
1191 2405 1402 2450 imperatrix
1426 2409 1463 2440 et.
1499 2417 1580 2440 cum

146 2465 211 2499 per
248 2463 285 2486 se
322 2452 367 2486 ad
402 2450 646 2486 ulciscendum
678 2460 844 2496 magnum
878 2450 1133 2492 domesticum,
1172 2452 1203 2485 si
1234 2456 1378 2495 posset,
1409 2453 1579 2493 incitata,

146 2506 222 2534 tum
244 2498 289 2532 ab
312 2499 386 2532 illis
412 2499 562 2543 amplius
586 2497 824 2537 inflammata,
864 2507 972 2542 quam
996 2498 1151 2541 primum
1178 2499 1319 2542 potuit,
1354 2499 1430 2533 filio
1466 2500 1582 2544 impe-

147 2552 266 2580 ratore
297 2550 491 2585 convento,
529 2555 693 2587 magnum
728 2543 984 2583 domesticum,
1021 2550 1062 2577 ut
1090 2544 1268 2577 aemulum
1306 2545 1406 2590 regni
1437 2550 1582 2579 accusat
1638 2583 1641 2586 ‚

148 2598 186 2627 et
208 2591 254 2625 ab
283 2591 450 2631 homine,
487 2591 550 2636 qui
576 2591 771 2623 amicitiam
805 2590 1000 2624 mentiatur
1030 2590 1333 2636 occasionemque,
1355 2597 1480 2625 nactus
1515 2603 1582 2626 ne-

147 2639 256 2673 sanda
280 2643 549 2683 perpetraturus
573 2637 646 2677 sit‚'
666 2635 859 2670 cavendum
887 2640 1018 2670 monet.
1086 2638 1285 2681 Imperator
1315 2639 1439 2672 multis
1462 2639 1582 2672 verbis

150 2696 232 2718 eum
274 2684 368 2729 apud
405 2689 551 2716 matrem
587 2689 728 2723 tuetur,
760 2683 1035 2717 calumniatores
1063 2688 1100 2716 et
1131 2683 1318 2718 mendaces
1351 2685 1583 2730 pronuntiat,

150 2733 214 2777 qui
238 2731 344 2765 huius
365 2730 522 2764 criminis
548 2741 645 2763 reum
669 2729 815 2770 faciant,
842 2729 1018 2774 factisque
1040 2728 1127 2772 ipsis
1147 2730 1410 2776 quodammodo
1430 2731 1583 2776 probare

149 2779 287 2821 volens,
316 2788 353 2812 se
381 2778 450 2811 ista
474 2787 537 2822 pro
562 2775 696 2811 fabulis
716 2775 858 2817 ducere,
877 2775 1012 2809 maiore
1040 2786 1146 2822 quam
1163 2777 1312 2812 antehac
1330 2778 1583 2815 benevolentia
