1800 3138
256 157 360 212 282
787 174 1155 217 CANTACUZENI

58 278 137 313 A-c.
154 281 238 325 1342
251 283 335 326 τοῖς
375 290 481 326 τινες
522 275 727 318 συνόντων
755 275 899 333 κρύφα
927 276 978 318 τὰ
1007 278 1223 331 βασιλίδος
1241 269 1393 332 ’Ἁννης
1419 275 1688 336 πράττοντες,

254 341 390 396 ὥσπερ
436 340 615 396 ἓρμαίου
658 343 881 395 λαβόμενοι
919 346 993 384 τοῦ
1031 344 1183 396 καιροῦ
1220 344 1292 383 καί
1328 345 1400 396 τῆς
1430 344 1689 398 δυσπραγίας

251 408 479 459 βασιλέως,
522 404 760 457 στασιάζειν
787 405 962 449 πείσωσι
983 407 1061 450 ,τόν
1091 410 1224 462 δῆμον
1262 407 1334 448 καί
1366 406 1442 461 τὴν
1471 407 1688 463 στρατιάν,

213 475 328 514 1)καί
360 469 564 527 ἀπόληται
597 473 742 520 αὐτοῖς
769 473 1006 514 παντάπασι
1038 472 1090 515 τοὶ
1122 470 1343 527 πράγματα
1375 475 1686 529 διαφθαρέντα.

248 539 430 590 μάλιστα
472 538 518 578 δὲ
560 538 605 578 ὲν
645 538 808 595 ὑποψίᾳ
836 535 949 591 εἶχον
979 537 1051 580 τόν
1080 554 1122 580 τε
1153 537 1473 590 Κομιτόπουλον
1501 541 1574 580 καί
1599 543 1717 585 Βα-5

247 601 425 657 τιέτζην,
462 602 502 644 οἵ
543 606 625 644 τῶν
655 602 952 657 Παλαιολόγου
991 606 1069 656 μὲν
1109 598 1215 658 ἦσαν
1249 607 1452 656 βασιλέως
1497 607 1688 658 οἰκετῶν,

248 667 343 710 τότε
391 670 436 710 δὲ
472 665 554 709 ὑπὸ
589 671 944 726 Καντακουζηνοῦ
979 669 1186 722 βασιλέως
1222 671 1280 718 εἰς
1307 667 1484 723 ἑσπέραν
1513 672 1689 725 ἐκστρα-

246 731 435 782 τεὺοντος
463 733 535 774 ἐπὶ
559 736 632 787 τῆς
664 731 742 784 ἔξω
771 733 1077 787 Διδυμοτείχου
1117 736 1329 782 συνοικίας
1358 729 1463 789 ἦσαν
1491 738 1689 789 τεταγμέ-

247 814 312 840 νοι,
332 831 343 849 ‚
389 801 539 852 χιλίων
569 801 737 848 ἕκαστος
766 795 966 853 ἄρχοντες
1008 801 1184 849 τοξοτῶν
1225 801 1379 849 πεζῶν·
1410 796 1516 854 ἦσαν
1545 803 1591 842 δὲ
1618 800 1692 842 καὶ

242 863 353 919 πρὸς
380 863 451 905 τόν
477 866 611 918 δῆμον
638 866 711 906 καί
733 863 806 919 τὴν
835 860 961 919 ἄλλην
989 863 1183 920 στρατιὰν
1212 866 1436 916 δυνάμενοι
1465 862 1513 905 οὗ
1543 864 1744 921 μικροί.ιο

124 943 157 975 Ρ,
171 942 238 986 504
357 929 437 981 μζ.
494 927 578 970 Διά
617 927 773 979 ταύτας
804 931 904 983 γοῦν
942 929 1017 978 τὰς
1059 932 1197 979 αἰτίοις
1234 930 1493 971 ἐδεδοίκεσάν
1533 947 1578 971 τε
1620 931 1694 972 καί

244 996 496 1048 ἐσκέπτοντο,
525 988 551 1051 ᾗ
571 993 655 1049 χρὴ
676 993 832 1044 αὖτοὺς
860 994 1227 1049 ὑποποιήσασθαι·
1285 992 1374 1046 ἅμα
1396 997 1441 1036 δὲ
1460 997 1690 1037 διενοοῦντο

216 1062 326 1102 Βκαί
352 1058 448 1114 περὶ
472 1060 555 1101 τῶν
582 1054 719 1101 ἄλλων
741 1056 797 1108 ὦς
814 1055 1174 1115 ἆποπειράσοντες,
1209 1061 1248 1101 εἰ
1274 1058 1344 1100 διὰ
1360 1059 1412 1101 τὰ
1431 1062 1690 1102 ἀκουσθέντα

245 1124 305 1180 μὴ
347 1124 672 1181 παρετράπησαν
699 1123 772 1173 τὰς
800 1123 979 1178 γνώμας.
1038 1125 1171 1167 ἐδόκει
1203 1124 1252 1180 δὴ
1283 1121 1359 1166 οὖν
1386 1126 1444 1174 εἰς
1468 1124 1543 1180 τὴν
1573 1123 1691 1167 ὕστε-

249 1194 373 1246 ραιάν
414 1191 580 1232 πάντων
620 1192 664 1232 ὲν
693 1192 919 1243 βασιλείοις
958 1188 1256 1243 συνελθόντων,
1284 1190 1355 1232 ἐπὶ
1382 1193 1453 1245 τῆς
1478 1190 1745 1244 βασιλίδοςι5

251 1256 322 1297 τόν
354 1253 536 1309 ’Λσάνην
578 1252 682 1308 πρός
719 1271 763 1296 τε
801 1253 897 1303 τούς
921 1254 1124 1309 ἡγεμόνας
1152 1258 1224 1296 καί
1245 1254 1318 1310 τήν
1346 1254 1543 1311 στρατιὰν
1571 1253 1691 1310 λόγον

247 1322 458 1362 ἀποτεῖναι
505 1320 577 1361 καί
622 1319 854 1376 α’ποπειρᾷν
883 1322 956 1374 τῆς
983 1317 1153 1361 ἑκάστου
1185 1321 1386 1369 διανοίας.
1441 1323 1518 1362 καί
1543 1324 1586 1369 ἐς
1616 1319 1691 1375 τήν

251 1385 476 1439 ὑστεραίαν
514 1383 606 1426 ἐπεὶ
646 1381 752 1439 ἦσαν
792 1387 836 1427 ἑν
864 1386 1090 1438 βασιλείοις
1115 1386 1292 1438 πάντες,
1330 1386 1506 1441 Ἀσάνης
1534 1385 1556 1427 ὁ
1588 1389 1691 1428 Ina-

246 1449 372 1506 νουὴλ
399 1452 470 1491 ἐπὶ
493 1452 563 1504 τῆς
590 1449 804 1500 βασιλίδος
833 1447 942 1491 οὕτω
970 1450 1042 1492 τὸν
1069 1449 1189 1504 λόγον
1215 1449 1455 1505 ἐποιήσατο.
1510 1447 1691 1507 »ἄνδρες

247 1518 578 1570 συστρατιῶται,
620 1516 670 1556 τὰ
700 1516 780 1568 μὲν
809 1514 890 1556 ὑπὸ
919 1518 1296 1570 παρακοιμωμένου
1326 1519 1403 1557 τοῦ
1430 1514 1742 1558 Ἀποκαόκουαο

245 1578 397 1629 πάντες
433 1579 636 1634 οἷκηκόατε
671 1584 939 1636 γεγραμμένα
976 1580 1080 1636 πρὸς
1118 1579 1244 1633 ὑμᾶς.
1311 1580 1363 1622 τὰ
1403 1584 1481 1634 μὲν
1509 1577 1583 1623 οὖν
1610 1599 1691 1623 πα-

249 1646 374 1698 ρόντα
400 1645 624 1700 πράγματα
645 1645 703 1694 ὥς
731 1643 887 1694 πολλὰς
915 1648 1152 1699 ἐπιδέχεται
1177 1646 1423 1699 μεταβολὰς,
1452 1648 1525 1688 καί
1542 1646 1690 1704 ῥᾴδιον

213 1713 324 1752 Cum*
353 1712 398 1752 ἑκ
423 1714 576 1764 μικρᾶς
606 1711 740 1760 αἰτίας
771 1710 844 1752 καί
867 1710 935 1752 τόν
962 1709 1239 1754 συνετώτατον
1265 1713 1336 1753 καί
1351 1713 1682 1765 κατεστοχασμέ-

247 1791 321 1818 νον
350 1778 589 1832 σφαλῆναι,
633 1778 706 1819 καί
734 1776 807 1819 τὸν
835 1779 1146 1832 ἀπερισκέπτως
1176 1779 1248 1820 καί
1274 1777 1329 1827 ὥς
1354 1775 1475 1831 ἔτυχε
1506 1773 1688 1832 φερόμε-

247 1940 381 1969 sortem
409 1936 634 1980 imperatoris
662 1937 765 1982 quasi
789 1936 1011 1980 insperatum
1037 1938 1176 1972 lucrum
1199 1938 1433 1982 arripientes,
1470 1937 1687 1972 seditionem

249 1982 346 2016 inter
370 1983 547 2026 populum
571 1994 612 2015 ac
626 1984 780 2017 militem
799 1985 1042 2024 concitarent,
1067 1985 1361 2030 dareturque-res
1384 1984 1478 2029 pesti
1504 1990 1541 2017 et
1561 1985 1686 2019 exitio.

246 2028 440 2074 Praecipue
471 2040 555 2063 vero
586 2029 831 2073 suspicionem
857 2029 1108 2074 comitopulus
1134 2037 1171 2065 et
1194 2032 1354 2063 Batatzes
1377 2029 1592 2072 movebant,
1621 2032 1688 2077 qui

247 2075 477 2119 imperatoris
503 2075 706 2118 palaeologi
731 2075 944 2117 domestici,
968 2083 1055 2111 tunc
1079 2089 1099 2110 a
1123 2078 1372 2112 eantacuzeno
1397 2078 1435 2110 in
1461 2076 1688 2111 occidentem

248 2121 407 2155 ducente
455 2121 703 2165 Didymotichi
733 2122 952 2156 suburbanis
998 2123 1140 2157 fuerant
1174 2124 1392 2169 praepositi,
1428 2122 1687 2170 habebantque

247 2167 314 2201 sub
339 2179 378 2201 se
403 2174 557 2214 uterque
581 2168 681 2201 mille
725 2169 868 2213 pedites
918 2171 1120 2215 sagittarios
1165 2175 1203 2204 et
1233 2168 1402 2203 valebant
1439 2170 1553 2215 gratia
1587 2170 1686 2216 apud

246 2215 422 2260 populum
449 2225 489 2247 ac
511 2214 646 2247 milites
670 2215 880 2258 plurimum.

341 2263 398 2305 47.
445 2261 508 2293 His
535 2260 580 2294 de
607 2262 721 2293 causis
748 2261 950 2303 timebant,
975 2268 1012 2296 et
1039 2261 1217 2308 quomodo
1243 2272 1303 2295 cos
1328 2263 1366 2294 in
1391 2262 1505 2294 officio
1530 2272 1569 2295 ac
1593 2260 1684 2294 sub-

248 2308 361 2339 iectos
388 2311 567 2348 tenerent,
580 2308 941 2351 circumspiciebant:
967 2310 1073 2342 simul
1103 2314 1139 2341 et
1162 2308 1207 2341 de
1231 2309 1312 2342 aliis
1340 2308 1540 2352 periculum
1564 2307 1683 2342 facere

246 2352 455 2396 cogitabant
472 2378 482 2392 ‚
508 2353 639 2399 ecquid
662 2360 808 2398 propter
832 2355 954 2389 audita
977 2355 1163 2400 pristinam
1180 2355 1401 2388 voluntatem
1421 2355 1680 2387 immutassent.

242 2398 382 2432 Placuit
416 2400 547 2444 igitur,
580 2401 775 2444 postridie,
805 2401 870 2434 ubi
896 2412 1016 2435 omnes
1039 2404 1078 2435 in
1101 2402 1274 2447 palatium
1300 2401 1570 2441 convenissent,
1597 2401 1683 2434 Asa-

251 2456 334 2477 nem
359 2446 528 2479 audiente
555 2446 784 2491 imperatrice
808 2448 915 2482 duces
948 2459 990 2480 ac
1017 2448 1148 2481 milites
1177 2447 1343 2493 pluribus
1374 2448 1514 2492 alloqui
1549 2451 1586 2482 et
1619 2457 1681 2479 cu-

245 2491 375 2537 iusque
399 2494 557 2525 animum
584 2499 798 2538 pertentare.
846 2495 900 2528 Ad
925 2494 1022 2528 hunc
1045 2495 1168 2539 itaque
1201 2494 1345 2526 modum
1377 2494 1520 2527 Manuel
1548 2494 1681 2526 Asanes

247 2548 348 2570 orsus
375 2544 438 2571 cst.
489 2538 589 2584 Quae
615 2540 861 2585 Apocauchus‚
882 2542 971 2574 sacri
1009 2540 1168 2574 cubiculi
1195 2542 1406 2584 praefectus,
1421 2541 1464 2573 ad
1499 2550 1563 2573 nos
1591 2539 1680 2571 scri-

246 2584 383 2629 puerit,
422 2587 700 2627 commilitones,
733 2598 855 2621 omnes
904 2587 1148 2620 intellexistis.
1198 2587 1250 2619 Ita
1289 2592 1512 2631 praesentem
1547 2590 1680 2618 statum

244 2630 368 2663 multis
393 2633 657 2665 mutationibus
682 2633 879 2666 obnoxium
906 2644 981 2666 esse
998 2659 1007 2672 ,
1042 2634 1186 2678 levique
1219 2639 1400 2666 momento
1427 2633 1483 2666 vel
1516 2631 1679 2676 pruden-

245 2677 425 2710 tissimum
451 2683 486 2709 ct
511 2680 774 2722 sagacissimum
806 2680 944 2723 decipi,
979 2684 1015 2712 et
1052 2680 1289 2724 improvidum
1329 2685 1436 2724 atque
1470 2690 1489 2710 a
1523 2689 1603 2711 casu
1641 2682 1678 2710 et

243 2722 388 2757 fortuna
413 2723 630 2766 pendentem
688 2728 794 2758 etiam
826 2731 966 2770 practer
991 2726 1201 2771 opinionem
1234 2725 1380 2758 beatum
1416 2726 1512 2764 fieri,
1552 2736 1615 2757 usu
1641 2728 1677 2756 et

248 2770 470 2815 experientia
496 2771 607 2804 multa
634 2771 791 2807 universi
817 2772 1007 2809 didicistis.
1057 2772 1165 2818 Quod
1191 2783 1271 2806 cum
1295 2774 1346 2805 ita
1374 2772 1444 2813 sit,
1479 2782 1551 2806 nou
1575 2775 1676 2804 tanta
