1800 3132
281 171 314 225 3
329 190 346 223 1
359 190 393 224 o
695 220 699 226 .
808 186 1180 234 CANTACUZENJ

83 298 163 335 Ac.
185 299 266 342 1342
282 283 474 339 ἔπεμψαν
519 283 624 340 πρὸς
668 279 821 338 αὐτὸν,
859 288 1078 334 καλοῦντες
1113 286 1184 327 ε’πί
1208 285 1282 341 τὴν
1311 285 1456 341 ἀρχήν.
1510 280 1708 339 βασιλεὺς

279 352 325 392 δὲ
354 347 497 399 αὐτοῖς
535 350 692 398 πολλάς
737 349 995 406 ὁμολογήσας
1020 350 1202 406 χάριτας
1240 354 1311 406 τῆς
1337 367 1380 393 τε
1409 353 1613 406 προτέρας
1641 351 1708 393 ezi—
1751 379 1764 387 =

276 418 392 464 νοίας
442 414 515 457 καί
550 418 624 456 τοῦ
662 416 754 457 νυνὶ
793 421 1052 472 προσχωρεῖν
1096 412 1284 469 ἑκόντας,
1338 415 1481 458 ἔπειτα
1529 413 1709 471 ἔφασκεν

275 477 465 534 ἄγνωμον
502 477 610 522 εἶναι
651 482 817 533 δειναῖς,
858 483 899 523 εἰ
930 477 1067 522 αὖτῶν
1104 483 1242 522 πᾶσαν
1272 477 1435 530 εὐνοίας
1473 480 1710 535 ὑπερβολὴν

233 547 622 599 Βένδεικνυμὲνων,
664 544 721 601 μὴ
764 543 916 598 ὁμοίως
950 546 1023 587 καί
1061 546 1189 595 αὕτὸς
1218 548 1406 601 φαίνοιτο
1453 545 1732 599 διακεᾲιενοςό

273 610 373 665 περὶ
399 610 575 664 αὐτούς,
601 613 709 666 μηδὲ
735 610 807 666 τὴν
835 611 1024 653 διάνοιαν
1051 610 1348 657 οἷποκαλύπτοι.
1404 609 1483 654 ὅσα
1520 612 1598 665 μὲν
1625 609 1705 666 γὰρ

277 677 322 717 ἐν
352 678 392 716 Γ
391 676 675 733 υναικοκάστῳ
705 677 891 732 συμβαίη
925 676 1024 732 περὶ
1049 675 1201 728 αὐτὸν,
1234 679 1307 718 καί
1335 677 1391 726 ὥς
1419 675 1540 726 αὐτός
1565 692 1611 718 τε
1637 674 1710 718 καὶ

275 743 355 783 τῶν
381 740 588 786 συνόντων
616 741 655 782 οἱ
680 741 862 794 μάλιστα
892 743 1108 798 φιλοῦντες
1135 741 1329 796 μεγάλοις
1356 742 1562 791 κινδύνοις
1587 757 1706 797 περι-

276 809 492 859 σχεθεΐεν,
535 807 827 862 α’φισταμένων
862 810 939 861 μὲν
965 809 1049 849 τῶν
1077 809 1261 860 οἰκείων,
1307 810 1388 849 τῶν
1425 807 1636 861 πολεμίων.
1659 808 1706 848 δὲ

274 867 568 923 ἐπικειμένων,
597 871 670 913 καί
693 874 877 927 ταραχῆς
906 875 1054 927 πολλῆς
1082 871 1156 914 καί
1191 869 1363 922 ἀταξίας
1389 870 1436 913 τὸ
1481 869 1758 926 στρατόπε-ΙΟ

274 938 346 976 δον
372 934 648 992 κατεχούσης,
679 939 718 978 εἰ
744 935 803 992 μή
831 936 931 986 θεὸς
961 934 1122 979 ἄνωθεν
1158 942 1282 991 χεῖρα
1310 936 1527 988 σώζουσαν
1556 935 1708 991 ’ὑπερέ-

274 1015 394 1053 σχεν,
433 1001 689 1051 οὕδάὐτοὺς
721 1004 961 1058 ἠγνοηκέναι
982 1003 1159 1046 οἴεσθαι.
1187 1003 1340 1058 α’νάγκῃ
1365 1003 1412 1044 δὲ
1437 1000 1573 1044 ἐλθών
1603 1000 1707 1055 πρὸς

275 1062 453 1120 Κράλην
479 1063 550 1106 τὸν
581 1062 764 1120 ἄρχοντα
797 1069 1037 1123 Τριβαλῶν,
1085 1072 1239 1123 πολλῆς
1268 1064 1592 1109 ἀπολελαυκέναι
1607 1068 1706 1120 παρ’

147 1130 408 1177 pomanini&
434 1133 507 1175 καί
540 1134 661 1186 τιμῆς
696 1135 769 1174 καί
806 1137 1053 1186 συμμαχίας
1095 1132 1210 1188 παρὰ
1255 1133 1393 1183 δόξαν.
1448 1131 1567 1189 ὀλίγῳ
1605 1132 1706 1186 γοῦν

273 1191 474 1250 πρότερον
511 1197 711 1252 στρατιὰν
751 1197 1007 1253 παραλαβών
1045 1196 1200 1252 πολλήν
1232 1214 1278 1239 τε
1307 1197 1379 1238 καί
1407 1197 1594 1252 ἀγαθήν,
1636 1196 1758 1239 ἐπίιό

271 1258 578 1314 Διδυμότειχον
615 1260 832 1314 σπεύδειν,
881 1260 938 1312 ὡς
978 1269 1062 1312 τοῖς
1099 1265 1230 1305 ἐκεῖσε
1263 1264 1401 1318 φίλοις
1436 1259 1706 1314 συνεσόμενος

273 1323 346 1369 καί
387 1324 687 1379 διαθησόμενος
725 1323 778 1368 εὖ
817 1327 870 1369 τὰ
908 1332 995 1370 κατ’
1025 1327 1165 1371 αὐτόν.
1219 1330 1440 1382 γενομένου
1474 1329 1521 1368 δὲ
1548 1327 1592 1368 ἐν
1622 1329 1706 1368 Φε-

271 1396 388 1444 ραῖς,
427 1390 522 1439 τούς
559 1407 602 1433 τε
634 1391 840 1446 ἡγεμόνας
874 1395 946 1435 καί
970 1392 1044 1447 τήν
1072 1391 1272 1448 στρατιὰν
1311 1390 1415 1448 νόσῳ
1437 1394 1559 1448 ’δεινῇ
1587 1407 1706 1446 περι-

271 1457 481 1509 σχεθῆναι
517 1456 591 1497 καί
630 1457 860 1499 ἀποθανεῖν
901 1459 1038 1499 αὐταῖν
1077 1455 1281 1508 πολλοὺς,
1325 1456 1381 1505 ὥς
1409 1458 1454 1498 ἐκ
1481 1458 1554 1511 τῆς
1581 1454 1705 1498 νόσου

134 1534 175 1572 v,
192 1522 344 1585 4,9και“
373 1520 477 1573 πρὸς
505 1518 685 1576 ἀνάγκην
717 1523 853 1564 ἐλθεῖν
882 1518 1007 1572 αὖθις
1037 1518 1314 1577 ἀναστρέφειν
1343 1523 1403 1570 εἰς
1445 1521 1520 1576 τὴν
1552 1525 1760 1577 Τριβα-πο

270 1589 353 1626 λῶν
382 1582 533 1640 ἀρχήν.
589 1588 684 1627 νυνί
710 1587 755 1628 δὲ
785 1586 1205 1642 παρασκευάζεσθαι,
1243 1586 1299 1635 ὥς
1329 1584 1417 1639 ἅμα
1447 1589 1621 1644 στρατιᾷ
1647 1588 1708 1636 εἰς

269 1648 575 1704 Διδυμότειχον
603 1645 729 1699 αὖθις
758 1651 1019 1707 ἀφιξόμενος.
1073 1655 1196 1694 τοῦτο
1225 1650 1303 1707 γὰρ
1333 1650 1516 1704 μάλιστα
1545 1656 1706 1694 λυσιτε-

269 1718 354 1756 λεῖν
383 1714 499 1771 aim?
527 1714 632 1771 πρὸς
657 1714 701 1758 τὸ
729 1708 981 1771 κτήσασθαι,
1009 1721 1050 1760 εἰ
1074 1717 1180 1760 κατὰ
1208 1715 1373 1771 γνώμην
1401 1715 1463 1771 εἴη
1491 1719 1590 1773 θεῷ,
1630 1715 1704 1772 τὴν

268 1782 409 1822 πᾶσαν
443 1780 664 1833 Ῥωμαίων
703 1776 937 1838 ἧγεμονιάν.
995 1781 1111 1827 δι’κᾶ
1137 1784 1186 1825 οὔ
1226 1782 1434 1824 δύνασθαι
1462 1777 1581 1837 ἥκειν
1602 1782 1706 1837 πρὸς

363 1884 394 1916 5.
420 1882 471 1930 μὴ
500 1896 568 1918 οω.
582 1884 615 1920 Ρ.

270 1982 411 2016 cerem,
447 1976 611 2021 pluribus
638 1980 768 2022 gratias
792 1989 919 2022 agens,
943 1979 1173 2024 periniquum
1198 1989 1273 2012 esse
1299 1979 1412 2019 dixit,
1435 1980 1489 2019 si,
1526 1990 1605 2012 cum
1628 1981 1698 2024 ipsi

268 2028 340 2055 tam
366 2024 580 2056 incredibile
608 2025 892 2070 immensumque
916 2026 971 2058 sui
1007 2025 1165 2059 studium
1190 2025 1486 2066 demonstrarint,
1518 2037 1592 2059 non
1620 2027 1698 2071 pari

270 2080 331 2102 eos
356 2080 477 2102 amore
508 2071 677 2115 prosequi
711 2071 910 2111 videretur,
946 2082 1062 2116 neque
1098 2071 1274 2116 aperiret,
1308 2071 1397 2115 quid
1422 2072 1461 2104 in
1485 2072 1590 2104 corde
1628 2083 1694 2106 suo

267 2117 458 2149 volutaret.
510 2115 613 2160 Quae
637 2119 733 2150 enim
758 2118 1034 2162 Gynaecocastri
1059 2119 1129 2151 sibi
1163 2117 1388 2158 evenissent,
1428 2129 1499 2162 quo
1526 2124 1630 2162 pacto
1657 2125 1694 2154 et

267 2162 348 2205 ipse
391 2168 427 2195 et
461 2162 504 2195 de
533 2163 605 2195 suis
634 2164 840 2196 amicissimi
871 2163 1036 2206 gravibus
1068 2164 1220 2196 fuissent
1258 2162 1395 2196 obsessi
1430 2164 1619 2208 periculis,
1657 2171 1695 2198 et

269 2208 475 2241 domesticis
508 2207 811 2249 desciscentibus,
848 2216 883 2242 et
906 2210 1070 2243 hostibus
1103 2209 1321 2247 instantibus
1354 2220 1395 2242 ac
1425 2211 1693 2253 prementibus,

267 2254 456 2299 multaque
481 2256 519 2287 in
544 2255 702 2288 exercitu
722 2258 918 2290 exstitisset
941 2257 1170 2291 tumultuatio
1199 2259 1235 2287 et
1258 2255 1435 2295 confusio,
1451 2267 1535 2300 prae
1561 2257 1692 2302 quibus

268 2299 373 2332 malis
396 2301 615 2345 pereundum
643 2306 736 2342 erat,
771 2303 842 2339 nisi
868 2303 962 2335 Deus
988 2301 1032 2334 de
1060 2301 1159 2333 coelo
1182 2301 1372 2334 salutarem
1398 2312 1542 2335 manum
1565 2309 1691 2337 exten-

269 2345 400 2386 disset,
425 2346 534 2386 haec,
569 2348 739 2392 inquam,
773 2354 900 2391 putare
932 2359 969 2381 se
1004 2358 1048 2380 ne
1083 2347 1177 2391 ipsos
1211 2347 1358 2391 quidem
1393 2348 1529 2381 fallere.
1602 2349 1692 2382 Cum

267 2396 387 2425 autem
412 2392 457 2425 ad
481 2394 634 2432 Cralem,
650 2393 894 2427 Triballorum
917 2394 1128 2438 principem,
1150 2398 1292 2426 coactus
1315 2395 1543 2438 confugisset,
1566 2394 1693 2429 admo-

270 2437 354 2469 dum
379 2439 564 2482 magnifice
595 2439 638 2471 ab
665 2452 706 2474 eo
731 2446 920 2473 tractatum
944 2445 980 2472 et
1001 2439 1135 2472 auxilia
1160 2445 1301 2482 praeter
1324 2441 1532 2484 opinionem
1567 2452 1692 2474 conse-

269 2489 391 2516 cutum
415 2496 501 2517 esse.
551 2486 676 2530 Itaque
711 2497 826 2530 nuper
860 2497 938 2518 cum
963 2485 1075 2529 copiis
1106 2495 1179 2518 non
1210 2486 1326 2530 parvis
1351 2497 1392 2519 ac
1417 2486 1598 2520 bellicosis
1623 2487 1690 2521 Di-

269 2529 513 2571 dymotichum
542 2533 701 2575 coepisse
740 2532 970 2571 contendere,
1011 2537 1061 2571 ut,
1097 2531 1203 2563 rebus
1235 2531 1307 2564 suis
1350 2533 1428 2566 illic
1465 2533 1690 2574 constitutis,

270 2585 350 2606 cum
375 2577 497 2609 amicis
528 2588 603 2611 sese
635 2579 875 2622 coniungeret,
923 2577 993 2609 sed
1020 2588 1098 2610 cum
1126 2577 1246 2610 Pheris
1274 2584 1389 2619 esset,
1426 2578 1532 2612 duces
1556 2590 1598 2612 ae
1621 2580 1691 2611 mi-

268 2620 351 2654 lites
374 2623 574 2664 periculoso
599 2624 723 2657 morbo
743 2625 852 2657 fuisse
873 2624 1066 2668 implicitos
1080 2633 1311 2669 magnamque
1326 2629 1464 2668 partem
1479 2626 1687 2659 exstinctos:

269 2673 312 2699 ut
345 2668 496 2710 proinde
532 2670 571 2701 in
609 2671 788 2704 Triballos
823 2672 891 2703 iter
927 2669 1083 2703 remetiri
1114 2679 1256 2702 necesse
1293 2670 1471 2704 habuerit.
1519 2670 1621 2704 Nunc
1651 2683 1688 2704 se

270 2723 495 2756 comparare,
532 2719 572 2746 ut
596 2727 673 2747 cum
698 2718 855 2750 exercitu
879 2716 997 2749 ‹lcnuo
1022 2714 1316 2759 Didymotichum
1348 2717 1610 2761 proficiscatur:
1650 2717 1687 2751 id

271 2759 367 2797 enim
390 2759 460 2794 sibi
490 2759 535 2794 ad
560 2762 839 2807 acquirendum,
865 2763 895 2797 si
922 2763 998 2797 Deo
1022 2761 1221 2809 placuerit,
1262 2767 1376 2799 totum
1400 2764 1595 2798 Romanum
1619 2764 1690 2798 im·-
