1800 3132
275 174 388 248 394
798 191 1167 236 CANTAcquNJ

77 314 255 361 A.c,.343
272 306 352 345 τῶν
392 300 440 344 τά
483 297 568 344 ὦτα
598 302 797 359 πρότερον
830 303 1061 358 ἐκτεμόντες
1088 308 1160 347 καί
1184 302 1260 360 την
1288 306 1397 362 ῥῖνα,
1426 305 1500 348 καὶ
1523 304 1576 348 τὰ
1605 300 1713 349 ἄλλα

230 371 375 423 (ζμέλη
403 366 760 423 διαλωβησάμενοι
779 401 791 424 ,
832 369 974 412 ἔπειτα
1002 372 1253 415 ἀπέκτειναν,
1305 369 1460 427 ἑτέρων
1488 373 1534 414 δὲ
1563 372 1638 413 ου’κ
1669 372 1714 413 o'-

270 433 394 488 λίγων
433 432 633 475 τοιούτων
677 433 796 489 ῥῖνας
832 435 904 477 καί
929 429 1018 477 ὦτα
1059 436 1320 490 ἐκτεμόντες,
1378 436 1522 478 ἔπειτα
1549 438 1714 478 κατεδί-

271 515 404 540 κασαν
438 498 680 554 ἀειφυγίαν,
709 499 782 541 καί
812 500 1047 551 ἀνοίξαντες
1074 500 1146 550 τὰς
1177 502 1330 556 πύλας,
1378 501 1603 557 ἐξήλαυνον
1641 504 1717 558 τῆς

268 562 439 613 πόλεως.
509 567 592 606 τῶν
623 566 670 606 δὲ
696 563 962 619 ὀδυρομένων
991 568 1064 608 καί
1093 564 1169 621 την
1199 568 1342 610 αἰτίαν
1370 569 1576 621 δεομένων
1603 560 1741 609 ἐκώ-5

144 636 264 682 V.457
279 628 534 682 δάσκεσθαι,
582 630 634 671 δι’
679 628 732 685 ἢν
772 633 942 673 τοιαῦτα
979 630 1201 685 ὑπομένειν
1236 633 1550 690 κατεκριθησαν,
1586 634 1709 675 ου’δὲν

272 698 397 738 πλέον
429 694 702 751 α’πεκρίναντο
732 695 770 738 οἱ
800 696 1010 752 Ζηλωταί,
1041 694 1070 752 ἢ
1098 694 1160 739 ὅτι
1188 699 1333 740 εἰδεῖεν
1353 695 1508 746 αὐτούς
1526 696 1575 740 τὰ
1601 700 1716 740 Καν-

271 762 532 816 τακουζηνοῦ
565 760 809 817 σαφέστατα
833 762 1078 819 ᾑρημένους.
1125 761 1163 805 οἱ
1192 765 1271 815 μὲν
1301 757 1376 805 οὖν
1405 759 1536 811 οὕτως
1563 759 1718 817 ὄδυρό-

269 842 415 880 μενοι,
439 828 531 868 έπεί
556 826 659 882 πρὸς
687 824 808 870 οὐδὲν
835 831 976 884 ἕτερον
1006 824 1119 882 εἶχον
1145 832 1335 883 χρῆσθαι
1363 826 1552 881 ἑαυτοῖς,
1579 828 1638 877 εἷς
1664 825 1712 869 τό

269 895 350 935 τῶν
382 892 611 947 βαρβάρων
640 891 890 948 ἀπεχώρουν
917 894 1198 950 στρατόπεδον
1225 893 1331 949 πρὸς
1350 895 1538 947 βασιλέα.
1593 896 1770 946 βασι-10

268 957 366 1009 λεὺς
407 959 452 999 δὲ
492 959 585 1000 ἐπεὶ
622 957 669 1000 τό
704 957 993 1014 προσάγεσθαι
1021 960 1099 1014 τήν
1126 960 1246 1002 πόλιν
1275 955 1429 1014 ἄπορον
1457 956 1583 1014 ἑώρα,
1612 961 1716 1001 Μα-

268 1022 396 1079 νουὴλ
424 1026 499 1077 μὲν
527 1023 597 1066 τὸν
626 1022 720 1067 υἱὸν
744 1023 817 1066 καί
833 1020 1033 1079 ’Ἄγγελον
1060 1023 1134 1068 τὸν
1162 1024 1338 1078 ἀνεψιὸν
1365 1023 1441 1079 τήν
1467 1039 1512 1066 τε
1542 1025 1587 1065 ἐκ
1611 1024 1715 1066 Θετ-

267 1089 414 1138 ταλίας
440 1089 514 1131 καί
538 1089 751 1146 Βερᾘοίας
781 1088 952 1144 ἔχοντας
980 1089 1193 1146 στρατιὰν,
1226 1092 1410 1132 ἐκέλευεν
1437 1091 1496 1138 εἷς
1512 1088 1589 1139 τοὶς
1607 1089 1717 1138 ἰδίοις

269 1153 408 1209 ἀρχὰς
447 1156 702 1211 α’ποχωρεῖν.
773 1153 901 1204 αὐτὸς
940 1157 986 1198 δὲ
1014 1157 1290 1212 ἀπολειφθείς
1319 1159 1419 1209 μεθ’
1447 1149 1506 1197 ὧν
1533 1150 1629 1209 ἦγεν
1657 1152 1721 1196 οἴ-

225 1224 414 1273 Βκοθεν,
454 1219 526 1262 καὶ
536 1223 720 1276 Περσῶν
745 1226 830 1270 τοῖς
858 1223 1042 1278 α’ρίστοις
1069 1223 1294 1270 διακοσίοις
1319 1223 1470 1271 ἵππους
1498 1218 1771 1275 παρασχό-15

266 1302 411 1340 μενος,
451 1289 524 1328 καί
556 1288 601 1327 ἐκ
644 1288 717 1341 τῆς
759 1281 885 1342 ἄλλης
923 1289 1120 1342 στρατιᾶς
1149 1284 1452 1340 ἑξακισχιλίους
1480 1288 1718 1335 ἐπιλέκτους

267 1350 417 1404 πεζοὺς
445 1351 731 1407 παραλαβών,
758 1349 848 1406 ἅμα
873 1351 1035 1407 Ἀμούρ
1077 1355 1122 1395 ἐκ
1148 1355 1222 1406 τῆς
1247 1350 1422 1407 ἠπείρου
1453 1354 1512 1401 εἰς
1544 1349 1716 1407 Θρᾴκην

269 1418 534 1473 ἀπεχώρουν,
580 1418 655 1472 την
691 1420 736 1460 δὲ
775 1413 903 1473 ἄλλην
930 1416 1132 1473 στρατιὰν
1159 1420 1348 1460 ἐκέλευον
1377 1418 1420 1458 ὲν
1449 1423 1541 1465 ταῖς
1570 1414 1718 1458 ναυσὶν,

269 1485 328 1533 εἰς
357 1480 654 1538 Περιθεώριον
683 1484 826 1525 ἐλθεῖν
845 1515 857 1536 ,
893 1482 950 1531 ὥς
985 1484 1075 1524 ἐκεῖ
1108 1482 1387 1535 συμμίξοντας
1415 1479 1620 1536 ἀλλήλοις.
1673 1481 1717 1521 ἐ-

268 1551 339 1590 πεὶ
375 1551 415 1590 δ’
455 1547 492 1589 οἱ
532 1551 610 1601 μὲν
650 1550 695 1590 ἐκ
723 1546 961 1603 θαλάττης,
1009 1546 1048 1590 οἱ
1078 1549 1117 1589 δ’
1144 1550 1190 1590 ἐκ
1217 1551 1289 1602 τῆς
1320 1544 1492 1602 ἠπείρου
1520 1543 1646 1587 πάλιν
1673 1546 1773 1595 ἐνασ

266 1613 409 1671 ταύτῷ
437 1614 643 1667 ἐγένοντο,
684 1612 980 1669 Περιθεώριον
1019 1611 1287 1668 ἐπολιόρκουν
1317 1613 1716 1668 περιστρατοπεδευ-

268 1675 454 1731 σάμενοι.
522 1678 763 1733 Ἀβδηρῖται
796 1680 842 1721 δὲ
870 1680 1110 1734 προσῆλθον
1137 1675 1270 1720 ἑκοντί
1298 1675 1512 1732 δεσμώτην
1539 1676 1716 1730 ἀγαγόν-

266 1759 333 1792 τες
369 1745 441 1785 καί
473 1746 683 1798 Γουδέλην
714 1743 786 1786 τὸν
816 1747 889 1799 τῆς
915 1746 1133 1798 βασιλίδος
1150 1740 1301 1798 ’Ἀννης
1334 1742 1532 1795 οἰνοχόον,
1566 1740 1613 1783 ὃν
1645 1741 1716 1783 ἐπὶ

265 1811 336 1864 τῆς
363 1810 500 1865 α’ρχῆς
529 1810 669 1851 αὐτῶν
697 1812 948 1865 κατέστησεν
980 1808 1003 1851 ὅ
1029 1811 1159 1865 μέγας
1189 1808 1287 1861 δὀὐξ
1312 1806 1419 1862 μετὰ
1446 1806 1518 1863 την
1542 1806 1713 1861 βασιλέτ·

382 1922 435 1946 21.
466 1909 951 1959 ἐπιστρατοπεδευσᾶμενοι
977 1912 1012 1946 Ρ.

268 2001 388 2042 ribus,
421 2012 509 2034 naso
541 2001 746 2046 ceterisque
780 2001 950 2041 membr-is
981 2001 1189 2034 mutilatum
1227 1998 1446 2032 occiderunt.
1495 1997 1594 2032 Alios
1622 1998 1710 2031 item

271 2048 480 2093 complures
518 2046 681 2081 eiusdem
716 2048 853 2082 ordinis
888 2047 1037 2080 naribus
1079 2053 1115 2082 et
1148 2045 1293 2080 auribus
1329 2045 1529 2085 truncatis,
1555 2043 1644 2078 urbe
1672 2045 1711 2076 in

269 2094 530 2139 sempiternum
557 2094 707 2127 exilium
733 2095 960 2139 expulerunt.
1019 2093 1161 2138 Quibus
1188 2091 1469 2124 lamentantibus
1495 2102 1712 2137 causamque

269 2141 566 2183 sciscitantibus,
592 2140 639 2174 ob
667 2152 774 2185 quam
799 2140 934 2173 talibus
964 2140 1154 2185 suppliciis
1183 2138 1341 2170 damnati
1369 2141 1509 2176 essent,
1535 2137 1605 2170 hoc
1631 2142 1711 2170 tan-

269 2190 345 2220 tum
384 2187 528 2220 Zelotae
564 2187 848 2230 responderunt,
883 2192 1046 2220 constare
1070 2185 1162 2225 sibi,
1196 2186 1293 2228 ipsos
1328 2184 1552 2228 apertissime
1579 2182 1710 2216 Canta-

271 2244 406 2266 cuzcno
447 2234 576 2267 favere.
644 2233 702 2265 Sic
727 2234 836 2278 igitur
874 2234 1140 2272 lamentantes,
1175 2232 1346 2275 quoniam
1385 2241 1422 2262 se
1458 2229 1605 2264 inutiles
1640 2230 1710 2262 iam

269 2279 467 2319 videbant,
496 2279 542 2312 ad
565 2279 800 2313 barbarorum
829 2285 962 2320 castra,
986 2281 1237 2322 imperatorem
1262 2276 1496 2317 conventuri,
1529 2275 1709 2309 adierunt.

270 2327 302 2358 Is
337 2336 415 2358 cum
449 2337 522 2358 non
558 2324 720 2367 videret,
756 2337 829 2372 quo
862 2332 967 2371 pacto
1007 2323 1130 2358 urbem
1169 2323 1207 2356 in
1248 2329 1465 2367 potestatem
1499 2322 1711 2362 adduceret,

269 2372 475 2405 Mauuelem
505 2372 619 2405 filium
647 2379 683 2407 et
707 2373 880 2416 Angelum
905 2371 1159 2406 consobrinum
1186 2381 1266 2402 cum
1291 2370 1416 2414 copiis,
1444 2379 1534 2414 quas
1557 2379 1576 2401 e
1593 2367 1710 2402 Thes-

271 2419 362 2451 satia
397 2423 434 2451 et
466 2419 643 2452 Berrhoea
679 2419 880 2458 ducebant,
919 2418 964 2451 ad
1001 2417 1146 2451 illorum
1172 2417 1416 2461 praefecturas
1441 2415 1603 2448 remisit:
1630 2414 1710 2458 ipse

269 2465 416 2497 rvlictus
446 2476 525 2497 cum
554 2464 612 2505 iis,
642 2477 731 2510 quos
763 2477 827 2510 per
855 2475 893 2498 se
919 2463 1136 2503 adduxerat,
1161 2462 1326 2496 ducentis
1340 2465 1524 2497 Persarum
1550 2460 1708 2506 optima-

271 2511 369 2542 tibus
395 2512 498 2557 equis
527 2512 790 2556 suppeditatis,
817 2517 853 2544 et
877 2509 921 2544 de
950 2509 1091 2555 reliquo
1119 2510 1277 2544 exercitu
1315 2520 1376 2542 sex
1406 2508 1600 2542 electorum
1638 2517 1708 2551 pe-

270 2556 388 2588 ditum
430 2557 591 2590 millibus
635 2558 778 2597 ascitis,
821 2557 918 2591 socio
959 2556 1106 2590 Amurio
1144 2566 1162 2588 e
1195 2556 1399 2590 continenti
1443 2555 1482 2588 in
1515 2553 1706 2586 Thraciam

270 2604 442 2636 recessit:
493 2604 674 2650 reliquum
711 2605 895 2649 copiarum
927 2602 1082 2636 navibus
1122 2601 1384 2636 Peritheorium
1420 2602 1562 2640 venire,
1587 2604 1628 2632 ut
1651 2597 1706 2632 ibi

270 2650 591 2693 coniungerentur,
614 2652 806 2694 praecepit.
847 2649 974 2683 Navali
998 2650 1070 2682 iam
1094 2648 1328 2695 pedestrique
1354 2649 1393 2680 in
1414 2657 1524 2679 unum
1550 2644 1704 2679 conflato

275 2696 459 2732 exercitu,
490 2696 750 2730 Peritheorium
776 2695 968 2730 obsidione
993 2694 1315 2729 circumdederunt.
1367 2693 1560 2727 Abderitae
1584 2697 1708 2724 autem

269 2746 399 2784 sponte
439 2751 475 2774 se
510 2741 751 2784 dediderunt,
794 2741 992 2782 Gudclem,
1031 2742 1095 2788 qui
1131 2747 1207 2774 erat
1246 2742 1371 2775 Annae
1406 2738 1625 2784 imperatrici
1660 2736 1707 2770 ad

275 2786 461 2831 cyathum,
488 2788 596 2822 simul
619 2790 780 2824 vinctum
805 2788 1045 2830 adducentes,
1078 2798 1186 2834 quem
1212 2798 1359 2832 magnus
1389 2785 1461 2820 dux
1486 2790 1568 2831 post
1591 2785 1709 2830 impe-
