1812 3132
532 155 908 224 HISTORIARUM
949 186 1022 224 111.
1049 190 1119 231 21⁸.
1403 244 1405 250 Ι
1433 185 1451 220 1
1466 165 1496 222 5
1511 184 1528 218 1

97 299 193 326 νουν
214 278 307 325 ἀντὶ
324 279 565 324 πιστοτάτου
593 283 783 323 πέπεικεν
816 279 1020 337 ἡγεῖσθαι,
1051 282 1131 338 ἐγώ
1159 286 1237 337 μὲν
1265 279 1388 326 οῦδὲν
1406 282 1539 336 ἑμαυ-
1552 287 1632 322 A.C.
1649 287 1729 332 ¹34¹

95 351 152 406 τῷ
190 345 436 400 πειθόμενος
471 345 574 401 πρὸς
599 346 650 387 τά
681 346 866 402 παρόντα
897 347 1091 403 πράττειν
1119 347 1246 403 ἔγνων
1274 351 1384 403 δεῖν,
1429 349 1568 402 ὖμῖνῦ

101 416 147 456 δὲ
177 412 393 469 χρώμενος
419 409 698 465 συμβούλοις,
741 410 847 467 πρὸς
886 409 962 465 {gu
996 410 1048 454 ἂν
1075 415 1390 469 ἐπιψηφιζησθε
1419 414 1541 467 ὖμεῖς

95 478 280 532 ἐμαυτὸν
306 479 537 532 παρέξομαι
564 476 813 530 πειθόμενον
838 479 1066 533 προθύμως
1084 511 1096 531 ,
1143 481 1304 532 μᾶλλον
1342 481 1383 520 δ’
1409 481 1538 529 αὐτὸς

74 545 256 598 5πρῶτος
273 539 300 584 ἅ
320 557 393 595 μοι
410 544 519 585 δοκῶ
537 543 581 584 ἐν
595 545 653 599 τῷ
667 541 839 597 παρόντι
861 545 1128 598 συμφέροντα
1147 545 1254 599 ἐρῶ..
1299 544 1470 599 μελήσει
1492 547 1539 588 δὲ

93 604 236 663 ὗμῖνῆ
257 609 592 664 ἐπιψηφίζεσθαι
612 606 664 650 τά
687 610 885 662 εἰρημένα
910 604 964 649 ἄν
984 609 1085 664 δοκῇ
1109 612 1362 662 λυσιτελεῖν,
1387 606 1413 665 ἢ
1431 610 1539 664 γνώ-

91 689 176 727 μην
194 675 368 715 ἕκαστον
395 673 600 727 εἰσάγειν,
641 671 670 727 ἢ
698 673 748 715 τά
768 688 811 714 τε
829 673 1016 727 παρόντα
1041 672 1114 714 καί
1139 672 1191 715 τά
1206 673 1547 729 ’προσδοκώμενα-

91 739 222 790 μειζω
240 736 356 779 λύσει
375 739 588 793 δυσχερῆ,
610 738 720 793 ἡμᾶς
738 754 784 780 τε
799 739 872 779 καί
888 736 1115 790 σύμπασαν
1136 737 1357 793 ἡγεμονίαν
1383 741 1539 782 διασώ-

94 803 222 853 ζουσα
233 803 464 856 Ῥωμαίων.
494 806 650 857 νομιζω
670 806 715 846 δὲ
733 805 865 859 μηδὲν
890 799 996 844 εἶναι
1020 806 1179 856 μᾶλλον
1204 807 1538 860 λυσιτελέστερον

0 887 7 894 -
41 865 162 909 ιοκαί
178 866 386 924 σωτήριον
402 875 487 917 τοῖς
503 871 640 921 πᾶσιν,
662 864 691 924 ἢ
713 867 897 923 ἐμαυτὸν
908 866 1043 910 ἑκοντὶ
1052 868 1384 924 παραγενόμενον
1399 873 1539 924 ἐγχει-

89 935 220 988 ρίζειν
241 936 442 987 βασιλίδι,
473 931 580 976 ὥστε
597 938 685 977 κατ’
706 936 901 986 ἐξουσίαν
922 934 1034 990 ἔχειν
1058 932 1204 989 αὐτὴν,
1237 931 1320 989 ὅ,τι
1337 934 1576 990 βούλοιτοΙ)

89 999 355 1055 ψηφιζεσθαι
381 1001 481 1056 περί
496 1001 616 1053 ἐμοῦ.
671 995 749 1042 κᾶν
764 1000 844 1052 μὲν
863 999 913 1043 τὰ
939 1001 1082 1043 δι’καια
1103 1006 1237 1042 ποιεῖν
1257 1005 1539 1058 προῃρημένη,

89 1065 352 1120 δικαστήριον
365 1066 529 1129 καθίζω
551 1064 624 1108 καί
638 1064 786 1121 καιρὸν
807 1066 1032 1120 παρέχοιτο
1055 1063 1295 1120 ἆπολογίας,
1319 1069 1404 1125 θεῷ
1422 1070 1530 1123 θαρ’-
1542 1073 1584 1109 V.
1600 1071 1669 1116 346

89 1131 178 1187 ῥεῖν
201 1135 260 1190 τῷ
281 1129 488 1189 προστάτῃ
506 1147 549 1173 τε
570 1133 771 1187 α’ληθειάς
790 1126 877 1173 ὄντι
893 1131 967 1173 καί
980 1129 1153 1189 τοιαύτῃ
1170 1133 1362 1187 χαίροντι
1378 1148 1538 1188 προση-

38 1194 229 1254 15γορίᾳ,
263 1196 394 1240 πάντα
426 1194 566 1253 ὥσπερ
594 1197 678 1240 εἶσὶ
703 1195 843 1253 ψεύδη
874 1196 948 1239 καὶ
988 1199 1271 1253 συκοφαντίας
1310 1198 1441 1253 ῥᾷστα
1487 1197 1543 1239 ιῖ-

86 1264 309 1317 πελέγξειν.
377 1265 502 1305 τοῦτο
543 1265 591 1305 δὲ
629 1265 670 1305 εἰ
701 1264 884 1318 γένοιτο,
918 1265 1057 1306 πᾶσαν
1096 1261 1371 1316 ἀπωσάμενον
1399 1261 1544 1317 ἀρχὴν.

86 1330 161 1371 καὶ
199 1328 479 1385 συκοφαντίας
519 1330 593 1371 καί
630 1327 794 1386 φθόνου
829 1330 970 1370 πᾶσαν
1006 1328 1224 1385 πρόφασιν
1264 1325 1536 1382 περιελόντα,

87 1392 193 1435 οἴκοι
221 1396 464 1449 διατρήῗειν,
491 1398 576 1437 ταῖν
602 1397 752 1437 κοινῶν
778 1392 1117 1451 προσαπτόμενον
1143 1391 1337 1449 μηδενὸς,
1371 1393 1470 1447 μηδ’
1498 1394 1539 1434 εἰ

85 1458 238 1509 πάντες
266 1455 482 1515 ἅνθρωποι
511 1459 737 1514 βιάζεσθαι
763 1456 792 1515 ἢ
819 1462 983 1502 πείθειν
1010 1461 1282 1514 ἐπιχειροῖεν.
1317 1460 1376 1499 ἐἰ
1392 1459 1429 1498 δ’
1450 1452 1535 1513 ἄρα

34 1523 190 1579 αομὴτε
227 1527 301 1567 τοῦ
346 1527 534 1579 δικαίου,
573 1524 680 1581 μήτε
707 1527 786 1567 τοῦ
813 1524 1086 1582 προσήκοντος
1111 1525 1272 1579 μηδένα
1299 1525 1659 1577 ποιουμένηΡ.428

86 1588 224 1643 λόγον,
254 1588 361 1631 α’λλὰ
389 1590 600 1645 κατάκρας
629 1590 791 1633 ἁλοῦσα
821 1596 912 1639 ταῖς
941 1592 1254 1645 συκοφαντίαις,
1283 1587 1443 1643 ἐρήμην
1462 1589 1537 1629 καί.

85 1652 135 1695 τὰ
168 1654 382 1696 δεινότατα
410 1657 765 1710 καταψηφίζοιτο,
794 1655 928 1696 πάντα
957 1656 1102 1710 φέρειν
1133 1653 1313 1709 ἱλαρῶς,
1361 1651 1531 1707 αἱρετώ-

85 1734 189 1776 τερα
224 1717 450 1773 ἦγούμειον
488 1723 623 1779 πολλῷ
650 1722 709 1779 τῷ
733 1722 871 1778 μέτρῳ
904 1721 977 1763 καί
1002 1718 1119 1762 κλοιά
1148 1721 1222 1761 καί
1249 1717 1531 1773 δεσμωτήριον

184 1819 212 1841 ι.
244 1790 452 1849 πεποίηκεν
475 1807 510 1842 Ρ.

88 1903 152 1936 ego
178 1891 325 1931 quidem
351 1890 390 1924 in
418 1889 485 1923 hac
523 1899 630 1923 causa
666 1889 761 1923 nihil
793 1900 918 1933 agere,
952 1890 1017 1923 sed
1056 1893 1194 1923 vestrae
1231 1900 1288 1923 me
1325 1892 1531 1924 sententiae

85 1939 295 1984 permittere
320 1941 358 1970 et
381 1937 481 1982 quod
507 1936 777 1977 iudicaveritis,
814 1938 852 1969 in
885 1947 928 1970 eo
961 1937 1131 1970 alacriter
1169 1935 1270 1969 vobis
1303 1935 1457 1981 obsequi
1490 1938 1530 1970 in

86 1985 245 2018 animum
278 1983 419 2020 induxi.
478 1984 556 2016 Imo
594 1993 680 2017 vero
713 1993 777 2026 ego
811 1983 972 2027 primus,
1008 1994 1102 2028 quae
1130 1982 1171 2014 in
1205 1983 1408 2027 praeseutia
1438 1983 1531 2017 mihi

85 2031 256 2065 videntur
293 2029 485 2075 expedire,
531 2028 736 2063 edisseram.
783 2028 951 2062 vestrum
990 2030 1072 2069 erit,
1110 2033 1174 2060 aut
1208 2028 1390 2073 suffragari
1423 2028 1539 2062 dictis>

84 2079 198 2117 meis,
232 2078 262 2110 si
295 2086 337 2110 ea
371 2075 634 2123 probaveritis,
681 2080 744 2108 aut
783 2087 1079 2121 unumquemque
1115 2075 1347 2107 seutentiam-
1367 2075 1531 2118 proferre

85 2122 322 2164 huiusmodi,
355 2133 448 2168 quae
476 2127 514 2155 et
535 2126 762 2166 praesentem
795 2123 978 2155 miseriam
1010 2122 1118 2155 tollat
1153 2125 1190 2153 et
1221 2121 1379 2154 futuram
1412 2121 1531 2154 multo

85 2170 258 2203 maiorem
282 2168 460 2214 impediat
488 2173 525 2202 et
547 2179 629 2202 cum
653 2180 738 2208 vos,
774 2173 851 2201 tum
878 2169 1075 2201 Romanum
1099 2168 1290 2211 imperium
1321 2167 1528 2201 uuiversum

86 2221 283 2251 conservet.
340 2215 506 2249 Arbitror
541 2221 685 2255 autem,
725 2214 893 2248 omnibus
931 2214 1038 2248 nobis
1068 2213 1165 2247 nihil
1196 2212 1254 2245 vel
1289 2214 1415 2246 utilius
1449 2213 1531 2248 sore

84 2264 144 2296 vel
169 2262 381 2302 salutarius,
406 2273 514 2307 quam
539 2262 569 2294 si
595 2262 639 2294 ad
666 2262 931 2305 imperatricem
958 2261 1052 2294 ultro
1078 2260 1275 2305 profectus,
1299 2260 1332 2293 ei
1356 2271 1414 2293 me
1439 2258 1528 2292 sub-

86 2308 231 2354 iiciam,
269 2313 309 2341 ut
332 2319 397 2352 pro
421 2312 602 2352 potestate
625 2313 663 2341 et
686 2307 824 2341 iudicio
849 2318 914 2340 suo
941 2307 985 2341 de
1016 2318 1074 2340 me
1106 2311 1251 2340 statuat.
1302 2306 1346 2339 Et
1380 2306 1409 2339 si
1443 2306 1527 2383 ‹zui-

87 2354 190 2395 dem,
224 2358 266 2386 ut
291 2360 441 2398 patrona
477 2354 660 2395 iustitiae,
693 2354 871 2387 iudicium
898 2354 1118 2388 constituere
1155 2358 1371 2396 tempusque
1403 2351 1447 2384 de
1465 2362 1530 2385 en·

87 2402 182 2435 sioni
212 2399 458 2445 praescribere
483 2401 660 2441 voluerit,
689 2401 786 2441 Deo,
817 2400 979 2434 veritatis
1006 2398 1170 2445 praeside
1194 2399 1333 2443 talique
1367 2398 1547 2443 appella-·

88 2448 188 2482 tione
213 2446 413 2490 gaudente,
437 2446 572 2487 fretus,
610 2447 752 2486 omnia,
786 2452 828 2480 ut
855 2457 980 2480 revera
1005 2451 1111 2485 sunt,
1150 2444 1321 2478 falsitatis
1348 2450 1386 2478 et
1419 2454 1530 2489 syco-

87 2493 282 2538 phantiae,
322 2491 421 2537 quod
454 2494 524 2526 erit
554 2493 790 2533 facillimum,
820 2493 1050 2534 convincam5
1083 2497 1120 2524 et
1156 2491 1206 2524 ita
1237 2491 1351 2524 totius
1382 2490 1527 2534 imperii

88 2541 350 2583 temperatione
380 2538 504 2572 abiens
529 2545 566 2572 et
596 2538 854 2584 sycophantiae
883 2545 994 2585 atque
1027 2537 1187 2572 invidiae
1217 2537 1403 2570 occasione
1428 2538 1526 2570 omni

88 2587 251 2630 sublata,
275 2586 435 2630 privatus
460 2585 596 2627 vivam,
625 2585 765 2631 publici
791 2587 950 2618 muneris
973 2584 1069 2618 nihil
1095 2594 1233 2628 geram3
1258 2594 1326 2616 nec
1350 2583 1381 2616 si
1409 2593 1526 2629 quan-

88 2638 165 2664 tum
198 2637 254 2665 est
285 2632 514 2672 mortalium,
552 2643 594 2666 eo
628 2643 684 2664 me
718 2637 781 2665 aut
811 2630 931 2667 verbis
967 2630 1138 2662 inducere
1172 2633 1236 2662 aut
1265 2629 1301 2664 vi
1336 2630 1524 2674 impellere

88 2679 305 2712 connitatur.
344 2678 407 2709 Sin
441 2688 559 2723 neque
593 2678 775 2718 iustitiae,
807 2689 926 2723 neque
966 2676 1166 2710 honestatis
1201 2676 1311 2709 uuam
1346 2676 1523 2710 rationem

88 2724 246 2764 ducens,
271 2724 552 2757 obtrectatorum
586 2725 820 2758 sermunculis
855 2724 1001 2768 penitus
1035 2727 1137 2766 capta
1170 2726 1208 2755 et
1232 2727 1427 2767 occupata,
1461 2723 1522 2756 in-

87 2771 254 2805 auditum
288 2781 346 2804 me
379 2769 624 2805 damnandum
657 2770 776 2816 (quod
816 2775 870 2805 est
904 2769 1189 2815 iniquissimum)
1233 2767 1451 2811 decreverit,
1482 2771 1524 2802 ut
