1812 3146
279 173 310 230 5
327 171 389 229 1'0
805 190 1176 235 CANTACUZENJ

79 293 345 342 Λ.Ο.ι’345καί
375 295 538 336 πολλῶν
574 285 648 335 ναΐ
683 294 934 347 θαυμασίων
975 297 1058 336 τῶν
1096 295 1276 337 ἐπαίνων
1308 294 1458 346 κρίνων
1487 289 1622 350 ἄξιον,
1663 295 1712 339 οὗ

271 358 386 415 παρὰ
410 359 634 413 Ῥωμαίοις
657 360 905 414 διατρίβων,
939 359 1043 402 ἀλλὰ
1073 363 1145 401 καί
1169 359 1384 414 γενόμενος
1414 364 1474 410 εἰς
1500 361 1680 404 Ἰταλίαν
1697 394 1710 416 ,

272 422 409 480 ὥσπερ
439 428 531 478 μετ’
550 425 682 479 ὀλίγον
712 423 877 479 οἴομαι,
914 424 990 481 τήν
1025 427 1264 481 προσοῦσαν
1301 429 1591 482 μεγαλοφυΐαν
1639 427 1714 469 καί

269 489 344 546 τήν
371 491 691 546 εὐγνωμοσύνην
728 490 801 532 καί
838 491 916 546 τὴν
945 489 1262 546 ἐπιτηδειότητα
1291 489 1392 548 πρὸς
1418 491 1468 534 τὰ
1500 491 1608 534 καλὰ
1637 509 1710 549 κη-

269 553 383 611 ρύξω
425 559 527 599 πᾶσι
564 558 767 613 φανεραῖς.
822 556 922 611 περὶ
954 558 1031 610 μὲν
1071 552 1144 598 οὖν
1170 558 1254 598 τῶν
1283 555 1387 598 κατὰ
1421 556 1492 599 τὸν
1528 553 1736 611 πόλεμον5

271 619 465 664 ἁπάντων
506 620 562 670 ὥς
602 621 734 670 ευ’θύς
766 619 944 677 ἐξαρχῆς
985 617 1089 676 ἄχρι
1126 623 1203 664 νῦν
1250 617 1450 674 ούδεμίαν
1499 621 1708 678 πρόφασιν

148 694 260 729 P.638
274 686 401 735 αὐτὸς
428 688 659 742 παρέσχες,
693 686 785 728 ἀλλ’
805 682 916 729 ἄκων
943 689 1015 729 ε’πί
1039 688 1173 729 ταῦτα
1198 685 1303 742 πρὸς
1321 690 1403 729 τῶν
1420 687 1709 741 πολεμούντων

269 754 464 810 amam-93⁹7,
497 753 730 804 πέπεισμαί
750 768 793 794 τε
821 754 1029 807 α’κριβῶς,
1066 751 1138 793 καί
1174 752 1278 807 πρὸς
1311 743 1462 802 ἄλλους
1496 754 1603 808 ὑπὲρ
1630 756 1711 796 σοῦ’,

270 819 536 872 διαλεχθείην
564 813 616 858 ἄν
646 817 782 867 αὐτὸς.
837 818 929 859 ἐπεὶ
955 820 996 859 δ’
1013 815 1144 867 αὐτὸς
1172 819 1392 867 ἐκέλευσας
1411 821 1507 873 περί
1523 817 1705 872 πάντων,

268 878 327 926 ὧν
356 879 408 925 ἂν
426 885 634 936 θέλοιμεν,
662 881 961 925 πυνθάνεσθαί
976 899 1052 925 σου
1071 885 1227 936 α’δεῶς,
1257 885 1305 926 τί
1319 885 1417 939 περὶ
1442 885 1516 938 τῆς
1543 884 1759 939 εἰρήνηςῐο

267 951 341 992 νῦν
362 950 509 1005 διανοῇ
518 966 532 1001 ,·
560 944 626 1003 ἆρ’
644 946 820 1002 ἐτοιζιιως
847 947 957 1003 ἔχεις
986 947 1090 1005 πρὸς
1118 948 1273 1004 αὐτην,
1301 949 1344 990 εἴ
1366 965 1476 999 τινος
1503 949 1707 998 ἐπιεικοῦς

268 1015 493 1069 α’πολογιας
516 1013 685 1068 τύχοις,
728 1011 757 1068 ἢ
793 1012 897 1069 πρὸς
924 1013 999 1069 την
1026 1016 1193 1056 ἐκείνων
1221 1014 1519 1069 ἀγνωμοσύνην
1550 1013 1707 1056 παντά-

265 1096 393 1122 πασιν
421 1080 608 1134 α’πέγνως
636 1078 742 1136 πρὸς
783 1079 861 1129 τὰς
889 1077 1101 1129 διαλύσεις
1128 1079 1201 1122 καὶ
1227 1079 1407 1136 αύτός;”
1432 1078 1631 1134 βασιλεύς
1659 1081 1707 1122 δὲ

265 1145 399 1189 αὐτὸν
436 1148 512 1200 τῆς
550 1160 593 1187 τε
627 1142 864 1201 παῤῥησίας
899 1147 1124 1195 ἐπαινέσας
1161 1148 1234 1188 καὶ
1271 1148 1346 1200 τῆς
1382 1149 1480 1203 περὶ
1514 1145 1565 1188 τὰ
1594 1142 1702 1201 πρά-

263 1227 402 1266 γματα
429 1209 585 1252 οἲδόλου
614 1211 777 1265 διαίτης
804 1212 878 1253 καί
906 1210 1091 1264 δικαίας,
1120 1210 1194 1253 καί
1212 1210 1444 1267 α’ντιφιλεῖν
1471 1210 1602 1254 αὕτόν
1630 1210 1756 1254 uat'15

265 1275 392 1326 αὐτὸς
420 1274 547 1319 εἰπών
574 1274 645 1317 διὰ
673 1273 747 1330 τὴν
774 1277 1014 1330 προσοῦσαν
1035 1273 1201 1318 σύνεσιν
1228 1278 1301 1318 καί
1324 1275 1399 1331 τὴν
1414 1277 1598 1332 εὐφυΐαν
1628 1276 1704 1331 τήν

263 1340 369 1398 πρὸς
395 1341 447 1384 τά
485 1339 621 1395 καλοὶ,
660 1336 747 1383 εἶτα
791 1342 1039 1397 ἀπεκρίνατο
1076 1341 1149 1383 καὶ
1184 1341 1282 1397 περὶ
1317 1344 1391 1396 τῆς
1417 1339 1582 1397 εἰρήνης
1593 1375 1606 1395 ,
1645 1341 1703 1390 ὥς

223 1409 327 1453 Βέπ’
347 1408 516 1455 ἐκείνοις
544 1405 609 1462 εἴη
637 1412 724 1455 τοῖς
744 1409 973 1459 πολεμοῦσι
1003 1406 1076 1448 καί
1101 1405 1127 1461 ἢ
1167 1409 1245 1447 τοῦ
1272 1408 1452 1460 πολέμου
1481 1409 1552 1448 καί
1577 1405 1602 1461 ἦ
1629 1409 1704 1462 τῆς

262 1472 428 1527 εἰρήνης
455 1472 627 1527 αἵρεσις.
682 1471 812 1513 αὕτόν
839 1487 884 1513 τε
911 1470 991 1526 γὰρ
1021 1471 1311 1527 συνθήσεσθαι
1342 1472 1473 1529 ῥᾷστα
1496 1471 1601 1526 πρὸς
1626 1471 1702 1522 τὰς

262 1536 497 1590 διαλύσεις,
526 1531 577 1578 ἂν
593 1536 796 1579 ἐθέλωσιν
813 1535 959 1578 ἐκεῖνοι
973 1569 985 1591 ,
1014 1536 1087 1578 καί
1103 1535 1352 1592 πολεμήσειν
1378 1536 1483 1583 κατὰ
1505 1536 1754 1591 δύναμιν,αο

261 1599 315 1644 ἂν
342 1603 489 1644 ἐκεῖνοι
515 1602 567 1643 τοὶ
602 1600 744 1643 δίκαια
770 1600 827 1657 μὴ
869 1604 1026 1644 θέλωσι
1054 1608 1198 1644 ποιεῖν.
1256 1603 1404 1643 ἐκεῖνοι
1443 1601 1522 1659 γὰρ
1552 1601 1699 1660 πρότε-

262 1682 329 1722 ροι
365 1668 547 1720 πολέμου
585 1662 718 1722 ἧρξαν
764 1667 1029 1721 διαβαλόντες
1058 1669 1132 1709 καί
1164 1665 1577 1724 συκοφαντήσαντες,
1625 1667 1700 1711 καί

259 1729 337 1788 τήν
370 1748 414 1775 τε
448 1734 610 1787 μητέρα
649 1731 789 1787 ὀλίγου
834 1733 921 1774 δεῖν
960 1734 1206 1776 α’πέκτειναν
1243 1733 1513 1792 αὐτοχειρίᾳ,
1556 1736 1600 1777 ἐν
1629 1736 1697 1776 δε-

360 1822 411 1856 18.
438 1820 459 1863 ἡ
485 1821 638 1855 alterum
663 1820 743 1855 add.
771 1821 820 1855 M.

261 1901 375 1936 tatus,
401 1905 446 1928 ex
472 1895 620 1933 inimico
645 1901 683 1929 et
707 1900 911 1930 accusatore
944 1895 1039 1929 evasi
1075 1896 1330 1939 amicissimus,
1360 1902 1470 1943 teque
1500 1897 1693 1942 praeclaris

259 1944 408 1988 dignum
440 1943 610 1976 laudibus
643 1942 786 1977 iudico:
819 1954 886 1976 nec
921 1943 1037 1976 solum
1071 1943 1243 1989 quamdiu
1277 1943 1374 1989 apud
1399 1944 1572 1977 Romanos
1598 1951 1692 1985 sum,

257 1990 322 2024 sed
353 1991 393 2023 in
433 1989 541 2023 ltalia
576 1999 746 2034 quoque,
777 2000 849 2035 quo
874 1989 974 2022 brevi
999 2000 1055 2022 me
1079 1990 1322 2034 profecturum
1351 1991 1500 2034 opinor,
1522 1990 1691 2023 altitudi—

256 2047 339 2070 nem
368 2042 406 2071 et
441 2037 663 2082 aequitatem
689 2037 811 2069 animi·
828 2036 907 2076 tui,
935 2040 971 2068 et
993 2036 1038 2069 ad
1062 2046 1116 2069 res
1146 2037 1302 2081 egregias
1327 2042 1491 2070 naturam
1519 2036 1691 2070 idoneam

255 2084 352 2128 apud
387 2093 509 2118 omnes
544 2082 662 2126 palam
695 2082 970 2127 depraedicabo.
1032 2081 1141 2126 Quod
1169 2084 1278 2127 igitur
1306 2083 1351 2115 ad
1380 2082 1516 2115 bellum
1545 2085 1689 2123 attinet,

254 2140 275 2161 a
300 2130 480 2176 principio
515 2128 705 2174 hucusque
739 2129 876 2162 nullam
905 2128 1054 2173 penitus
1091 2139 1230 2161 causam
1257 2129 1335 2172 ipse
1367 2129 1591 2172 praebuisti,
1624 2130 1688 2164 sed

255 2177 390 2210 invitus
426 2175 471 2209 ab
504 2174 670 2208 hostibus
705 2174 751 2208 ad
777 2186 874 2208 arma
899 2174 1101 2219 compulsus
1128 2185 1188 2207 es:
1214 2175 1312 2220 quod
1335 2175 1423 2207 mihi
1451 2177 1559 2221 plane
1605 2187 1688 2220 per-

256 2223 405 2263 suadeo,
436 2226 473 2256 et
496 2221 534 2254 id
565 2221 660 2266 apud
686 2222 776 2254 alios
804 2232 868 2266 pro
893 2226 930 2255 te
954 2221 1118 2254 confiteri
1143 2232 1216 2253 non
1241 2221 1429 2254 dubitabo.
1479 2222 1575 2267 Quia
1601 2231 1685 2256 vero

256 2269 300 2301 de
334 2269 501 2303 omnibus
537 2278 630 2313 quae
668 2268 842 2301 vellemus
873 2267 988 2301 libere
1020 2267 1230 2311 interrogari
1267 2272 1303 2301 te
1328 2269 1491 2308 iussisti,
1522 2269 1603 2316 quis
1630 2273 1686 2302 est

256 2326 391 2361 quaeso
426 2321 507 2349 tuus
541 2326 638 2347 nunc
672 2314 718 2347 de
753 2324 840 2358 pace
865 2313 1016 2347 sensus?
1042 2323 1086 2345 au
1115 2313 1145 2345 si
1169 2314 1226 2346 illi
1251 2324 1404 2359 aequum
1430 2315 1684 2358 respondeant,

253 2368 420 2407 prompte
453 2371 531 2395 eam
567 2360 690 2394 coles?
723 2370 770 2394 an
802 2370 924 2393 eorum
955 2359 1168 2404 improbitas
1204 2360 1314 2400 facit,
1345 2366 1384 2394 ut
1421 2361 1681 2405 pacificationis

251 2419 351 2451 spem
386 2410 528 2441 omnem
564 2406 760 2451 repudies?
795 2407 994 2450 Imperator
1026 2405 1231 2439 libertatem
1263 2408 1330 2440 viri
1362 2408 1612 2452 integrumque
1640 2417 1682 2440 ac

253 2464 375 2487 verum
402 2455 446 2488 de
472 2454 579 2487 rebus
603 2452 776 2486 iudicium
801 2452 970 2493 laudans,
1000 2456 1036 2485 et
1059 2462 1096 2484 se
1122 2457 1270 2497 propter
1305 2453 1531 2497 prudentiam
1557 2459 1593 2487 et
1619 2454 1679 2486 in-

253 2501 398 2544 genium
435 2500 481 2533 ad
512 2500 683 2533 virtutem
712 2504 836 2532 natum
874 2498 1056 2532 redamare
1093 2498 1195 2531 illum
1219 2500 1432 2539 testificans,
1462 2499 1678 2545 respondet,

252 2546 342 2578 belli
368 2551 403 2578 et
426 2547 522 2590 pacis
549 2546 770 2579 electionem·
788 2546 825 2579 in
850 2546 1000 2578 arbitrio
1026 2543 1243 2578 bellantium
1268 2547 1475 2580 consistere.
1523 2545 1614 2578 Nam
1638 2556 1677 2579 se

252 2591 399 2637 quidem
434 2593 606 2625 facillime
641 2590 687 2625 ad
721 2592 1019 2636 compositionem
1050 2600 1328 2632 consensurum,
1363 2593 1392 2624 si
1415 2593 1501 2636 ipsis
1529 2592 1676 2626 lubeat:

252 2644 289 2672 et
310 2643 548 2682 pugnaturum
573 2649 634 2684 pro
663 2637 818 2677 viribus,
845 2638 874 2671 si
897 2636 1009 2670 iidem
1033 2636 1087 2670 ius
1113 2637 1237 2684 fasque
1263 2639 1550 2683 contempserint.
1575 2639 1675 2682 Ipsos

251 2685 385 2732 quippe
419 2684 608 2717 calumniis
641 2689 677 2717 ct
710 2684 904 2717 mendaciis
929 2682 1178 2728 indulgentes,
1201 2684 1336 2717 bellum
1361 2696 1479 2724 orsos,
1506 2689 1677 2718 matrem-

250 2742 323 2777 que
346 2740 446 2764 suam
471 2731 508 2762 in
534 2741 673 2763 earcere
696 2735 934 2774 aegrotantem
959 2730 1059 2763 nulla
1092 2740 1175 2763 cura
1210 2731 1398 2776 dignatos,
1437 2735 1575 2764 tantum
1599 2741 1675 2765 non

250 2781 388 2812 suamet
422 2787 531 2810 manu
571 2775 769 2811 occidisse:
802 2781 839 2811 et
874 2777 989 2811 filium
1024 2775 1277 2820 duodennem,
1313 2778 1376 2824 qui
1409 2777 1504 2813 nihil
1534 2777 1574 2812 iu
1612 2787 1673 2812 eos
