1800 3138
530 192 906 236 msTOmARUM
950 198 1020 237 111.
1051 200 1120 245 28
1420 199 1439 235 1
1455 200 1521 255 77

85 285 290 339 θεμελίων
317 285 571 338 διαλυοντες.
601 290 675 331 καί
703 293 825 333 ου’δὲν
855 287 905 346 ἦν
932 290 970 346 δ’,
998 311 1040 336 τι
1072 294 1205 338 δεινὸν
1232 297 1293 352 μὴ
1323 298 1564 351 ἕτολμᾶτοΑ.
1577 308 1615 343 C.
1632 307 1711 352 13¹4!

83 352 186 394 κατὰ
203 355 285 395 τῶν
300 351 352 395 roi
375 355 724 410 Καντακουζηνοῦ
743 359 818 398 τοῦ
837 360 1085 409 βασιλέως
1058 364 1288 416 ῃρημὲνων.
1317 363 1464 406 πολλοι
1478 366 1526 406 δὲ

82 419 156 459 και
181 417 299 460 ἰδῗων
326 416 442 459 ἕνεκα
472 420 690 475 διαφορῶν
718 419 1056 477 παραπήλαυσαν
1082 429 1153 480 τῆς
1179 431 1254 468 τοῦ
1282 428 1416 482 δήμου
1447 434 1564 484 ‹po-C

83 483 174 536 ρᾶς·
204 477 319 524 αλλοι
360 484 408 525 δὲ
439 499 507 525 και
540 485 770 539 χρημάτων
805 486 951 542 σφίσιν
989 488 1293 546 ὅφειλομένων,
1336 491 1417 534 ὑπὸ
1445 497 1528 536 τῶν

55 545 288 600 5λαβόντων
318 547 552 604 ᾗτιαθησαν
580 553 1022 606 Καντακουζηνισμόν.
1047 551 1154 597 ου’τω
1181 557 1346 612 χαλεπή
1381 559 1528 608 στάσις

82 613 261 665 ἐξαρχῆς
286 611 419 661 εὐθυς
436 612 635 693 '²²²'7'50‘9'7’
667 613 779 665 ε’ὃοξε
810 615 860 670 δὴ
888 616 961 658 καί
993 621 1152 670 μᾶλλον
1177 625 1452 703 χαλεπωτέρα
1481 627 1527 666 ἐκ

80 677 154 717 τοῦ
178 675 319 731 πρώτη
349 681 445 734 παρ’
474 680 618 728 αὐτοῖς
658 683 881 734 γενέσθαι,
928 683 1021 724 ἐπει
1056 680 1236 739 ν’στερόν
1261 703 1308 740 γε
1336 704 1404 729 και
1444 692 1527 730 πᾶν

80 738 128 781 τὸ
153 739 395 793 ζΡωμαϊκὸν
422 745 481 792 εἰς
510 740 702 799 ωμότερα
732 748 868 801 πολλῷ
903 763 973 787 και
999 751 1270 805 χαλεπώτερα
1296 752 1524 808 ἐξετράπη,

80 807 165 847 τῶν
210 809 290 859 μὲν
323 805 555 862 ἑκασταχοῦ
595 810 738 864 δήμων
783 809 855 853 τὸν
890 814 1067 865 βασιλέα
1107 816 1400 870 Παλαιολόγον
1440 819 1527 859 δεῖν

32 872 279 923 Ιοοῖομένων
326 868 492 922 ἑαυτοῖς
538 874 741 930 δεσπότην
779 876 1070 932 ἐπιφημίζειν,
1132 896 1213 921 των
1259 877 1441 936 ἇρίστων
1479 885 1526 924 δὲ

80 932 109 990 ἢ
126 938 178 992 τῇ
202 936 376 994 ἀληθεία
404 939 462 995 τῷ
489 942 819 998 Καντακουζηνῶ
846 946 1154 997 προσκειμένων
1181 948 1305 998 βασι)
1309 953 1368 998 εἴ,
1397 943 1426 1001 ἢ
1444 949 1526 988 τῶν

82 999 249 1056 α’πόρων
276 1018 346 1043 και
374 1007 629 1059 νεωτεριζειν
665 1008 928 1059 βουλομένων
966 1006 1043 1062 τὴν
1069 1007 1163 1063 ὶσην
1189 1011 1324 1052 αἰτίαν
1352 1011 1526 1065 ἐπαγόι-

80 1082 165 1108 των
191 1067 267 1108 ov’n
293 1065 340 1107 ἔκ
367 1083 478 1118 τινος
498 1071 568 1111 ἕλ’
547 1085 686 1123 εγχου.
715 1068 868 1126 ᾆᾷσται
897 1074 942 1114 δὲ
975 1075 1116 1122 αυτοῖς
1141 1074 1323 1127 ἐγίνοντο
1350 1074 1394 1116 αἱ
1423 1078 1526 1118 ἐπα-

79 1133 212 1186 γωγαί
234 1130 431 1186 χρήματά
458 1149 504 1174 τε
530 1133 723 1188 ἔχουσιν,
752 1134 779 1176 ἃ
809 1135 893 1177 ἔδει
919 1137 1016 1186 τούς
1043 1137 1226 1193 ἀπόρους
1254 1138 1565 1194 διαρπάζειν,ῡ

34 1196 155 1237 ιὸκαι
179 1194 238 1250 μῆ
278 1199 546 1250 βουλομένοις
583 1205 670 1249 τοῖς
711 1196 852 1249 αλλοις
889 1201 1044 1254 ὁμοίως
1082 1212 1422 1259 συνασχημονεῖν.
1452 1222 1527 1247 και

81 1262 124 1302 οἳ
146 1277 192 1302 τε
220 1262 344 1315 δῆμοι
371 1279 441 1304 και
467 1263 668 1319 πρότερον
696 1264 800 1321 πρὸς
823 1266 920 1315 τούς
938 1267 1135 1320 ἀρίστους
1161 1270 1206 1310 ἐκ
1230 1271 1306 1310 τοῦ
1323 1273 1424 1323 παρ’
1446 1287 1524 1310 αυ-

82 1343 166 1368 των
192 1322 371 1380 αγεσθαι
410 1328 482 1370 καί
507 1332 717 1385 φέρεσθαι
744 1334 790 1373 ἐν
822 1335 893 1387 τῆς
919 1333 1084 1387 ειρήνης
1119 1338 1204 1381 τοῖς
1238 1340 1396 1407 καιροῖς
1425 1338 1524 1374 πολ-

80 1389 156 1444 λήν
183 1389 342 1445 ἔχοντες
373 1392 632 1448 ἀπέχθειαν,
674 1391 809 1445 αλλως
834 1413 879 1438 τε
907 1397 980 1439 καί
1004 1396 1249 1452 διαρπάζειν
1275 1397 1348 1446 τὰς
1376 1398 1524 1446 ουσίας

82 1457 220 1498 αὐτῶν
243 1459 479 1509 ἐλπίζοντες
509 1458 664 1509 πολλάς
689 1457 842 1515 οὔσας,
869 1461 1030 1515 ἕτοιμοι
1057 1458 1164 1517 ἦσαν
1184 1462 1289 1518 πρὸς
1319 1462 1394 1511 τοὶς
1422 1461 1522 1504 στά-

30 1537 171 1570 αοσεις
194 1521 266 1564 καὶ
290 1524 334 1572 ἐξ
362 1525 583 1579 ἐλαχίστης
609 1525 857 1581 προφάσεως
884 1527 958 1568 καί
983 1526 1033 1568 τοὶ
1065 1528 1284 1568 δεινότατα
1318 1528 1518 1579 ἐτόλμων.

82 1587 126 1628 οῖ’
148 1602 191 1628 τε
224 1603 470 1630 στασιασται
497 1587 553 1637 ὥς
577 1588 749 1631 ἐπιπολὺ
774 1595 857 1632 τῶν
886 1591 1164 1646 ἀπορωτάτων
1182 1594 1255 1632 καί
1275 1593 1521 1633 λωποδυτῶν

81 1651 153 1692 καί
168 1652 439 1708 τοιχωρύχων
458 1670 591 1708 οντες,
621 1651 744 1696 αὖτοί
767 1672 810 1697 τε
837 1654 916 1697 ὖπό
942 1658 1014 1710 τῆς
1032 1659 1173 1703 πενίας
1192 1653 1596 1731 οἷναγκαζόμενοιρ4
1600 1669 1644 1712 43

82 1716 203 1758 οὐδὲν
230 1715 376 1759 εἴασαν
401 1717 649 1774 α’τόλμητον,
680 1736 748 1762 και
776 1719 873 1770 τούς
897 1721 1053 1775 δημους
1075 1722 1217 1775 ἐνῆγον
1239 1719 1344 1775 πρὸς
1363 1719 1412 1762 τὰ
1433 1719 1519 1773 ἴσα,

174 1834 205 1856 2.
229 1822 296 1855 τοῦ
325 1833 390 1855 om
406 1822 438 1854 Ρ.
539 1833 588 1856 10.
615 1823 744 1860 αὐτοῖς
770 1824 808 1857 Ρ.

84 1909 164 1932 rore
189 1899 297 1932 etiam
320 1910 436 1933 muros
463 1911 578 1946 usque
601 1900 646 1933 ad
670 1901 905 1934 fundamenta
932 1905 1158 1943 evertentes,
1192 1912 1258 1934 nee
1296 1905 1372 1933 erat
1408 1901 1518 1944 quid-

81 1957 187 1992 quam
213 1945 303 1979 adeo
330 1945 520 1985 horribile,
545 1946 643 1991 quod
666 1946 722 1979 illi
748 1953 870 1980 contra
894 1948 1136 1981 cantacuzeni
1156 1948 1310 1991 partium
1337 1946 1517 1980 studiosos

81 1991 368 2025 reformidarent.
417 1992 626 2036 Complures
655 1994 740 2025 item
780 1998 928 2037 propter
959 1994 1113 2037 privatas
1153 1994 1413 2026 controversias
1446 1993 1517 2024 hoc

81 2038 202 2071 furore
224 2038 391 2082 populari
416 2039 461 2071 ad
486 2049 584 2071 suam
613 2038 809 2072 utilitatem
836 2039 939 2072 abusi
964 2046 1058 2072 sunt.
1106 2040 1178 2072 Alii
1204 2045 1408 2083 praeterea,
1435 2050 1516 2072 eum

83 2083 171 2127 ipsis
202 2084 355 2128 pecunia
382 2085 585 2125 deberetur,
608 2097 628 2118 a
651 2085 880 2118 debitoribus
908 2085 1215 2118 Cantacuzenismi
1242 2084 1522 2118 accusabantur.-

81 2130 138 2162 lta
162 2129 292 2163 seditio
321 2142 340 2162 a
369 2131 548 2174 principio
573 2132 693 2163 statim
717 2132 919 2175 perniciosa
944 2132 1095 2170 exstitit,
1140 2131 1225 2163 visa
1252 2137 1306 2164 est
1328 2136 1446 2163 autem
1473 2142 1515 2163 eo

79 2175 328 2219 perniciosior,
347 2176 444 2221 quod
469 2176 566 2220 apud
595 2188 657 2210 eos
679 2179 835 2221 primum
863 2177 956 2210 facta
990 2183 1101 2210 esset:
1129 2187 1209 2209 nam
1235 2182 1359 2221 postea
1385 2187 1516 2209 nomen

82 2226 199 2254 totum
242 2223 436 2255 Romanum
468 2223 513 2256 ad
547 2224 731 2256 saevitiam
766 2224 880 2256 multo
922 2225 1165 2256 immaniorem
1203 2233 1410 2256 conversum
1449 2228 1516 2262 est,

82 2279 159 2300 cum
183 2266 318 2312 ubique
343 2268 467 2313 populi
493 2280 616 2302 omnes
638 2269 887 2314 Palaeologum
907 2270 979 2303 sibi
1004 2269 1189 2302 dominum
1214 2247 1516 2312 promulgandum²

81 2319 293 2354 censerent,
335 2315 573 2357 optimatibus
612 2315 672 2350 vel
707 2315 843 2350 sincere
876 2327 895 2347 a
932 2315 1179 2348 Cantacuzeno
1213 2315 1414 2353 stantibus,
1456 2313 1516 2347 vel

82 2359 270 2404 egentibus
296 2364 333 2392 et
357 2370 472 2393 rerum
498 2371 669 2394 novarum
693 2361 864 2395 studiosis
891 2361 985 2394 idem
1014 2362 1170 2394 criminis
1202 2361 1301 2399 loco,
1325 2359 1389 2393 sed
1413 2360 1514 2393 nulla

80 2405 297 2483 probatione
322 2405 394 2438 illis
429 2406 707 2442 obiectantibus.
774 2408 962 2441 Facillime
999 2419 1104 2452 porro
1135 2406 1418 2446 invadebantur,
1447 2407 1514 2450 qui

112 2451 270 2484 abebant
292 2453 485 2505 pecunias,
509 2464 598 2498 quas
634 2455 868 2498 pauperiores
906 2453 1123 2497 diriperent,
1161 2457 1197 2485 et
1229 2452 1405 2485 nolebant
1433 2462 1515 2484 cum

84 2496 166 2530 aliis
209 2498 364 2542 turpiter
400 2508 438 2531 se
475 2509 607 2543 gerere.
653 2497 758 2534 Plebs
784 2511 930 2552 quoque
956 2501 1065 2532 etiam
1090 2503 1173 2532 ante
1198 2498 1431 2547 optimatibus
1455 2498 1513 2530 in-

85 2543 185 2576 fensa
217 2548 295 2576 erat
333 2554 400 2582 eo,
441 2544 540 2588 quod
575 2550 734 2590 tempore
770 2546 868 2590 pacis
904 2545 1057 2589 praedae
1095 2545 1181 2588 ipsis
1216 2554 1257 2576 ac
1280 2544 1510 2588 populationi

86 2594 188 2622 esset.
236 2589 282 2622 Et
304 2599 381 2622 cum
406 2600 486 2634 spes
510 2590 793 2634 diripiendorum
817 2592 1019 2630 bonorum,
1051 2602 1117 2623 nec
1148 2591 1378 2634 exiguorum,
1412 2600 1511 2623 acce·

85 2634 198 2674 deret,
215 2646 234 2667 a
262 2635 418 2668 tumultu
445 2635 697 2680 seditioneque
719 2637 819 2671 haud
844 2636 1105 2670 abhorrebant.
1130 2642 1238 2681 atque
1265 2647 1307 2669 ex
1331 2636 1511 2669 levissima

85 2681 272 2714 occasione
300 2680 483 2714 audebant
503 2683 732 2717 atrocissima.
781 2683 1008 2717 seditionum
1034 2687 1195 2716 auctores
1219 2682 1384 2726 plerique
1409 2687 1511 2714 erant

88 2731 246 2770 egestate
270 2727 425 2770 perditi,
458 2729 679 2772 perfossores
702 2729 899 2774 parietum:
928 2734 965 2762 et
989 2739 1068 2760 cum
1092 2728 1160 2772 ipsi
1182 2729 1415 2761 :uendit-iiam
1449 2738 1510 2759 co·

87 2772 186 2811 acti,
212 2772 350 2805 nullum
377 2773 514 2807 malum
538 2774 676 2810 facinus
700 2775 966 2816 detrectarent,
1002 2775 1126 2820 vulgus
1162 2773 1209 2808 ad
1235 2774 1370 2808 similia
1403 2772 1511 2807 indu-

136 2838 404 2875 camacuzenus
427 2841 474 2875 II.
1210 2853 1250 2875 η
