1806 3152
257 159 372 214 606
793 174 1160 220 CANTACUZENJ

62 282 245 329 A.C.1347
263 279 313 321 οὖ
351 266 606 320 παντάπασιΙ
635 277 715 318 τῶν
754 275 932 318 ἐλπίδων
971 273 1177 331 ἇπογνοὺς
1227 275 1379 333 ἐχώρει
1417 276 1487 319 ἐπὶ
1526 276 1572 319 τὸ
1606 279 1692 318 Βυ-

259 343 421 395 ζάντιον
447 340 606 391 νυκτός.
633 340 670 383 οἱ
691 339 955 395 προδιδόντες
985 344 1029 384 δὲ
1061 341 1134 383 καὶ
1163 343 1288 384 αὐτοὶ
1313 343 1395 384 ὑπό
1425 358 1532 390 τινος
1561 340 1689 396 οἶνάγ-

255 425 328 464 κης
367 407 624 456 κωλυθέντες
665 413 749 456 τοῖς
778 410 958 462 τείχεσιν
987 410 1211 463 ἐπιχειρεῖν
1237 408 1342 450 κατὰ
1364 407 1441 464 τὴν
1459 407 1689 463 προθεσμί-

256 490 331 527 αν,
369 475 428 522 εἰς
461 471 535 527 τήν
564 471 800 528 ὑστεραίαν,
828 476 922 515 καθ’
945 472 996 530 ἢν
1026 476 1068 515 έν
1095 476 1321 526 βασιλείοις
1349 475 1374 529 ἢ
1403 472 1509 516 κατὰ
1541 489 1690 527 πατρι-

122 543 162 578 V.
177 539 390 596 554άρχου
436 536 609 587 σύνοδος
647 545 954 593 συνεκροτεῖτο,
995 539 1220 594 διώρυττον
1259 538 1332 595 τὴν
1367 541 1528 594 χρυσῆν
1554 530 1712 593 πύλην5

255 601 525 654 συνελθόντες
568 606 613 646 ἐν
655 606 783 660 πολλῇ
812 605 976 661 ταραχῇ
1003 604 1075 647 καί
1090 602 1201 662 σάλῳ
1220 598 1331 654 ὄντες
1348 607 1420 647 καί
1439 606 1574 647 αὐτοί.
1598 606 1688 646 ἐδε-

255 672 398 713 δίεσαν
414 670 493 726 γάρ
510 704 521 723 ,
537 669 595 724 μὴ
625 672 678 727 τῇ
709 672 1030 728 προγεγενημένῃ
1058 671 1174 712 νυκτὶ
1193 668 1330 712 ἐλθών
1351 668 1372 711 ὃ
1399 668 1601 724 βασιλεύς
1620 670 1692 711 καὶ

252 739 336 780 τῶν
375 738 704 789 συντεθειμένων
738 737 980 789 ἠνυσμένων
1019 733 1206 791 εὑρηκώς
1237 737 1397 791 μηδὲν,
1446 731 1575 784 αὕτὸς
1610 737 1690 788 μὲν

256 798 386 852 αὖθις
415 801 702 856 ἀνεχώρησεν,
732 800 855 843 αὐτοὶ
879 802 925 843 δὲ
951 797 1194 858 ὖφ“ἓαυτῶν
1219 800 1593 857 καταπροδοθέντες
1624 802 1690 842 δι-

217 869 525 923 Βαφθαρῶσιν.
564 862 678 918 ὅμως
707 866 800 908 οὔδ’
818 866 944 908 αὐτοὶ
968 866 1044 915 τὰς
1072 869 1148 908 τοῦ
1165 866 1376 918 σώζεσθαι
1397 868 1570 915 ἐλπίδας
1587 862 1743 908 ἄπο-10

252 931 411 987 γνόντες
451 933 678 987 διώρυττον
713 930 787 988 τὴν
823 930 984 987 πύλην·
1019 926 1128 987 ἦσαν
1146 931 1224 987 γάρ
1255 931 1449 988 σύστημα
1469 933 1543 974 οὐκ
1572 933 1690 986 α’γεν-

252 1001 321 1048 νὲς
347 1000 394 1040 ἐκ
435 999 571 1048 πεζῶν
600 1012 643 1040 τε
670 998 742 1039 καί
765 997 944 1050 ἱππέων,
990 998 1063 1039 καί
1093 995 1309 1054 ἐθάρ’ῥουν
1338 999 1483 1054 σφίσιν
1509 994 1687 1047 ἑαυτοῖς,

254 1063 312 1114 ῶς
340 1063 644 1117 ἀμυνουμένοις
653 1097 666 1116 ,
706 1059 758 1105 ἄν
784 1079 846 1112 τις
876 1065 985 1121 ἐπίῃ.
1041 1057 1119 1105 κᾶν
1164 1063 1426 1118 διορύξαντες
1452 1062 1510 1118 μή
1533 1060 1691 1119 εὕρωσι

254 1129 440 1184 παρόντα
478 1127 552 1170 τὸν
580 1131 779 1183 βασιλέα,
818 1127 924 1184 πρὸς
962 1127 1092 1171 αὐτόν
1128 1129 1376 1184 α’ποχωρεῖν.
1430 1129 1577 1171 ἐκεῖνοι
1613 1129 1691 1181 μὲν

255 1191 330 1237 οὖν
357 1194 528 1250 τοιαύτῃ
561 1196 701 1251 γνώμῃ
735 1192 973 1250 διώρυττον.
1030 1195 1056 1250 ἢ
1086 1196 1132 1235 δὲ
1158 1196 1202 1236 ἐν
1227 1197 1454 1247 βασιλείοις
1494 1193 1665 1242 σύνοδος
1675 1188 1742 1246 ,¹5

253 1260 348 1303 ἐπεὶ
373 1261 418 1302 ἐκ
446 1263 607 1302 πολλῶν
628 1257 846 1301 οἷπεδείκνυ
864 1259 1129 1316 πατριάρχην
1147 1256 1275 1300 αὐτόν
1304 1274 1347 1301 τε
1375 1261 1474 1315 περὶ
1500 1257 1548 1301 ‘td
1579 1257 1690 1314 ὄρθά

253 1328 324 1380 τῆς
368 1326 583 1380 ἐκκλησίας
623 1323 808 1379 δόγματα
838 1323 983 1379 ἔχοντα
1014 1325 1094 1378 οὐχ
1122 1323 1251 1378 ὑγιῶς
1298 1322 1372 1364 καί
1412 1322 1506 1372 τοὺς
1538 1319 1691 1372 ἄλλους

255 1388 538 1445 ἀναγκάζοντα
582 1391 722 1447 ἐκείνῳ
763 1395 1047 1446 συμφρονεῖν,
1103 1387 1244 1445 γνώμῃ
1287 1389 1403 1444 κοινῇ
1446 1390 1691 1443 καθαίρεσιν

215 1457 386 1503 canito&
416 1456 787 1510 καταψηφίζονται.
828 1457 884 1496 δι’
905 1451 933 1495 ἃ
960 1453 1010 1509 δὴ
1043 1456 1115 1496 καί
1139 1452 1320 1507 μάλιστα
1350 1452 1488 1504 ἔδοξεν
1515 1449 1689 1508 ὕστερον

251 1522 448 1574 βασιλεύς
490 1536 534 1561 τε
577 1521 649 1560 καί
686 1518 726 1560 οἱ
764 1517 1014 1573 πράττοντες
1037 1517 1114 1574 τήν
1155 1516 1311 1560 ἅλωσιν
1338 1522 1553 1560 συνελθεῖν
1585 1516 1745 1559 zardan

250 1586 327 1640 τὴν
371 1585 632 1639 προθεσμίαν
667 1585 908 1638 κωλυθῆναι
926 1617 936 1634 ,
982 1584 1049 1625 ἵνα
1080 1583 1139 1638 μὴ
1168 1586 1438 1638 μνησικακῶν
1466 1582 1594 1633 αὕτὸς
1622 1584 1690 1624 δο-

252 1652 342 1706 κοίη
389 1652 470 1692 τῶν
509 1648 673 1704 θρόνων
709 1651 951 1703 καθαιρεῖν·
995 1644 1292 1703 ἆλλίἰκριβῶς
1329 1648 1393 1703 εἴη
1429 1651 1510 1690 τῶν
1549 1649 1691 1702 ὀρθῶν

252 1713 465 1771 δογμάτων
491 1717 567 1770 τῆς
595 1715 853 1770 διαστροφῆς
882 1711 1052 1768 εὖθύνη.
1072 1713 1111 1754 οἱ
1138 1716 1217 1766 μὲν
1244 1710 1321 1756 οὖν
1349 1710 1571 1769 ἀρχιερεῖς,
1598 1713 1692 1756 ἐπεὶ

250 1784 381 1824 ταῦτα
408 1779 616 1836 ἔπραξαν,
656 1781 728 1822 καί
755 1780 836 1822 τῶν
864 1776 1055 1822 ἀπόντων
1075 1778 1154 1824 ,διὰ
1196 1779 1243 1821 τὸ
1274 1777 1584 1826 ὑποπτεύεσθαι
1611 1774 1689 1834 029-

345 1884 377 1917 7.
403 1871 665 1918 προγενομένῃ
696 1870 731 1904 P.

252 1957 317 1991 ilio
353 1955 413 1989 die
449 1954 644 1996 retardati,
677 1954 737 1988 die
776 1955 910 1995 altero,
944 1965 1015 1999 quo
1047 1956 1086 1988 in
1125 1954 1261 1999 palatio
1295 1958 1419 1988 contra
1445 1953 1686 1999 patriarcham

252 2007 451 2038 conventus
480 2002 666 2048 agebatur,
690 2003 946 2034 convenientes
983 2006 1121 2046 portam
1147 2012 1290 2035 auream
1324 2012 1404 2034 cum
1440 1999 1685 2044 trepidatione

251 2054 288 2083 et
312 2049 419 2083 anxia
445 2059 527 2082 cura
552 2049 732 2093 aperiunt.
787 2048 984 2081 Timebant
1004 2048 1206 2094 siquidem,
1238 2059 1284 2080 ne
1311 2046 1549 2091 praecedente
1580 2050 1686 2080 nocte

250 2098 398 2130 veniens
425 2097 622 2140 imperator
658 2101 695 2128 et
738 2106 781 2129 ex
805 2095 919 2139 pactis
946 2094 1039 2127 nihil
1070 2094 1154 2127 dum
1179 2095 1314 2127 factum
1343 2093 1547 2133 inveniens,
1571 2094 1687 2127 recca&

250 2144 372 2182 sisset,
408 2142 552 2187 ipsique
590 2140 727 2186 proditi
774 2142 852 2174 eius
887 2151 992 2174 causa
1027 2142 1107 2175 neci
1151 2139 1380 2176 dederentur.
1452 2140 1591 2173 Tamen
1617 2150 1685 2173 nec

249 2190 319 2233 ipsi
343 2190 496 2222 salutem
523 2189 561 2221 in
584 2187 782 2232 desperatis
813 2187 984 2221 ducentes
1018 2193 1154 2231 portam
1179 2190 1438 2231 perrumpunt:
1483 2191 1560 2219 erat
1587 2185 1684 2219 enim

249 2236 414 2279 peditum
442 2236 680 2280 equitumque
706 2234 804 2267 haud
829 2233 1133 2267 contemnendum
1158 2243 1286 2276 agmen
1302 2257 1311 2272 ,
1335 2238 1372 2265 et
1395 2234 1424 2265 si
1450 2243 1522 2278 qua
1540 2230 1598 2266 'vis
1623 2233 1683 2265 in-

249 2287 412 2325 grueret,
450 2293 487 2314 se
524 2281 720 2314 defendere
754 2281 855 2312 illam
886 2291 991 2324 posse
1030 2278 1271 2313 confidebant.
1330 2277 1367 2310 Si
1393 2279 1552 2324 perfossa
1579 2279 1682 2323 porte

248 2329 500 2372 imperatorem
525 2339 599 2361 non
624 2326 849 2366 invenirent,
879 2326 924 2358 ad
953 2337 1032 2359 eum
1058 2324 1159 2358 abire
1185 2325 1404 2359 statuebant.
1462 2326 1537 2359 Hac
1563 2326 1683 2359 mente

248 2384 337 2417 opus
362 2376 560 2418 inceptant.
610 2372 773 2417 Synodus
800 2378 919 2406 autem
947 2373 985 2405 in
1022 2371 1178 2416 palati0‚
1211 2375 1400 2416 postquam
1436 2370 1580 2416 copiose
1616 2371 1682 2404 do-

248 2422 345 2461 cuit,
378 2420 618 2465 patriarcham
654 2421 771 2463 ipsum
815 2420 852 2451 in
885 2418 1060 2463 germanis
1096 2419 1266 2450 ccclesiae
1303 2418 1478 2463 dogmatis
1516 2416 1681 2462 desipere

249 2472 286 2499 et
325 2468 413 2499 alios
445 2467 491 2500 ad
526 2467 596 2500 sibi
623 2465 897 2499 'assentiendum
930 2475 1073 2508 cogere,
1115 2463 1354 2498 concordibus
1381 2475 1462 2498 eum
1489 2463 1680 2498 sententiis

249 2514 505 2551 exauctoravit,
553 2513 670 2557 Quam
697 2511 744 2544 ob
774 2515 916 2544 causam
947 2512 1103 2544 maxime
1137 2510 1391 2555 imperatorem
1429 2516 1466 2544 et
1498 2510 1562 2556 qui
1597 2507 1679 2544 urbi

248 2559 292 2592 ab
318 2570 360 2592 eo
386 2560 581 2603 capiendae
622 2558 818 2592 studebant
862 2557 921 2591 die
949 2557 1163 2603 praestituto
1191 2558 1382 2590 convenire
1411 2557 1521 2590 fuisse
1553 2556 1680 2604 prohi-

248 2605 365 2645 bitos,
391 2612 516 2648 postea
543 2605 741 2639 iudicatum
768 2609 841 2638 est:
882 2614 928 2637 ne
962 2603 1101 2638 scilicet
1137 2605 1330 2647 imperator
1364 2603 1578 2637 iniuriarum
1603 2603 1680 2636 me?

248 2663 326 2685 mor
368 2651 412 2684 de
449 2652 578 2684 throno
628 2652 731 2684 illum
765 2650 973 2684 deturbasse
1007 2650 1209 2685 videretur:
1250 2650 1312 2682 sed
1349 2654 1388 2683 ut
1419 2661 1499 2683 eum
1533 2654 1680 2696 propter

250 2698 484 2732 adulteratam
510 2697 694 2731 doetrinae
709 2697 895 2731 veritatem
921 2697 981 2730 has
1006 2704 1140 2741 poenas
1165 2695 1324 2741 pendere
1345 2707 1466 2730 omues
1492 2698 1678 2742 perspicue

251 2745 508 2790 intelligerent,
556 2744 725 2790 Episcopi
754 2755 834 2778 cum
863 2744 1038 2790 suffragiis
1066 2744 1219 2778 afiorum
1245 2744 1510 2788 episcoporum,
1538 2743 1612 2789 qui,
1642 2746 1680 2774 ut
