1800 3132
524 193 900 238 msTomARUM
941 194 1014 234 111.
1043 195 1112 239 53.
1439 170 1473 225 3
1488 190 1505 224 1
1519 169 1549 224 5

107 298 414 347 ἐκεινους.κατ’
452 297 559 349 ἐμοῦ
597 285 820 348 γενέσθαι,
860 291 933 342 οὒς
960 286 1010 333 εὖ
1038 292 1167 333 ποιῶν
1198 291 1275 331 οῦκ
1302 289 1742 345 ἐπαυσάμηνΑ.Ο.ι34α

107 367 153 407 ἐν
196 365 333 408 πᾶσιν.
406 362 447 404 εἷ
484 363 530 404 δὲ
566 361 638 402 καί
664 358 735 401 ὑπ’
762 355 902 401 αὐτῶν
929 356 1088 400 τούτων
1114 358 1274 410 μᾶλλον
1300 355 1423 412 ἡμεῖς
1450 351 1551 410 ἇνή-

107 445 233 471 κεστα
251 426 547 480 ἑπεπόνθειμεν
563 427 635 468 καί
660 424 712 467 τὰ
743 421 959 467 δεινότατα
975 457 987 477 ,
1017 424 1102 479 φεῦ
1111 455 1124 474 ,
1146 422 1550 478 σεσυκοφαντήμεθα

108 496 182 537 καί
205 491 544 548 διαβεβλήμεθα,
569 494 618 534 τί
638 489 721 546 χρὴ
749 491 821 531 καί
850 491 1005 543 λέγειν,-
1034 489 1126 530 οἷλλ’
1153 489 1298 543 ἐχρῆν,
1327 481 1396 541 ἄρ’
1422 487 1592 541 ἑχρῆνρ

82 560 401 616 5κατειληφὲναι
439 555 599 607 πάντας
630 557 826 605 οἷπλανῶς
852 556 927 597 καὶ
951 557 995 603 ἐς
1021 549 1236 609 προῦπτον
1262 555 1455 605 κεῖσθαι,
1497 553 1556 601 ὥς

108 626 231 667 οὐδὲν
270 624 464 678 μόνιμον,
496 624 596 665 mm&
634 625 818 676 βέβαιον.
864 622 923 678 τῷ
949 622 1090 673 μέντοι
1118 618 1200 675 πρὸ
1233 618 1352 674 ἡμῶν
1381 617 1554 675 δεσπότῃ

107 705 152 732 τε
181 691 253 732 καί
291 693 462 743 βασιλεῖ’
505 692 565 746 τῷ
590 686 798 744 θειοτάτῳ
826 685 900 728 καί
924 687 1099 742 γενναίῳ
1126 700 1199 738 μοι
1228 684 1398 742 ἀδελφῷ
1424 681 1554 725 πάλαι

105 752 157 797 τὰ
172 755 334 809 μέγιστ’
345 755 603 812 ἀδικουμένῳ
632 753 707 795 καί
731 750 1023 804 κινδυνεύοντι,
1055 752 1310 807 (παροπτέον
1336 750 1383 791 δὲ
1403 747 1454 790 τὰ
1476 750 1553 790 νῦν

110 822 256 877 φειδοῖ
265 822 346 862 τῶν
362 819 630 871 α’δικούντων,
651 817 760 873 πλήν
790 816 953 871 τούτου,
982 817 1092 858 πάνυ
1111 816 1371 868 θαυμαστῶν
1391 810 1551 869 ἔντασις)

60 887 404 940 ιοπροστεθέντες
434 885 552 940 ἡμεῖς
588 885 664 926 καί
697 882 832 926 πάντα
860 884 938 935 μὲν
964 885 1066 936 παρ’
1094 881 1215 922 οῦδὲν
1241 882 1423 934 θέμενοι,
1452 896 1554 934 συγ-

106 951 372 992 κινδυνεῧσαι
399 952 439 992 δ’
465 951 604 1007 ἐκείνῳ
631 950 770 997 καλῶς
796 945 986 1000 ἑλόμενοι
1015 947 1090 988 καί
1114 948 1282 1001 μυρίοις
1314 945 1421 1000 ὑπὲρ
1449 943 1556 986 ἐκεί-

106 1031 181 1058 νου
210 1016 539 1068 συμπιεσθέντες
581 1016 757 1067 δεινοῖς,
802 1016 946 1070 φιλίας
987 1008 1072 1070 ὅρῳ
1105 1013 1178 1054 καί
1209 1009 1350 1065 νόμοις
1387 1011 1552 1053 δικαίου
1563 1021 1679 1067 V.421

102 1081 259 1135 χρέους
301 1077 564 1134 πειθόμενοι,
616 1081 908 1135 περιγενέσθαι
949 1079 1150 1132 λαμπρῶς
1183 1080 1268 1119 τῶν
1299 1074 1555 1119 ἀδικούντων

105 1146 270 1187 τουτονί
310 1145 596 1200 πεποιήκαμεν
624 1146 730 1186 θεοῦ
748 1178 761 1197 ,
791 1143 990 1198 τυχόντες
1026 1145 1140 1185 ἵλεω.
1197 1141 1272 1184 καί
1298 1138 1403 1197 ἦμεν
1431 1137 1562 1192 αὖθις

61 1212 156 1255 ιόἐν
183 1209 308 1252 παντί
331 1209 410 1269 βίῳ
439 1213 518 1252 τοῦ
545 1211 622 1267 ζῇν
648 1211 722 1252 καί
746 1207 987 1264 βασιλεύειν
1014 1210 1170 1251 ἐκεῖνον
1187 1207 1412 1264 κηδόμενοί
1423 1224 1466 1250 τε
1487 1207 1597 1254 καίι)

105 1277 203 1330 περὶ
229 1277 426 1318 πλείστου
458 1273 723 1329 ποιούμενοι,
755 1275 812 1325 ὥς
839 1273 959 1318 ἴσασι
982 1277 1116 1318 ταῦτα
1144 1276 1309 1328 πάντες,
1338 1273 1412 1316 καὶ
1436 1273 1557 1328 ἡμῶν

105 1339 150 1387 τό
180 1343 300 1398 σιγᾷν
328 1339 602 1396 αἱρουμένων.
667 1339 748 1396 ἐγώ
785 1342 864 1394 μὲν
892 1337 968 1383 οὖν
985 1373 998 1394 ,
1027 1337 1085 1389 ὥς
1112 1339 1185 1382 καί
1210 1339 1449 1388 πλειστάκις
1476 1339 1556 1381 αυ’-

105 1411 189 1456 τοῖς
226 1404 360 1461 ἔργοις
391 1407 688 1462 ἐπεδειξάμην,
725 1405 807 1448 ὕπὸ
834 1409 923 1465 θεῷ
949 1405 1025 1448 καί
1048 1404 1101 1448 τὰ
1132 1408 1211 1448 νῦν
1241 1403 1558 1460 διισχυρίζομαι

105 1472 318 1526 μάρτυρι,
348 1469 404 1519 ὥς
430 1471 551 1527 ῥᾷστ’
579 1469 633 1513 ἂν
660 1471 735 1514 καὶ
757 1470 840 1514 σύν
867 1472 976 1528 εὐχῇ
1001 1470 1079 1526 τήν
1106 1469 1210 1526 ἐμὴν
1237 1469 1452 1524 α’πεδόμην
1475 1471 1558 1520 ζω-

52 1556 105 1584 20
118 1533 194 1589 ἦν,
234 1534 318 1590 εἴγε
356 1537 451 1586 ἐξὸν
486 1531 538 1591 ἦν
581 1537 735 1578 ἐκεῖνον
763 1537 840 1577 οὒκ
871 1538 915 1586 ἐς
941 1535 1049 1593 ᾅδου
1077 1538 1200 1578 ἰέναι.
1254 1537 1347 1577 ἐπεὶ
1374 1537 1421 1577 δὲ
1447 1537 1558 1577 τοῦτ’

104 1599 336 1655 ἐβουλόμην
359 1602 437 1654 μὲν
464 1602 538 1643 καί
585 1598 684 1643 ὅσον
710 1599 758 1643 τὸ
790 1602 864 1660 ab&
893 1603 1085 1653 ἐμαυτοῦ
1104 1597 1217 1654 εἶχον
1233 1602 1279 1641 ἐκ
1300 1602 1378 1642 τοῦ
1394 1597 1556 1656 ῥᾴστου

107 1667 387 1720 πεποιηκέναι,
413 1667 471 1723 τῷ
499 1667 586 1723 θεῷ
617 1668 657 1707 δ’
685 1662 797 1708 οὕτω
824 1667 1009 1721 κέκριται
1040 1665 1112 1707 καὶ
1136 1666 1359 1720 τέθνηκεν,
1399 1663 1456 1714 ὦς
1493 1663 1554 1719 μὴ

104 1724 256 1786 ὤφελε,
283 1731 375 1784 βίον
402 1730 706 1785 ἆβιὼτον”ἑμοί
729 1730 1060 1783 καταλελοιπώς,
1097 1732 1171 1773 τοῦ
1209 1732 1284 1788 ζῇν
1307 1732 1384 1773 καί
1408 1725 1599 1787 ἅρχεινΡ.
1617 1737 1684 1782 524

104 1851 367 1897 quadamtenus
390 1853 639 1893 minuetur-us,
666 1854 720 1886 sic
749 1854 847 1899 ipsos
875 1865 949 1888 non
976 1853 1084 1888 aliter
1107 1853 1263 1887 facturos
1290 1853 1552 1887 existimabam.

104 1898 266 1932 Fatenda
300 1899 454 1939 veritas,
491 1898 743 1933 difficillimum
774 1900 938 1940 credidi,
972 1905 1014 1933 ut
1043 1900 1099 1933 illi
1132 1899 1224 1933 mihi
1255 1900 1553 1941 adversarentur,

104 1945 238 1990 quibus
267 1944 519 1990 undecumque
544 1947 760 1980 benefacere
793 1958 866 1981 non
890 1947 1038 1980 cessavi.
1087 1947 1127 1980 Si
1151 1951 1272 1979 autem
1307 1946 1352 1979 ab
1376 1946 1434 1980 his
1463 1947 1552 1990 ipsis

103 1993 227 2036 potius
251 1991 401 2026 infanda
429 1993 526 2037 passi
549 1998 608 2032 et,
633 2005 700 2038 pro
728 1993 852 2033 dolor,
877 1993 1066 2026 calumniis
1093 1992 1411 2026 vehementissime
1436 2004 1555 2037 oppu-

105 2039 202 2082 gnati
231 2049 374 2079 sumus,
407 2038 498 2083 quid
533 2039 670 2073 attinet
693 2040 796 2083 plura
823 2038 969 2073 dicere?
1006 2039 1076 2073 Sed
1104 2037 1314 2083 oportebat,
1341 2039 1555 2083 oportebat,

104 2085 274 2129 iuquam,
299 2096 422 2118 omnes
447 2095 663 2130 vcognoscere
686 2092 723 2120 et
746 2092 830 2120 ante
855 2086 978 2119 oculos
1006 2097 1164 2130 ponere,
1192 2085 1287 2118 nihil
1312 2097 1388 2119 esse
1411 2087 1554 2120 firmum

106 2141 148 2162 ac
170 2141 394 2174 permanens.
443 2131 518 2176 Qui
542 2138 663 2166 autem
691 2143 757 2166 nos
782 2135 980 2167 antecessit
1007 2132 1174 2166 dominus
1201 2143 1243 2165 ac
1273 2132 1468 2177 imperator
1492 2131 1554 2165 ‹li-

105 2177 311 2210 vinissimus
337 2183 374 2211 et
396 2186 588 2221 generosus
613 2178 709 2213 mihi
733 2180 861 2219 frater,
903 2182 937 2213 ei
973 2181 1059 2212 olim
1091 2179 1367 2212 iniuriosissime
1398 2183 1552 2212 tractato

107 2223 207 2256 etin
233 2224 400 2267 periculis
430 2226 586 2258 versanti
619 2225 939 2270 (dissimulandum
981 2232 1019 2259 et
1054 2225 1273 2270 parcendum
1309 2226 1348 2258 in
1380 2236 1551 2270 praesens

106 2269 173 2308 iis,
202 2270 264 2314 qui
291 2270 462 2303 iniuriam
485 2271 714 2313 intulerunt,
746 2274 819 2306 nisi
854 2272 944 2313 hoc,
979 2273 1079 2318 quod
1116 2272 1352 2305 illustrissimi
1383 2272 1556 2318 fuerunt)

105 2326 170 2348 nos
195 2315 351 2356 sociati,
388 2315 466 2349 eius
491 2328 595 2351 causa
630 2318 755 2352 omnia
793 2319 1094 2363 contempsimus,
1132 2325 1169 2351 et
1203 2329 1280 2350 cum
1312 2329 1354 2352 eo
1391 2319 1551 2362 pericula

103 2361 265 2395 libenter
289 2363 506 2404 subeuntes,
534 2365 712 2410 milleque
736 2366 841 2398 malis
867 2370 1014 2410 propter
1037 2366 1141 2398 illum
1167 2365 1315 2398 exerciti
1331 2390 1341 2405 ,
1369 2365 1549 2399 amicitiae

104 2419 146 2440 ac
169 2410 286 2441 iustae
311 2409 534 2443 necessitatis
558 2412 701 2455 legibus
729 2412 869 2445 inducti
894 2413 1096 2451 effecimus,
1137 2413 1252 2444 Deum
1277 2412 1396 2445 sortiti
1421 2413 1548 2456 propi-

106 2454 223 2493 tium,
261 2461 302 2488 ut
324 2455 354 2488 is
378 2461 624 2500 persecutores
650 2470 735 2492 suos
770 2458 953 2504 praeclare
991 2465 1186 2502 superaret.
1237 2459 1282 2490 Et
1314 2469 1450 2492 eramus
1482 2471 1553 2504 po-

105 2505 181 2534 stea
207 2500 245 2533 in
268 2502 364 2534 omni
393 2502 474 2535 eius
502 2503 574 2536 vita
599 2505 753 2538 solliciti
777 2506 1000 2552 maximique
1022 2505 1206 2538 cuiusdam
1227 2505 1315 2538 boni
1340 2506 1419 2538 loco
1447 2513 1549 2549 opta·

105 2547 254 2588 bamus,
294 2553 336 2580 ut
366 2548 428 2581 ille
460 2549 596 2583 viveret
632 2556 673 2584 et:
696 2552 909 2596 imperaret:
948 2551 986 2583 id
1009 2551 1106 2595 quod
1133 2552 1190 2584 vel
1214 2551 1418 2584 tacentibus
1440 2553 1547 2585 nobis

104 2604 212 2627 nemo
234 2606 307 2627 non
338 2597 448 2628 novit.
498 2595 570 2638 Ego
596 2597 730 2641 igitur,
763 2598 993 2642 quod⁴factis
1019 2599 1106 2641 ipsis
1132 2598 1340 2642 saepissime
1362 2609 1449 2643 prae
1487 2610 1544 2632 me

106 2640 195 2679 tuli,
216 2651 312 2674 nunc
338 2652 485 2686 quoque
512 2642 587 2676 Deo
615 2649 708 2676 teste
732 2644 887 2678 affirmo:
915 2645 944 2677 si
972 2645 1049 2677 fieri
1074 2645 1271 2688 potuisset,
1307 2649 1347 2677 ut
1378 2645 1441 2677 ille
1474 2658 1547 2679 nou

103 2691 324 2727 moreretur,
349 2699 405 2721 me
430 2688 660 2732 cupidissime
682 2701 750 2735 pro
777 2702 819 2724 eo
845 2692 1056 2723 moriturum
1092 2691 1216 2728 fuisse,
1263 2690 1444 2735 Quoniam
1481 2703 1549 2723 au-

106 2737 179 2765 tem
204 2743 268 2778 ego
302 2735 395 2766 istuc
420 2735 540 2775 volui,
572 2742 610 2770 et
634 2737 734 2781 quod
763 2734 808 2769 ad
846 2749 901 2770 me
925 2737 1077 2774 attinet,
1107 2737 1278 2771 facillime
1304 2740 1430 2782 potui,
1470 2740 1547 2771 Deo

106 2784 228 2815 tamen
251 2780 360 2816 aliter
383 2781 497 2815 visum
518 2787 594 2824 est,
635 2790 671 2818 et
695 2785 758 2817 illc
786 2784 911 2817 obiens
946 2783 1059 2830 (quod
1085 2784 1219 2818 utinam
1246 2787 1463 2830 superesset)
1497 2786 1549 2818 vi-
