1800 3132
519 173 892 217 HISTORIARUM
932 175 1005 213 ιιι.
1047 176 1088 219 8.
1433 147 1512 222 59

83 275 302 334 τρικιώτης
340 276 606 332 προσελθών,
650 275 779 318 πολὺν
815 274 865 331 δή
902 291 992 316 τινα
1027 272 1179 329 χρόνον
1205 270 1303 328 περὶ
1329 270 1703 326 ιῖπογρα-Δ.Ο,134ι

86 341 172 398 φὰς
205 338 483 397 ἧσχολημένος
519 340 591 382 καί
624 347 770 396 πεῖραν
805 339 849 382 ἐν
875 345 959 389 τοῖς
984 338 1185 386 τοιούτοις
1209 334 1396 392 ἐσχηκώς
1412 339 1512 376 πολ-

84 406 173 463 λῆν,
201 408 414 462 ἀκηκοέναι
441 404 622 462 ἔφασκεν
663 403 791 448 αὐτὸν
837 405 992 453 πάντας
1028 406 1256 458 βούλεσθαι
1290 401 1395 456 πρὸς
1435 401 1514 450 τὰς

85 471 301 527 στρατείας
337 467 677 528 ἀπροφασίστους
713 469 1044 526 παρασκευάζειν
1077 475 1167 518 ταῖς
1197 470 1241 511 ἐκ
1272 471 1355 511 τῶν
1383 469 1547 523 (ique-B

60 541 187 582 5σίων
214 537 560 591 ἅποτεταγμέναις
587 538 729 586 αὐτοῖς
758 535 976 591 προσόδοις
1002 534 1053 577 τοὶ
1074 537 1311 578 ἐλλείποντα
1332 534 1519 588 α’ναπλη-

84 605 170 658 ρῶν
207 598 232 658 ἢ
271 602 344 646 καί
374 603 627 658 προστιθείς.
681 601 731 644 τὰ
760 605 806 644 δὲ
834 603 1006 644 τοιαῦτα
1038 596 1136 643 οὔτε
1162 601 1347 655 βέλτιον,
1380 595 1518 653 ὥσπερ

84 665 135 711 ἂν
159 670 287 724 εἰδείη
312 669 386 710 καί
409 667 534 718 αὐτὸς
547 702 560 722 ,
589 664 685 710 οὔτε
710 666 797 722 μὴν
823 670 910 722 μετ’
941 668 1158 722 ἐμπειρίας
1184 666 1369 714 πλείονος
1389 661 1519 722 ἑτέρῳ

82 737 165 777 τινί
199 735 282 776 ταῖν
318 734 481 777 πάντων
521 729 549 790 ἢ
587 734 698 791 αύτῷ
734 733 1028 790 ὑπηρετηθείη.
1110 730 1170 774 ὅτι
1209 733 1254 774 δὲ
1293 730 1351 786 μὴ
1391 745 1520 785 προσ-

84 801 275 856 κληθείς,
329 802 418 841 ἀλλ’
462 797 591 850 αύτὸς
635 798 835 856 πρότερος
884 797 1154 855 προσελθών,
1209 799 1521 854 ἐγχειρισθῆναι

34 865 156 921 ιοτήν
185 863 431 922 α’πογραφὴν
456 865 615 921 ἀξιοίη,
661 866 710 906 οὐ
739 867 898 906 δίκαιον
928 864 1185 906 ὑποπτεύειν.
1241 863 1290 904 οὔ
1320 862 1398 917 γὰρ
1429 863 1520 903 ἐπι-

84 930 218 989 θυμία
241 931 415 986 κέρδους
439 934 609 985 μᾶλλον,
643 929 669 987 ἢ
697 933 772 974 τοῦ
798 928 1027 985 βούλεσθαι
1061 929 1173 987 αὐτῷ
1198 926 1303 985 πρὸς
1327 927 1380 970 τὰ
1405 925 1520 984 κοινῇ

84 999 358 1053 συναίρεσθαι
386 998 689 1050 λυσιτελοῦντα,
715 999 893 1039 τοιαῦτα
923 997 1197 1052 προελέσθαι,
1222 992 1407 1048 μάλιστα
1427 1009 1520 1034 ποι-

85 1064 243 1120 ουμένῳ
279 1062 378 1118 περί
412 1062 632 1117 πλείστου,
675 1061 748 1118 τήν
780 1062 1001 1115 Ῥωμαίων
1042 1060 1266 1116 ἡγεμονίαν
1292 1061 1422 1113 μείζω
1448 1059 1521 1100 καί

84 1127 441 1184 περιφανεστέραν
482 1124 785 1171 ἀποδεικνύναι.
864 1127 1012 1170 τούτου
1053 1128 1099 1169 δὲ
1128 1125 1339 1175 ἀπόδειξιν
1372 1127 1425 1166 ου’
1451 1124 1519 1166 λό-

36 1198 192 1248 ιόγοῖς,
234 1191 320 1234 ἀλλ’
362 1192 498 1249 ἔργοις
536 1194 816 1251 πειράσεσθαι
855 1195 1054 1250 παρέχειν
1082 1194 1245 1247 ἐναργῆ.
1301 1190 1410 1233 ἔτεσι
1437 1188 1554 1246 γὰρῦ

85 1255 165 1315 ἤδη
193 1258 266 1300 καί
289 1257 489 1315 πρότερόν
515 1276 624 1302 τισιν
656 1259 729 1302 οὐκ
758 1260 907 1314 ὀλίγοις
935 1258 1201 1315 ἤσχολημένῳ
1228 1257 1326 1312 περὶ
1350 1255 1404 1298 τὰ
1433 1271 1521 1297 τοι-

86 1326 210 1377 αῦτα,
230 1325 427 1379 χρήματα
454 1326 697 1381 ἠθροικέναι
728 1325 802 1367 οὔκ
821 1325 938 1380 ὄλίγα
965 1326 1164 1380 ἐξεγένετο
1178 1357 1191 1376 ,
1219 1325 1352 1365 καίτοι
1370 1338 1522 1378 πειρω-

85 1391 194 1448 μένῳ
215 1389 411 1444 μάλιστα,
431 1390 490 1446 μή
508 1394 650 1449 βιαίῳ,
668 1394 764 1447 μηδ’
791 1393 837 1434 ἐκ
863 1390 1016 1440 παντὸς
1036 1388 1192 1446 τρόπον
1217 1387 1458 1444 κερδαίνειν,
1473 1384 1523 1430 εἶ-

86 1471 169 1497 ναι.
234 1453 261 1497 ἃ
302 1454 352 1511 δὴ
393 1453 566 1512 ὕστερον
605 1459 680 1498 οὔκ
721 1456 787 1498 εἴα
825 1458 1017 1513 ἠρεμεῖν,
1058 1455 1164 1497 α’λλιὶ
1193 1454 1372 1504 πολλοὺς
1398 1455 1523 1496 ἐκίνει

34 1518 305 1574 ,ολογισμοὺς
341 1519 384 1562 έν
411 1523 463 1578 τῇ
497 1525 638 1578 ψυχῇ,
678 1521 737 1578 μὴ
778 1521 1062 1578 κατορύττειν,
1109 1522 1199 1562 ἄλλ’
1237 1522 1296 1570 εἰς
1332 1520 1522 1568 εὗποιΐας

88 1586 323 1628 ἀναλίσκειν
359 1590 480 1628 τινῶν
519 1582 772 1643 α’νθριόπων,
820 1588 878 1638 ὥς
899 1587 986 1639 ,διὰ
1020 1587 1167 1630 τούτου
1197 1589 1413 1644 δυναμένῳ
1442 1584 1522 1640 τὴν

87 1651 132 1692 ἐκ
170 1655 243 1706 τῆς
282 1651 492 1707 ἁμαρτίας
520 1653 823 1708 ἀποτρίβεσθαι
850 1655 1010 1708 κηλῖδα.
1068 1654 1143 1694 νῦν
1169 1654 1248 1705 μὲν
1281 1647 1355 1693 οὖν
1383 1648 1520 1692 ἐδόκει

89 1717 404 1774 φροντιστήριον
423 1720 469 1759 ἐκ
488 1717 647 1761 τούτων
676 1720 839 1774 ἀνδρῶν
870 1719 1098 1772 οἰκοδομεῖν
1124 1719 1181 1776 τῷ
1209 1718 1295 1773 θεῷ
1322 1715 1520 1767 καθάπαξ

158 1805 208 1850 14.
220 1805 419 1843 τούτωνΜ.
496 1808 549 1842 16.
562 1803 607 1840 τιὲ
623 1818 689 1841 om.
703 1808 740 1840 P.
810 1810 862 1844 18-
876 1810 1005 1852 βιαίως
1015 1808 1050 1841 Ρ.
1100 1797 1205 1844 ἐκτὸς
1229 1817 1294 1852 pro
1309 1805 1350 1840 ἐκ
1370 1806 1405 1841 Ρ.
1416 1810 1454 1840 et
1468 1803 1516 1838 Μ.

86 1903 150 1948 qui
188 1900 251 1934 diu
279 1900 435 1945 publicis
470 1901 734 1946 professionum
765 1901 900 1935 tabulis
928 1901 1158 1935 conficiendis
1191 1906 1394 1942 vacaverat,
1423 1900 1519 1934 mul-

85 1955 230 1994 tamque
262 1947 301 1981 in
334 1958 376 1981 eo
406 1958 552 1981 munere
587 1949 844 1993 experientiam
876 1953 1087 1981 consecutus
1117 1952 1213 1987 erat,
1252 1947 1445 1987 accedenS,
1479 1958 1519 1980 se

86 1995 229 2028 audisse
261 2000 400 2033 narrat,
444 1994 547 2027 illum
576 1995 670 2028 velle
710 2006 834 2028 omues
866 1994 1088 2039 expeditioni
1127 1995 1215 2027 citra
1256 1993 1520 2026 excusationem

85 2042 242 2085 accingi,
289 2046 326 2073 et
367 2041 570 2085 pensiones·
603 2042 676 2074 illis
714 2040 758 2074 de
795 2041 944 2086 publico
986 2041 1197 2074 constitutas
1230 2040 1418 2084 supplere,
1460 2040 1519 2072 vel

87 2088 215 2131 augere
239 2087 362 2121 etiam.
411 2087 501 2121 Tale
533 2098 615 2120 vero
648 2089 834 2132 negotium
863 2099 930 2121 nec
963 2088 1091 2121 melius
1127 2085 1242 2132 (quod
1272 2087 1380 2119 sciret
1410 2088 1519 2120 etiam

87 2135 180 2179 ipse)
216 2144 283 2166 nec
320 2134 567 2179 experientius
603 2145 622 2166 a
656 2145 840 2180 quoquam
872 2139 1016 2179 praeter
1054 2145 1091 2167 se
1126 2132 1369 2166 administrari
1401 2143 1518 2176 posse.

86 2183 161 2213 lam
187 2181 283 2225 qnod
306 2191 380 2213 non
406 2180 613 2221 advocatus,
640 2181 703 2214 sed
727 2186 854 2224 sponte
878 2191 941 2214 sua
969 2181 1129 2220 veniret,
1166 2179 1518 2224 descriptionemque

88 2227 160 2260 sibi
184 2227 343 2260 mandari
375 2233 546 2272 cuperet,
582 2227 677 2261 nihil
702 2228 818 2261 iustae
842 2227 1059 2272 suspicionis
1091 2226 1236 2260 habere.
1271 2225 1391 2258 flaud
1423 2226 1518 2258 enim

87 2273 288 2318 cupiditate
313 2279 460 2319 questus
484 2275 616 2319 magis,
651 2284 758 2320 quam
784 2273 883 2319 quod
906 2275 1024 2318 ipsum
1058 2274 1301 2317 maximopere
1334 2276 1518 2316 optantem

86 2321 325 2353 Romanorum
348 2320 588 2365 principatum
607 2321 826 2365 amplificare
849 2315 886 2354 el:
912 2320 1106 2361 illustrare,
1127 2321 1166 2352 in
1186 2330 1227 2352 eo
1247 2318 1336 2351 boni
1360 2329 1520 2352 commu-

86 2367 144 2402 nis
170 2377 251 2411 ergo
278 2366 445 2401 adiuvare
470 2368 736 2408 constituisset,
759 2367 853 2400 hanc
886 2368 1111 2411 potissimum
1135 2371 1292 2398 mentem
1322 2364 1519 2410 suscepisse

89 2423 199 2458 seque
226 2412 264 2446 id
288 2424 361 2446 non
383 2413 522 2454 verbis,
564 2413 627 2447 sed
655 2414 756 2448 factis
791 2413 978 2448 evidenter
1012 2413 1256 2447 demonstrare
1290 2416 1513 2445 conaturum.

90 2461 186 2493 Nam
205 2465 309 2493 antea
333 2460 500 2505 pluribus
524 2461 627 2493 annis
662 2461 701 2493 in
725 2459 794 2493 hoc
818 2472 965 2494 munere
989 2465 1207 2498 versantem,
1247 2469 1410 2503 maguam
1447 2469 1513 2503 pe-

90 2507 216 2539 cuniae
240 2507 334 2547 vim,
361 2508 503 2540 tametsi
526 2518 600 2540 non
625 2507 681 2546 vi,
719 2519 766 2541 ne
791 2518 862 2553 quo
899 2507 996 2548 iure,
1029 2517 1100 2551 qua
1132 2505 1265 2538 iniuria
1305 2504 1518 2550 compendia

91 2565 155 2586 sua
179 2563 351 2598 quaerere
366 2554 562 2594 niteretur,
586 2554 781 2587 confecisse
796 2579 806 2594 ‚
832 2564 940 2599 quam
965 2554 1117 2586 otiosam
1139 2553 1177 2584 in
1194 2556 1376 2596 posterum
1403 2551 1519 2586 iacere

90 2611 164 2632 non
189 2601 332 2641 sivisse3
366 2599 429 2632 sed
464 2601 672 2646 frequenter
703 2603 741 2633 in
766 2606 910 2645 pectore
935 2599 1107 2638 volvisse,
1140 2596 1319 2643 quomodo
1347 2608 1421 2631 non
1444 2598 1520 2631 hu-

91 2647 140 2678 mi
169 2646 344 2680 defossam
382 2646 428 2679 ad
462 2646 739 2680 beneficentiam
785 2646 1115 2691 liberalitatemque
1149 2645 1347 2684 conferret,
1398 2650 1435 2678 et
1466 2644 1518 2679 ita

91 2699 319 2737 peccatorum
348 2703 491 2727 suorum
518 2693 676 2727 maculas
703 2693 866 2727 deterere
894 2698 1025 2736 posset.
1062 2691 1265 2736 Aliquando
1287 2692 1395 2735 igitur
1418 2690 1519 2724 aedi-

93 2738 198 2772 ficare
219 2740 475 2774 monasterium
497 2740 676 2779 virorum,
718 2742 781 2786 qui
805 2741 913 2784 plane
938 2750 974 2772 se
1002 2739 1077 2771 Deo
1098 2737 1350 2778 dedicassem,
1386 2743 1422 2772 ct
1454 2748 1520 2782 per

93 2784 348 2821 liberalitatem
385 2787 423 2819 in
459 2787 541 2820 illos
575 2787 742 2821 conatam
774 2786 845 2820 sibi
879 2785 1041 2820 divinum
1080 2796 1213 2821 numen
1247 2784 1411 2830 placare,
1452 2794 1518 2830 per
