1800 3146
298 157 410 227 458
825 181 1189 225 CANTAcqum

100 283 181 319 ΔΒ.
200 286 285 331 ι343
300 270 391 318 οὔτε
417 276 496 333 γὰρ
526 281 623 334 πρι“ν
642 278 715 321 τὸν
742 280 920 334 πόλεμον
947 286 1167 339 κινηθῆναι
1198 289 1297 339 παρ’
1325 282 1487 339 αὕτῶν,
1531 281 1624 328 οὔτε
1650 290 1719 340 βε-

290 344 587 397 βουλευμένος,
634 340 730 387 οὔτε
770 347 926 401 πράξας
963 367 1001 391 τι
1029 349 1130 404 πρὸς
1158 350 1380 405 ἐπιβουλὴν
1406 354 1487 393 ταῖν
1518 355 1720 405 βασιλέως

292 410 454 449 παίδων
493 405 544 450 ἂν
580 413 775 466 φανείην,
816 407 905 455 οὔτ’
934 413 1063 466 εὐθύς
1090 415 1317 470 ἦργμένου,
1359 412 1464 457 ἄλλα
1504 415 1608 469 μετὰ
1645 415 1719 470 τήν

293 473 552 529 τῆςνμητρὸς
579 476 651 518 καὶ
674 480 750 518 τοῦ
778 476 870 519 υἱοῦ
900 479 1061 534 εἱρκτὴν
1112 480 1184 522 καί
1219 480 1293 535 τὴν
1334 482 1609 537 α’ποστέρησιν
1637 484 1718 523 τῶν

291 532 418 580 ὄντων
456 540 532 581 καί
561 540 637 596 την
674 541 871 596 δήμευσιν
897 548 979 586 τῶν
1007 548 1140 600 φίλων
1179 546 1250 588 καί
1284 550 1364 588 τῶν
1405 550 1633 600 συγγενῶν,
1665 547 1744 589 ov’5

288 601 393 657 πρὸς
437 603 483 645 τό
528 605 763 658 ἀμύνεσθαι
793 608 1039 664 ἑτρεπόμην,
1082 611 1173 652 ἀλλ’
1200 609 1308 666 ὄρῶν
1334 607 1380 653 οἷ
1400 615 1533 653 κακῶν
1561 610 1584 652 ὅ
1613 610 1717 667 πρὸς

291 668 498 723 ἀλλήλους
526 671 758 727 τελευτήσει
787 674 978 729 πόλεμος,
1021 676 1215 730 ἠχθόμην
1251 679 1328 729 μὲν
1367 678 1606 728 κινουμένου
1647 675 1722 718 καὶ

254 733 389 783 Βτοὺς
417 735 718 790 παροξύνοντας
745 740 790 780 ἑν
818 741 971 789 αἰτίαις
998 735 1108 795 ἦγον.
1144 739 1267 790 αὐτὸς
1295 743 1354 795 δὲ,
1383 741 1440 792 ὥς
1469 737 1605 795 εἶχον,
1634 742 1718 795 μά-

285 803 406 841 λιστα
438 801 694 854 ἐσπούδαζον
722 804 949 857 καταλύειν,
980 809 1051 847 καί
1075 809 1296 862 πρεσβείαν
1326 806 1429 862 ὑπὲρ
1455 808 1529 860 τῆς
1556 807 1716 862 εἰρήνης

284 865 525 920 ἐποιούμην,
556 871 626 909 καί
664 868 738 924 τὴν
770 871 883 925 δίκην
923 870 1131 927 ἀπῄτουν,
1175 871 1249 913 καί
1275 872 1324 913 ov'
1359 871 1626 928 παρῃτούμην
1667 869 1770 913 τόιο

282 929 340 983 μη
363 930 524 973 διδόναι
547 935 674 986 δίκας,
708 931 761 976 ἂν
789 936 1024 990 ἐλέγχωμαι
1056 938 1275 991 ἐπιορκῶν.
1334 937 1477 985 αὐτοῖς
1506 938 1551 978 δὲ
1571 938 1714 979 τοσοῦ-

281 1009 350 1035 τον
379 997 552 1051 ἐμέλησε
581 1002 653 1040 τοῦ
680 999 730 1041 τὰ
762 1001 903 1042 δίκαια
931 1008 1063 1043 ποιεῖν
1095 998 1124 1055 ἢ
1151 999 1352 1057 πρόνοιάν
1383 1017 1478 1043 τινα
1498 1004 1714 1044 ποιεῖσθαι

281 1063 356 1100 τοῦ
383 1063 668 1105 καταλύεσθαι
692 1063 765 1106 τὸν
792 1067 968 1118 πόλεμον
987 1099 998 1118 ,
1042 1063 1150 1108 ὥστε
1178 1069 1249 1108 ὲπί
1273 1073 1357 1116 τοῖς
1384 1065 1584 1123 πρότερον
1602 1082 1713 1122 γεγε-

281 1129 469 1180 νηιιιένοις
500 1129 573 1180 ἐμὲ
616 1129 748 1171 πολλοὶ
777 1131 1118 1186 περιυβρίσαντες
1170 1131 1244 1174 καὶ
1281 1130 1623 1187 λοιδορησάμενοι
1650 1134 1716 1175 ἐπ’

281 1192 518 1246 ἐκκλησίας,
564 1193 705 1236 ἔπειτα
734 1195 1078 1251 ἕρεσχελήσαντες
1120 1197 1193 1239 καὶ
1227 1196 1324 1246 τούς
1362 1201 1555 1252 πρέσβεις
1581 1196 1767 1241 κακαί-15

279 1272 447 1309 σαντες,
491 1255 546 1306 ὥς
584 1258 762 1310 μάλιστα
804 1262 1053 1314 α’πέπεμψαν
1082 1263 1332 1317 α’πράκτους.
1391 1261 1493 1314 μετὰ
1520 1264 1636 1304 τοῦτο
1665 1263 1712 1304 δὲ

280 1316 418 1375 ὥσπερ
448 1320 583 1376 ἔργοις
613 1319 755 1372 αὐτοῖς
781 1323 1022 1377 βουλόμενοι
1050 1329 1288 1383 καταφανὲς
1327 1334 1486 1380 ποιεῖν,
1534 1323 1598 1368 ὅτι
1634 1330 1713 1369 τοῦ

236 1386 440 1427 (ἶδικαιόυ
468 1389 546 1438 μὲν
574 1387 725 1430 οὐδένα
753 1393 972 1431 ποιοῦνται
1005 1392 1141 1444 λόγον,
1175 1393 1274 1432 ου’δὲ
1315 1390 1566 1446 προφάσεώς
1601 1407 1712 1441 τινος

278 1452 395 1492 ἕνεκα
429 1451 702 1506 εὐπροσώπου
734 1455 888 1496 εἵλοντο
916 1453 987 1496 τόν
1015 1455 1212 1509 πόλεμον,
1243 1455 1334 1497 ἀλλ’
1361 1457 1434 1508 ἐμὲ
1459 1456 1712 1498 ἀποκτείνειν

277 1516 322 1557 ἐκ
351 1515 501 1565 παντὸς
529 1516 685 1572 τρόπου
714 1516 910 1574 ᾑρημένοι
938 1519 1162 1574 πρόσχημα
1206 1522 1284 1562 τοῦ
1302 1521 1485 1573 πολέμου
1517 1520 1590 1562 τὸν
1605 1519 1767 1576 ὖπὲρπο

275 1580 490 1633 βασιλίδος
517 1586 732 1624 ποιοῦνται
763 1585 907 1638 ζῆλον,
951 1587 1220 1637 θεσπισματα
1253 1584 1495 1641 πεπόμφασι
1522 1587 1716 1643 πανταχῇ

275 1647 359 1687 τῶν
393 1645 553 1688 πόλεων
592 1651 728 1690 πᾶσαν
766 1648 927 1691 εἴσοδον
969 1651 1065 1703 ἐμοί
1088 1648 1190 1705 πρὸς
1223 1648 1358 1698 αὕτὰς
1400 1650 1712 1705 ἀπαγορεύοντα

274 1714 348 1753 καί
386 1710 518 1754 κοινὸν
557 1714 752 1767 πολέμιον
793 1713 1109 1757 α’ποδεικνύντα.
1163 1717 1236 1757 καί
1262 1713 1312 1755 οὖ
1339 1715 1467 1770 μέχρι
1494 1714 1640 1758 τούτου
1668 1715 1712 1759 ἔ-

275 1840 348 1869 stes
372 1835 571 1879 producat,
598 1836 696 1882 quod
720 1847 794 1870 non
817 1838 976 1882 poterit:
1001 1838 1072 1871 nisi
1098 1848 1237 1871 rursum
1260 1848 1333 1871 non
1358 1839 1620 1880 argumentari,
1645 1838 1709 1872 sed

274 1881 526 1926 sycophantari
553 1883 801 1917 tantummodo
826 1885 927 1917 velit.
983 1885 1057 1929 Ego
1091 1894 1175 1918 vero
1211 1894 1254 1916 ex
1279 1884 1355 1928 ipsa
1381 1894 1418 1916 re
1445 1884 1707 1918 firmamentum

273 1934 397 1974 petam
435 1927 758 1967 evidentissimum,
817 1930 945 1976 Neque
981 1932 1076 1964 enim
1103 1935 1296 1974 antequam
1320 1929 1458 1962 bellum
1484 1931 1542 1965 illi
1570 1932 1706 1964 excita-

274 1981 378 2014 runt,
412 1985 532 2020 neque
565 1975 688 2009 statim
712 1981 752 2009 ut
779 1978 982 2010 excitarunt
998 2002 1008 2018 ‚
1047 1977 1104 2009 vel
1137 1975 1348 2009 meditatum
1373 1986 1471 2016 esse,
1496 1977 1555 2011 vel
1577 1978 1706 2012 fecisse

275 2021 474 2067 quidquam
500 2021 710 2056 insidiarum
737 2022 823 2056 filiis
847 2024 1086 2068 imperatoris,
1099 2022 1242 2056 ostendi
1268 2027 1408 2065 potest:
1433 2022 1498 2056 sed
1523 2028 1604 2067 post
1628 2035 1706 2057 ma·-

275 2068 341 2101 tris
364 2078 465 2101 meae
494 2068 633 2113 filiique
657 2075 939 2114 carcerem,post
961 2081 1119 2103 mearum
1143 2068 1368 2101 fortunarum
1391 2068 1704 2113 despoliationem,

275 2119 359 2158 post
387 2115 583 2148 amicorum
610 2121 914 2161 cognatorumque
950 2116 1252 2160 proscriptionem
1291 2126 1366 2147 non
1389 2114 1434 2148 ad
1459 2115 1703 2150 ulciscendum

276 2171 354 2193 sum
374 2172 567 2205 aggressus,
583 2161 646 2193 sed
667 2161 891 2205 adspiciens,
917 2173 988 2206 quo
1013 2163 1188 2195 malorum
1216 2160 1352 2193 bellum
1378 2166 1544 2195 mutuum
1569 2161 1701 2196 evade-

276 2211 356 2248 ret,
390 2207 491 2240 dolui
522 2207 668 2253 quidem
701 2207 747 2240 ab
784 2208 892 2241 initio
929 2214 1052 2241 natum
1077 2217 1174 2247 esse,
1207 2211 1244 2240 et
1277 2205 1370 2239 illud
1399 2209 1500 2251 quasi
1523 2208 1702 2242 flammam

274 2253 456 2286 irritantes
482 2255 636 2297 graviter
659 2264 807 2297 peccare
836 2254 945 2287 duxi:
972 2255 1049 2298 ipse
1073 2263 1178 2293 vero,
1203 2259 1379 2298 quantum
1402 2254 1441 2286 in
1467 2265 1524 2288 me
1546 2255 1636 2295 fuit,
1661 2254 1701 2289 id

275 2300 502 2344 exstinguere
523 2301 685 2334 laboravi
722 2305 758 2333 et
780 2300 997 2345 legationem
1028 2300 1072 2334 de
1098 2309 1183 2344 pace
1208 2299 1289 2332 misi
1315 2304 1351 2332 et
1374 2300 1549 2334 iudicium
1573 2302 1700 2346 petivi,

274 2357 345 2379 nec
365 2356 499 2390 poenas
514 2372 523 2387 ,
548 2347 576 2380 si
601 2346 752 2391 periurii
777 2348 1021 2387 convincerer,
1048 2346 1257 2390 deprecatus
1282 2357 1370 2378 sum.
1426 2347 1473 2380 At
1495 2348 1580 2391 ipsis
1608 2347 1700 2381 adeo

280 2403 386 2426 curae
428 2403 502 2425 non
535 2394 606 2427 fuit
639 2393 770 2426 servire
812 2393 976 2426 iustitiae
1021 2397 1083 2425 aut
1120 2393 1373 2435 cogitationem
1415 2393 1574 2437 aliquam
1607 2392 1700 2430 belli

279 2438 540 2482 comprimendi
565 2441 764 2483 suscipere,
789 2445 830 2473 ut
851 2451 957 2483 supra
980 2439 1118 2482 priores
1141 2439 1293 2471 iniurias
1318 2443 1355 2472 et
1376 2438 1564 2472 maledicta
1586 2439 1700 2474 multo

276 2485 475 2518 maioribus
505 2487 543 2519 in
579 2490 755 2519 conventu
787 2496 844 2519 me
880 2485 1064 2519 onerarint
1106 2490 1143 2518 et
1189 2485 1325 2527 legatos
1349 2486 1549 2518 scommatis
1571 2486 1699 2520 illusos

275 2531 537 2577 insigniterque
560 2536 703 2565 vexatos
735 2532 812 2565 sine
849 2543 1018 2575 responso
1043 2531 1256 2564 dimiserint.
1304 2530 1448 2565 Adhaec
1470 2533 1566 2565 velut
1589 2541 1698 2576 opere

275 2577 355 2619 ipso
386 2578 546 2611 volentes
586 2578 789 2618 declarare,
823 2589 859 2612 se
885 2583 1114 2611 contemnere
1138 2578 1339 2617 iustitiam,
1374 2590 1420 2612 ne
1443 2578 1595 2612 colorem
1621 2583 1698 2611 tum

277 2623 421 2667 quidem
471 2636 533 2656 seu
573 2626 810 2657 velamentum
839 2625 926 2658 belii
951 2624 1140 2657 honestum
1174 2626 1429 2668 quaesiverunt
1470 2623 1532 2657 sed
1560 2629 1600 2657 ut
1640 2635 1697 2657 me

277 2680 424 2714 quoquo
450 2671 555 2703 modo
585 2672 807 2716 iugularem,
833 2672 958 2704 ardens
995 2671 1233 2714 imperatricis
1265 2671 1420 2704 tuendae
1453 2670 1611 2703 studium
1645 2670 1695 2702 si·-

276 2715 474 2754 mulantes,
510 2717 625 2750 edicta
659 2718 934 2762 circumquaque
969 2727 1033 2761 per
1063 2716 1169 2750 urbes
1211 2718 1454 2756 missitmunt,
1486 2715 1617 2761 quibus
1658 2722 1694 2750 et

279 2772 464 2795 commune
489 2762 624 2796 bellum
651 2764 894 2809 significarent
918 2767 955 2798 et
989 2764 1086 2798 omni
1110 2763 1156 2798 ad
1179 2774 1236 2798 eas
1261 2763 1362 2798 aditu
1385 2763 1476 2797 mihi
1499 2762 1694 2798 interdice-
