1800 3138
547 177 924 222 msTomARUM
964 183 1035 223 111.
1076 189 1145 230 ιω.
1421 164 1534 240 '257

108 279 356 319 σαλονικέων
382 270 532 326 παντὸς
571 278 802 333 παρόντος,
844 279 893 321 τοὶ
924 283 1144 357 Ιιιοναχιὸν,
1185 281 1323 338 ὥσπερ
1352 282 1500 326 εἴωθεν
1511 287 1730 336 ‚AG-¹34²

108 340 415 398 ημφιεσμένον,
446 342 654 403 ἐπέθηκαν
682 346 733 399 τῇ
763 348 925 401 κεφαλῇ
957 346 1080 388 πῖλόν
1105 366 1167 401 τι,
1211 346 1234 389 ὃ
1262 353 1347 396 τοῖς
1374 353 1541 398 πολλοις

108 429 175 454 και
217 410 424 467 δημώδεσι
466 414 549 454 τῶν
578 417 762 469 Περσῶν
804 414 876 456 ἐπι
911 418 985 469 τῆς
1024 421 1207 473 κεφαλῆς
1236 424 1381 474 φορεῖν
1418 418 1538 472 ἔθος,

110 474 330 529 λαμπαδας
357 491 400 517 τε
429 473 616 529 ἡμμένας
645 479 905 534 οἷμφοτέοαις
932 482 1119 535 κατέχειν
1137 482 1431 537 α’ναγκάζοντες
1449 490 1540 532 ταῖς

79 541 274 617 5χερσιν,
319 535 494 582 οπισθεν
519 543 596 594 μὲν
631 542 844 594 ελάκτιζον
873 545 944 584 snt*
977 544 1048 587 τὸν
1095 548 1309 601 πρωκτόν·
1339 552 1429 588 εἰτα
1457 565 1539 589 πα-

101 605 270 659 ριόντες,
301 603 538 659 ἔμπροσθεν
559 607 799 661 ἠσπάζοντο,
831 604 1000 661 ,,ουτος”
1038 611 1280 663 ἐπιβοῶντες
1310 645 1340 664 ‚
1329 629 1364 658 ο
1395 628 1539 666 πατρι-

100 667 232 723 άρχης
275 672 668 726 Καντακουζηνοῦ.”
740 673 845 725 μετὰ
886 677 932 715 δὲ
973 673 1047 729 τὴν
1084 675 1240 730 πολλὴν
1263 679 1419 730 ε’κειίἠν
1447 678 1539 731 ε’ρε-

99 735 270 787 ’σχελιάν
296 737 368 776 καί
395 733 467 776 τὸν
504 736 717 790 ’θριαμβον
749 737 818 779 τὸν
849 755 1012 794 ατιμον,
1034 741 1194 781 ἐκέλευε
1223 745 1295 782 καί
1322 739 1452 782 αυτὸν
1480 743 1576 790 sige

100 796 382 854 δεσμωτήριον
410 800 600 854 απάγειν.
654 802 759 855 μετὰ
789 804 836 844 δὲ
856 807 976 845 τοῦτο
990 804 1040 846 τὰ
1058 808 1102 846 ἐν
1120 807 1398 862 Θεσσαλονίκη
1427 805 1536 861 πρά-

45 874 236 917 ἰογματα
264 881 323 913 ως
349 860 401 907 ἂν
426 866 538 907 αὐτῶ
565 867 701 909 ἐδόκει
729 885 904 924 αριστα,
937 870 1207 925 οἰκονομήσας
1234 890 1302 914 και
1333 872 1437 927 πρὸς
1463 871 1535 913 τὸν

98 926 204 983 πρὸς
227 931 406 982 βασιλέα
446 930 627 984 πόλεμον
665 932 821 982 πάντας
866 933 1139 990 παραθήξας,
1184 935 1310 986 αὐτὸς
1350 939 1429 989 μὲν
1487 938 1534 978 ἐκ

97 994 339 1049 θαλάσσης,
387 996 414 1050 ἢ
458 996 582 1046 ἵππος
616 999 663 1040 δὲ
705 1001 750 1040 ἐκ
793 1001 864 1054 τῆς
891 1000 1064 1055 ἠπείρου
1094 1002 1154 1049 εἰς
1179 1001 1414 1051 Βυζάντιον
1440 1002 1535 1044 οἰνέ-

92 1064 261 1114 ὀ-τρεφε.
314 1060 516 1113 βασιλεῦς
553 1063 600 1104 δὲ
638 1062 663 1104 ὅ
689 1064 1037 1120 Καντακουζηνὸς
1062 1065 1170 1119 μετὰ
1199 1065 1244 1108 τὸ
1271 1065 1345 1120 την
1370 1068 1416 1107 ἐκ
1441 1070 1533 1108 Βυ-

97 1124 260 1173 ζαντίου
288 1129 362 1168 καί
389 1127 691 1183 Θεσσαλονίκης
718 1128 918 1185 στρατιάν
947 1127 1083 1171 αὐτοῦ
1112 1128 1388 1187 ἀναχωρῆσαι
1425 1131 1533 1187 πρὸς

36 1183 170 1243 Ῐιότὴν
205 1188 346 1245 μάχην
374 1191 657 1246 ἄπειποῦσαν,
702 1193 750 1235 τὸ
779 1196 992 1237 ἐπίλοιπον
1038 1193 1218 1246 ὃδεύσας
1245 1198 1318 1251 τῆς
1346 1194 1530 1251 ἧμέρας,

94 1253 210 1309 παριὶ
247 1258 331 1297 τῶν
371 1256 612 1310 Προσοίκου
656 1261 809 1299 στενῶν
854 1259 931 1312 την
978 1261 1172 1315 εἰσβολήν
1210 1262 1413 1315 ηὐλίσατο
1454 1260 1532 1315 τήν

94 1316 237 1360 νύκτα.
296 1318 318 1360 ὅ
347 1321 394 1361 δὲ
421 1320 663 1375 Πρόσοικος
692 1317 815 1371 οὗτος
847 1321 1056 1379 φρούριόν
1094 1327 1180 1366 ἐστι
1224 1325 1532 1380 καρτερώτατον

93 1385 164 1426 ἐπὶ
189 1382 319 1440 λόφου
347 1383 587 1440 ἱδρυμένον,
638 1385 664 1428 ὃ
709 1386 841 1429 πάλαι
869 1391 948 1441 μὲν
975 1388 1056 1429 ὑπὸ
1087 1388 1162 1443 τήν
1188 1388 1406 1442 Ῥωμαίων
1432 1380 1528 1444 7573ss-

92 1450 239 1501 μονιἀν
273 1451 471 1505 διετέλει,
520 1450 624 1493 κατὰ
663 1454 710 1493 δὲ
747 1452 818 1494 τὸν
861 1455 1066 1506 βασιλέων
1097 1456 1369 1510 Ἀνδρονίκων
1418 1455 1522 1509 πρὸς

40 1511 296 1569 αοιῖλλήλους
322 1514 501 1568 πόλεμον
527 1515 633 1569 πρὸς
657 1517 728 1558 τὸν
758 1513 942 1571 ἄρχοντα
969 1521 1051 1560 τῶν
1078 1522 1299 1574 Τριβαλιόν
1322 1517 1404 1559 ὑπὸ
1435 1522 1563 1562 τιὸνΙ)

90 1577 346 1632 κατεχόντων
396 1577 575 1621 ἑκόντων
623 1584 839 1637 παρεδόθη
890 1585 1006 1635 μίσει
1055 1586 1111 1640 τῷ
1171 1583 1277 1638 πρὸς
1319 1582 1390 1624 τὸν
1431 1588 1522 1625 νέον

90 1646 280 1697 βασιλέα.
332 1643 426 1686 τότε
454 1647 502 1686 δὲ
540 1643 619 1686 ὖπό
659 1644 841 1701 Μιχαήλ
876 1662 1004 1700 τινος,
1057 1650 1135 1688 τοῦ
1180 1650 1396 1701 Τριβαλῶν
1442 1643 1521 1702 ἄρ-

87 1724 233 1763 χοντος
268 1707 553 1764 παραδόντος,
597 1713 823 1765 ἐκρατεῖτο.
882 1711 930 1760 ὃς
970 1711 1019 1766 δὴ
1063 1712 1274 1767 Μιχαὴλ,
1323 1714 1405 1754 τῶν
1439 1715 1519 1765 βα-

91 1776 238 1824 σιλέως
292 1775 475 1830 οἰκείων,
527 1775 582 1825 ὥς
630 1774 801 1832 ὕστερον
840 1776 967 1827 αὐτὸς
1011 1776 1215 1833 ἔφασκεν,
1283 1773 1365 1830 aiv,
1412 1777 1517 1832 πρὸς

185 1877 288 1914 13.ιό
316 1893 384 1914 οιιι.
410 1882 443 1914 P.

91 1979 209 2014 ctum,
240 1979 318 2007 toto
341 1974 452 2007 ferme
482 1973 793 2008 'l'hessalonicensi
820 1975 955 2019 populo
980 1979 1189 2018 spectante,
1231 1977 1425 2008 monastica
1448 1987 1512 2010 ve-

88 2026 165 2057 ste,
204 2026 244 2052 ut
270 2025 521 2059 consueverat,
552 2022 736 2062 indutum,
771 2022 908 2066 pileum
934 2021 1108 2054 Persicum
1134 2022 1238 2054 vilem
1263 2033 1304 2053 ac
1326 2023 1511 2066 plebeium

87 2067 197 2111 capiti
230 2068 307 2099 eius
347 2066 598 2111 imponentes,
640 2078 877 2113 accensasque
914 2067 1098 2112 lampadas
1136 2068 1307 2100 ambabus
1341 2068 1510 2102 manibus

86 2117 210 2145 tenere
246 2117 433 2156 cogentes,
477 2119 573 2146 retro
610 2115 768 2148 calcibus
809 2114 885 2147 eius
922 2113 1041 2146 sedem
1083 2113 1316 2157 impetebant.
1368 2113 1510 2148 Deinde

84 2163 372 2203 praetereuntes,
407 2170 427 2192 a
453 2159 571 2192 fronte
595 2161 821 2200 salutabant,
857 2161 907 2191 sic
932 2160 1188 2192 acclamantes:
1227 2169 1271 2192 en
1303 2160 1509 2203 patriarcha.

84 2205 340 2249 Cantacuzeni.
386 2204 445 2239 sic
464 2207 621 2250 appi-obe
650 2208 791 2239 irrisum
819 2212 855 2239 et
879 2207 1033 2249 turpiter
1060 2205 1341 2247 triumphatum,
1376 2206 1508 2239 simili-

84 2256 140 2284 tor
176 2247 309 2294 raptari
341 2250 379 2284 in
412 2262 584 2285 carcerem
620 2252 958 2288 iussit.1>0sthaee
989 2252 1096 2284 rebus
1121 2251 1509 2286 'lhessalonicensibus

81 2307 147 2342 pro
173 2296 347 2331 arbitratu
371 2296 518 2342 digestis
542 2299 783 2354 omnibusque
818 2299 862 2331 ad
895 2309 990 2331 arma
1022 2303 1142 2330 contra
1168 2298 1418 2340 imperatorem
1443 2299 1507 2330 in-

81 2344 239 2387 stigatis,
262 2345 337 2387 ipse
364 2345 466 2384 mari,
541 2346 673 2378 uitatus
706 2352 800 2379 terra
824 2345 1033 2387 Byzantium
1059 2355 1096 2376 se
1132 2345 1278 2387 recepit.
1327 2344 1507 2379 Cantacu-

82 2399 189 2422 zenus
214 2400 233 2421 a
253 2389 446 2431 Byzantina
466 2392 523 2424 et'
493 2355 827 2424 eri'hesssalonicensi
852 2390 1045 2429 subsidiis,
1074 2400 1227 2434 pugnam
1254 2391 1502 2424 recusantibus

82 2445 123 2467 ac
163 2434 451 2476 discedentibus,
496 2437 712 2479 destitutus,
753 2438 894 2483 reliquo
929 2436 1002 2469 diei
1037 2416 1106 2468 'iter
1140 2447 1264 2479 agens,
1307 2435 1353 2469 ad
1382 2437 1500 2470 fauces

84 2482 327 2525 angustiarum
374 2482 474 2515 iuxta
504 2483 704 2517 Prosiacum
740 2484 976 2527 pernoctavit.
1022 2482 1218 2515 Prosiacum
1261 2487 1379 2515 autem
1426 2485 1501 2516 sive

81 2527 267 2560 Prosacum
293 2528 475 2562 castellum
501 2535 554 2563 est
579 2531 879 2571 munitissimum,
915 2531 953 2562 in
978 2529 1068 2561 colle
1092 2528 1224 2566 situm,
1261 2528 1359 2573 quod
1383 2540 1502 2574 quon-

82 2573 166 2605 dam
193 2574 232 2606 in
264 2573 400 2607 ditione
422 2575 660 2610 Romanorum
690 2576 875 2617 manebat,
910 2575 1079 2619 belloque
1103 2574 1388 2608 Andronicorum
1413 2575 1496 2608 odio

82 2619 234 2652 iunioris
261 2618 452 2654 Andronici
488 2632 509 2653 a
538 2622 780 2666 praesidiariis
814 2602 1057 2655 'ln-{banorum
1088 2619 1243 2664 principi
1267 2621 1362 2655 ultro
1385 2622 1500 2655 tradi-

86 2670 162 2698 tum
187 2665 322 2705 fuerat,
358 2672 394 2699 et
416 2678 480 2712 per
502 2667 541 2700 id
562 2673 702 2713 tempus
727 2681 748 2702 a
777 2669 932 2714 quodam
958 2666 1136 2700 Michaele
1161 2675 1330 2699 concessu
1365 2669 1499 2711 princi-

85 2713 141 2754 pis
166 2711 425 2754 possidebatur.
472 2713 545 2757 Qui
569 2725 647 2747 cum
673 2725 716 2747 ex
742 2714 946 2748 domesticis
972 2712 1196 2756 imperatoris
1221 2717 1329 2753 esset,
1357 2719 1397 2746 ut
1421 2714 1497 2758 ipse

83 2762 209 2800 postea
235 2759 401 2798 narravit,
426 2759 470 2791 ob
495 2761 616 2796 nescio
640 2772 745 2806 quam
769 2771 908 2794 causam
938 2759 982 2792 ad
1006 2759 1143 2793 Craiem
1165 2758 1378 2804 perfugerat.
1403 2760 1498 2794 Tum

132 2823 400 2858 Cantacuzenus
421 2825 469 2859 11.
1201 2837 1212 2859 ¹
1222 2837 1240 2869 7
