1820 3138
261 193 374 266 438
800 201 1169 252 emmerami

68 317 150 352 Ac.
169 316 361 360 ι343λους
394 308 574 352 ἔπειθεν.
631 310 655 351 ὅ
684 312 813 364 μέγας
840 312 886 353 δὲ
915 309 1029 364 δούξ,
1070 307 1162 351 ἐπεὶ
1190 308 1323 350 ταῦτα
1347 308 1506 361 α’γνοεῖν
1534 306 1608 347 οὐκ
1628 300 1702 360 ἦν,

261 377 424 432 σπουδῇ
452 377 581 431 πολλῇ
600 369 763 431 ,ἐχώρει
793 374 894 431 πρὸς
931 374 1188 426 Βυζάντιον,
1235 375 1319 416 τῶν
1347 369 1484 414 ἄλλων
1510 369 1705 412 ἁπάντων

263 440 489 495 ἀμελήσας.
545 442 636 482 ἐπεί
663 442 708 482 δὲ
736 435 787 495 ἧν
816 439 953 493 έντὸς,
984 441 1034 481 οὐ
1065 438 1168 493 πρὸς
1193 440 1391 491 βασιλίδα
1411 432 1532 492 ἧκεν,
1562 433 1704 489 ιδ’σπερ

263 506 402 559 εἴωθε,
432 506 809 562 προσαγορεύσων,
839 509 931 547 ἀλλ’
973 508 1017 548 ἔν
1045 506 1313 560 Ὁδηγητρίας
1349 505 1420 559 τῆς
1452 500 1707 557 θεομήτορος

264 571 480 627 γενόμενος
521 573 576 628 τῷ
618 573 777 624 τεμένει
825 570 898 613 καί
933 570 1252 627 προσκυνήσας,
1296 567 1439 610 ἔπειτα
1481 565 1541 616 εἷς
1567 566 1638 608 τὸν
1663 560 1734 607 έν5

266 634 512 690 Μαγγάνοις
556 631 630 694 ἧκε
672 634 853 691 πύργον,
900 633 948 678 ὃν
994 634 1204 691 περιόντος
1235 635 1312 686 μὲν
1339 634 1603 688 Ἀνδρονίκου
1632 629 1709 672 τοῦ

229 703 469 755 Οβασιλέως
496 697 600 755 εἶχε,
628 703 703 743 τοῦ
729 702 962 753 Βυζαντίου
991 698 1213 756 περιβόλου
1245 694 1340 740 ὄντα
1367 700 1454 750 ἕνα,
1478 698 1523 739 έν
1550 698 1596 739 δὲ
1624 701 1710 744 τοῖς

264 768 341 807 τοῦ
379 768 591 822 ἐμφυλίου
621 768 801 820 πολέμου
827 763 994 822 χρόνοις
1024 760 1304 812 ἐπισκευάσας
1338 761 1412 804 καὶ
1441 762 1711 817 ὀχυρώτατον

266 831 608 887 ἀπεργασάμενος
627 864 638 886 ,
671 831 728 881 ὥς
752 831 933 885 μάλιστα
961 833 1068 885 ἐνῆν,
1101 827 1211 871 ὅπλα
1240 845 1283 871 τε
1313 829 1531 882 ἐνθέμενος
1558 825 1631 868 καί
1655 824 1708 868 τοὶ

266 890 373 937 ἄλλα
411 895 651 951 ἐπιτήδεια,
690 894 798 941 ὥστε
841 894 1102 952 δυνήσεσθαι
1132 894 1206 936 καί
1240 892 1346 948 πρὸς
1370 894 1609 948 πολιορκίαν
1640 890 1765 933 mito

266 965 540 1016 τειχομαχίας
568 961 849 1017 ἀντισχήσειν,
878 967 1044 1015 κατεῖχε
1085 959 1280 1016 φρουρὰν
1309 956 1554 1013 εἰσαγαγών.
1614 955 1710 999 τότε

267 1029 315 1071 δὲ
345 1030 405 1076 ,εἰς
433 1030 586 1070 ἐκεῖνον
613 1027 760 1081 ἐλθών,
790 1026 958 1083 διήγαγε
988 1025 1066 1082 τήν
1093 1026 1238 1069 νύκτα.
1295 1026 1355 1074 εἷς
1384 1025 1459 1079 τὴν
1485 1021 1713 1078 ὑστεραίαν

267 1093 315 1134 δὲ
342 1094 421 1134 τοῦ
449 1091 714 1148 πατριάρχου
744 1092 847 1148 πρὸς
876 1091 1006 1134 αὖτόν
1036 1089 1253 1144 ἐλθόντος,
1296 1092 1442 1146 πρῶτα
1478 1090 1557 1143 μὲν
1597 1088 1713 1130 ‹fivel-

269 1159 356 1208 διζε
394 1156 469 1212 τήν
505 1159 699 1200 εὐκολίαν
737 1161 811 1200 καί
846 1157 919 1214 τὴν
946 1156 1047 1213 πρὸς
1076 1155 1205 1198 αὐτόν
1233 1153 1486 1210 μεταβολήν.
1545 1151 1715 1195 οἴεσθαι

268 1221 365 1277 γὰρ,
395 1221 566 1278 ἔφασκε,
597 1221 670 1272 τὰς
698 1224 947 1279 α’μφοτέρων
975 1221 1248 1271 συντακείσας
1265 1219 1411 1274 ψυχὰς
1439 1216 1643 1274 ἑκατέρων
1663 1213 1770 1260 τάιό

271 1286 448 1340 σώματα
485 1294 635 1342 κινεῖν,
686 1289 759 1331 καί
786 1286 921 1331 ταῦτα
951 1289 1025 1329 καί
1051 1286 1123 1329 ἴσα
1153 1284 1418 1343 ἀμφοτέρους
1443 1284 1517 1326 καὶ
1540 1282 1716 1338 βουλεύ-

269 1356 397 1397 ,εσθαι
434 1353 508 1395 καί
545 1352 790 1410 αἱρεῖσθαι·
847 1355 942 1395 νυνί
967 1355 1013 1394 δὲ
1039 1349 1280 1395 τοῦναντίον
1322 1348 1433 1392 ἅπαν
1472 1351 1720 1406 πεφηνέναι.

273 1420 495 1474 ἀκηκοέναι
521 1418 601 1474 γὰρ
633 1423 858 1461 πεπεῖσθαι
885 1417 957 1460 καὶ
982 1414 1114 1460 αῧτὸν
1141 1423 1227 1466 τοῖς
1257 1419 1356 1471 περὶ
1384 1418 1459 1470 τῆς
1475 1413 1580 1469 πρὸς
1598 1418 1718 1460 Καν-

239 1482 530 1538 Βτακουζηνὸν
558 1483 721 1540 εἰρήνης
749 1485 1067 1537 διαλεγομένοις,
1098 1479 1204 1536 ἅπερ
1234 1484 1308 1523 οὔκ
1329 1483 1458 1536 ἐχρῆν
1483 1484 1629 1522 ποιεῖν·
1661 1480 1718 1522 εἶ-

273 1550 389 1589 δέναι
433 1546 514 1603 γάρ
559 1551 804 1604 σαφέστατα
849 1548 1002 1599 αὐτόν’,
1049 1546 1132 1600 ὥς,
1177 1549 1216 1588 εἰ
1240 1545 1299 1602 μή
1329 1548 1483 1595 ἐκεῖνος
1511 1547 1585 1587 τοῦ
1617 1542 1774 1600 πρὸςςιο

272 1612 620 1668 Καντακουζηνὸν
647 1617 843 1669 Σπολέμου
899 1609 1054 1668 ἤρχετο
1106 1611 1237 1654 πολλοὶ
1296 1609 1725 1667 πραγματευσάμενος·

273 1678 347 1720 καί
387 1680 528 1721 πᾶσαν
557 1677 752 1734 μηχανήν
782 1677 1028 1733 κεκινηκώς,
1058 1677 1190 1720 πάλαι
1219 1672 1271 1719 ἂν
1302 1674 1536 1732 ἐπεκάθητο
1565 1678 1719 1717 Παλα-

273 1746 358 1796 μᾶς
397 1749 481 1793 τοῖς
517 1749 836 1799 πατριαρχικοῖς
861 1743 1057 1799 θρόνοις,
1095 1744 1229 1785 αὐτοῦ
1255 1744 1568 1798 ἐκβεβλημένου.
1624 1742 1721 1783 νυνὶ

276 1811 323 1851 δὲ
356 1808 460 1864 πρὸς
489 1812 546 1867 τῷ
572 1813 644 1866 τῆς
671 1812 888 1866 ἐκκλησίας
915 1805 1090 1865 ἄρχειν,
1120 1809 1194 1851 καί
1232 1810 1315 1853 τῶν
1358 1809 1580 1854 πολιτικῶν
1611 1823 1717 1862 πρα-

370 1911 405 1947 6.
433 1907 660 1955 Μαγκάνοις
683 1910 718 1944 Ρ.

279 2020 426 2054 magnus
459 2011 643 2056 logotheta
682 2011 840 2046 Gabalas
878 2011 1032 2056 impulit.
1086 2012 1133 2045 At
1155 2020 1301 2055 magnus
1327 2008 1423 2049 dux,
1449 2007 1620 2054 quoniam
1646 2008 1716 2040 ista

279 2069 361 2091 eum
399 2057 511 2094 latere
544 2068 618 2090 non
644 2063 834 2102 poterant,
860 2057 1077 2101 posthabitis
1103 2058 1184 2091 aliis
1209 2056 1397 2093 omnibus,
1423 2054 1632 2097 Byzantium
1658 2055 1717 2088 fe-

279 2105 440 2139 stinavit.
499 2103 565 2136 Ubi
592 2115 665 2137 non
689 2105 788 2148 prius
825 2114 924 2136 more
951 2105 1060 2137 solito
1086 2103 1349 2148 imperatricem
1374 2101 1570 2133 salutatum
1597 2111 1719 2133 acces-

281 2151 353 2190 sit,
393 2149 457 2183 sed
494 2151 533 2183 in
571 2150 811 2193 Hodegetriae
847 2151 1024 2195 Deiparae
1055 2150 1189 2193 templo
1213 2148 1301 2181 fusis
1324 2146 1558 2192 precibus,in
1582 2156 1720 2191 propu-

281 2197 473 2240 gnaculum
499 2207 561 2231 seu
587 2197 771 2230 castellum
795 2198 834 2229 in
855 2195 1056 2240 Manganis,
1070 2195 1254 2240 (planities
1279 2199 1335 2226 est
1358 2199 1457 2226 extra
1482 2192 1720 2237 Byzantium‚)

282 2241 381 2287 quod
422 2242 618 2287 superstite
655 2243 765 2275 etiam
799 2243 1004 2276 Andronico
1031 2243 1245 2286 imperatore
1269 2239 1450 2279 habehat,
1475 2238 1627 2273 durante
1652 2250 1719 2274 au-

282 2294 357 2323 tem
385 2287 483 2322 bello
508 2288 579 2325 hoc
607 2289 823 2323 instaurarat
845 2294 882 2321 et
906 2289 1041 2332 magnis
1067 2287 1237 2332 operibus
1263 2287 1567 2326 communiverat,
1601 2296 1721 2318 arma-

286 2345 358 2381 que
388 2341 425 2370 et
450 2336 522 2371 alia
548 2334 731 2369 obsidioni
764 2335 998 2369 sustinendae
1033 2334 1164 2367 idonea
1200 2344 1279 2365 cnm
1304 2331 1486 2376 praesidio
1523 2332 1577 2365 ibi
1605 2331 1720 2364 colto-

286 2385 407 2421 carat,
431 2382 470 2415 in
495 2380 583 2421 hoc,
613 2382 786 2426 inquam,
818 2381 1006 2417 castellum
1033 2379 1210 2413 concessit
1232 2385 1269 2412 et
1296 2379 1374 2412 illic
1410 2382 1553 2411 noctem
1589 2379 1720 2422 exegit.

285 2427 464 2460 Postridie
499 2437 536 2461 se
569 2427 701 2460 visenti
736 2427 961 2472 patriarchae
987 2427 1171 2459 levitatem
1206 2430 1242 2458 et
1267 2425 1546 2459 inconstantiam
1572 2434 1652 2467 erga
1682 2433 1721 2456 se

285 2473 377 2505 vitio
413 2473 484 2506 dat.
543 2473 747 2507 credidisse
780 2473 930 2506 coalitas
965 2471 1151 2505 amborum
1188 2472 1324 2504 animas
1361 2470 1550 2515 utriusque
1592 2480 1720 2513 corpus

287 2529 432 2560 regere,
476 2518 675 2564 eademque
707 2519 829 2552 ambas
868 2524 903 2552 et
941 2519 1061 2551 moliri
1100 2524 1137 2552 et
1160 2518 1281 2563 sequi:
1307 2529 1403 2551 nunc
1427 2522 1548 2550 contra
1577 2527 1721 2560 prorsus

289 2565 462 2602 evenisse.
513 2566 591 2599 Sibi
618 2566 713 2599 enim
738 2566 966 2605 nuntiatum,
991 2565 1107 2608 ipsum
1131 2575 1277 2610 quoque
1311 2574 1494 2597 assensum
1525 2561 1592 2601 iis,
1626 2572 1721 2606 quae

289 2609 334 2641 de
372 2621 458 2653 pace
499 2622 578 2644 cum
616 2612 863 2645 Cantacuzeno
899 2610 1124 2654 suscipienda
1161 2609 1343 2654 disputata
1367 2609 1512 2642 suerint,
1556 2608 1595 2640 ld
1620 2607 1720 2652 quod

289 2665 364 2688 non
407 2655 596 2698 debuerit,
630 2669 709 2690 cum
754 2657 960 2694 indubitato
998 2656 1105 2695 sciat,
1142 2657 1212 2689 nisi
1262 2656 1339 2700 ipse
1378 2655 1514 2688 bellum
1548 2653 1718 2687 adversus

291 2701 598 2742 Cantacuzennm‚
634 2705 755 2736 multis
792 2704 924 2737 idcirco
952 2703 1104 2746 negotiis
1143 2703 1339 2747 implicitus
1377 2707 1414 2734 et
1447 2700 1612 2734 omnibus
1644 2710 1720 2731 ma-

292 2746 407 2786 chinis
432 2750 592 2788 tentatis,
620 2750 891 2789 introduxisset,
916 2748 1141 2794 iampridem,
1154 2760 1195 2782 eo
1223 2750 1351 2788 eiecto,
1376 2747 1548 2780 Palamam
1577 2745 1614 2778 iu
1641 2747 1719 2778 eius

294 2792 423 2833 throno
460 2794 696 2839 patriarchico
732 2794 980 2836 collocandum
1015 2795 1136 2833 fuisse.
1202 2795 1307 2833 Nunc
1338 2797 1589 2838 praeterquam
1620 2791 1720 2839 quod
