1820 3152
274 149 383 205 διὸ
805 167 1176 212 CANTACUZEM

73 273 154 309 ΑΒ.
171 275 256 320 ι345
267 270 400 324 μέγαν
441 270 572 311 δοῦκα
613 269 825 325 εἰρηκέναι
868 272 967 326 περι·
1001 274 1081 312 σοῦ’
1107 268 1165 325 μὴ
1192 268 1343 325 ἀληθῆ.
1396 272 1491 313 νυνί
1515 272 1562 314 δὲ
1591 274 1710 316 οὐδὲ·

258 337 370 387 ,μίαν
396 349 462 376 σοι
489 334 684 389 τοιαύτην
716 333 852 384 ἔξεστι
879 335 1127 391 καταφυγὴν
1153 334 1291 390 εὑρεῖν
1318 337 1391 376 καί
1417 335 1521 391 πρὸς
1557 336 1711 393 ἀναβο-

267 398 343 448 λὰς
380 405 536 454 χωρεῖν
565 401 648 441 τῶν
677 400 920 455 εἰρημένων.
976 400 1027 442 τά
1065 416 1109 442 τε
1143 399 1220 455 γὰρ
1249 398 1474 455 γράμματα
1502 403 1711 456 ἑλέγξουσι

267 463 321 506 τὰ
353 462 408 506 σοὶ
440 460 537 506 ὅντα
565 466 664 519 παρ’
691 465 790 520 ἡμῖν
821 468 893 507 καί
918 465 938 508 ὁ
968 465 1225 521 πρεσβευτὴς
1244 470 1455 519 Λατῖνος,
1484 463 1710 522 ἀξιόχρεως

266 525 325 571 ὢν
370 529 476 585 πρὸς
520 531 670 574 πίστιν.
740 530 769 571 οἳ
808 531 943 574 τοίνυν
983 530 1172 587 ἔγραψας
1217 529 1366 584 αὐτὸς,
1416 531 1473 581 ὥς
1509 532 1733 589 ἅποθήσῃό

265 611 311 637 τε
335 593 410 649 τήν
435 597 655 648 βασιλείαν
684 597 757 637 καί
783 595 861 652 τήν
887 596 1023 652 α’ρχὴν
1052 597 1124 638 καί
1150 594 1225 645 τοὶς
1254 598 1408 645 α’δίκως
1426 598 1708 651 κατεχομένας

264 662 338 702 καί
363 662 696 715 τυραννουμένας
736 661 876 713 πόλεις
914 661 1198 718 παραδώσεις,
1229 659 1360 712 αὐτὸς
1389 664 1435 704 δὲ
1461 661 1708 716 μονάζοντος

264 727 356 780 βίον
399 724 536 781 ζήσεις
564 722 746 785 ἐν”Αθῳ
782 729 837 785 τῷ
873 727 973 785 ἱερῷ
1020 724 1047 783 ἦ
1079 722 1237 770 ἄλλοθί
1258 744 1350 781 που,
1384 725 1464 784 ὅπη
1493 725 1544 770 ἂν
1567 731 1706 787 δοκῇ,

223 791 514 846 Βκαθήμενος,
544 794 767 848 στέργομεν
793 795 868 835 καί
893 792 1026 848 αὐτοὶ,
1056 794 1129 836 καί
1156 794 1277 836 οὐδὲν
1306 790 1405 836 ἄλλο
1435 797 1641 848 λείπεται,
1678 787 1707 849 ἢ

266 853 431 898 διδόναι
460 860 737 912 προθεσμίαν,
780 862 880 901 καθ’
917 858 968 915 ἢν
996 859 1097 913 ἡμῖν
1128 857 1204 908 τοὶς
1242 857 1385 908 πόλεις
1426 859 1760 915 παραδώσεις,ιο

265 921 366 975 περί
390 923 436 964 δὲ
479 922 816 976 προγραμμάτων
846 924 920 966 καί
945 921 1240 976 δικαιωμάτων
1267 925 1339 965 καί
1365 926 1448 966 τῶν
1474 926 1519 966 ἐν
1545 926 1708 978 δεσμω-

265 988 424 1041 τηρίοις
441 990 739 1041 κατεχομένων,
770 990 810 1031 εἰ
832 987 1182 1044 οἷπολυθήσονται,
1209 984 1237 1044 ἢ
1264 990 1304 1031 εἰ
1330 988 1600 1043 ἀποδώσομεν
1628 987 1712 1032 azia

263 1057 350 1101 τοῖς
378 1049 429 1094 τὰ
454 1053 623 1102 δικαίως
650 1054 913 1111 ἀφῃρημένα,
930 1057 1004 1096 καί
1028 1054 1126 1109 περὶ
1150 1057 1345 1107 προνοίας
1369 1057 1450 1097 τῶν
1475 1055 1544 1097 σοι’
1560 1053 1708 1103 ‹malosv-⁴

264 1134 350 1159 των
389 1119 549 1172 μηδένα
590 1116 710 1173 λόγον
748 1118 801 1162 σύ
852 1122 991 1162 ποιοῦ.
1057 1120 1176 1176 ἡμεῖς
1213 1120 1293 1176 γὰρ
1334 1119 1470 1163 ἱκανοὶ
1501 1119 1706 1176 περὶτῶν

263 1181 463 1224 τοιούτων
488 1186 742 1226 σκέπτεσθαι
768 1184 843 1226 καί
883 1191 1024 1238 ποιεῖν,
1067 1183 1166 1227 ἅττα
1208 1181 1260 1227 ἂν
1291 1187 1391 1243 δοκῇ
1416 1189 1609 1240 λυσιτελῆ
1636 1186 1760 1229 καίιό

265 1250 454 1290 δι’καια.”
479 1251 654 1290 τοιαῦτα
680 1248 916 1304 γράψαντες
943 1253 1015 1307 καί
1041 1252 1213 1300 οἰκείαις
1240 1250 1314 1292 καί
1339 1247 1466 1293 αὐτοὶ
1490 1251 1713 1306 &noevum->

263 1309 432 1366 νάμενοι
458 1310 749 1370 ὖπογραφαῖς,
795 1314 869 1356 τὸν
911 1319 1094 1358 Λατῖνον
1121 1316 1517 1370 μεταπεμψάμενοι,
1549 1313 1706 1368 πάντα,

265 1375 447 1433 ἔφασαν,
479 1374 508 1419 ἅ
533 1394 577 1420 τε
607 1378 734 1429 αὐτὸς
761 1380 877 1435 ἠξίου
907 1380 979 1422 καί
995 1380 1343 1436 Καντακουζηνὸς
1373 1380 1545 1434 ἱκέτευε,
1566 1396 1708 1423 πεποι-

261 1443 422 1498 ηκέναι,
444 1442 516 1485 καί
542 1444 782 1486 ἐδείκνυσαν
811 1443 862 1486 τὰ
891 1444 1516 1503 γράμματαὑπογεγραμμένα,
1543 1446 1600 1496 (ὃς
1629 1447 1714 1489 οιτῗ-Δ

263 1513 350 1557 τοῖς
389 1510 472 1550 τῶν
518 1507 617 1564 περὶ
652 1511 728 1563 τῆς
769 1508 934 1566 εἰρήνης
963 1508 1095 1565 λόγων
1133 1508 1298 1554 πάντων
1325 1514 1760 1569 περιειλημμένων·2ο

142 1576 260 1623 Ρ.644
273 1570 362 1625 ἅμα
405 1574 451 1615 δὲ
493 1573 567 1615 καί
601 1576 847 1630 παρείχοντο
887 1576 1015 1634 αὐτῷ.
1070 1574 1092 1618 ὃ
1123 1579 1171 1619 δὲ
1200 1579 1415 1621 διαλέκτου
1444 1594 1489 1620 τε
1517 1580 1592 1634 τῆς
1616 1578 1706 1620 Ἑλ-

264 1639 431 1693 ληνικῆς
467 1639 541 1680 καί
569 1636 913 1695 γραμμάτωνοῖν
949 1637 1121 1700 ἄπειρος
1147 1647 1406 1697 παντάπασι,
1454 1649 1540 1694 τοῖς
1567 1642 1706 1698 λόγοις

261 1703 485 1759 ἀρκεσθεὶς
510 1706 585 1756 καί
619 1711 710 1755 ταῖς
737 1706 1030 1764 ὑπογραφαῑς,
1071 1707 1227 1759 πολλὰς
1267 1711 1408 1759 αὐτοῖς
1447 1708 1705 1765 ὁμολογήσας

260 1767 434 1826 χάριτας
471 1772 547 1824 τῆς
589 1770 906 1829 εὔγνωμοσύνης
946 1775 1020 1817 καί
1053 1777 1135 1817 τῶν
1160 1775 1388 1829 “Ρωμαίων
1427 1777 1502 1831 τῆς
1528 1777 1703 1831 κηδεμο-

358 1880 408 1904 ιι.
433 1852 672 1916 πραγμάτων
695 1870 744 1904 Μ.
773 1882 838 1917 pro
862 1873 1189 1921 προγραμμοέτων.

258 1961 342 1986 vem
376 1951 421 1987 de
459 1957 495 1986 te
529 1953 691 1988 locutum
727 1954 918 1991 affirmasti.
973 1957 1079 1992 Nunc
1103 1965 1225 1995 autem
1248 1958 1321 1994 tale
1346 1960 1517 2008 effugium
1540 1964 1701 2010 reperire

260 2005 298 2033 et
335 1997 431 2032 dicta
463 1999 606 2045 longius
645 2000 788 2036 differre
821 2003 891 2037 tibi
915 2014 989 2038 non
1015 2006 1237 2044 conceditur.
1296 2007 1398 2041 Tuae
1431 2009 1528 2042 enim
1562 2010 1609 2044 ad
1632 2022 1699 2045 nos

258 2045 406 2078 litterae
445 2049 481 2079 et
517 2046 655 2091 legatus
694 2047 845 2083 Latinus
887 2049 958 2084 fide
993 2050 1122 2097 dignus
1150 2058 1186 2087 te
1210 2053 1436 2098 redarguent.
1485 2055 1590 2101 Quae
1614 2068 1698 2103 ergo

259 2091 458 2136 scripsisti,
483 2096 518 2125 te
542 2093 693 2139 imperio
719 2099 757 2128 et
783 2095 1096 2133 administratione
1123 2099 1320 2142 abiturum,
1338 2101 1545 2148 oppidaque
1573 2109 1700 2138 contra

259 2138 311 2170 fas
337 2149 378 2170 ac
403 2140 587 2182 tyrannice
613 2146 785 2185 occupata
811 2142 1057 2184 redditurum,
1084 2150 1121 2179 et
1146 2146 1308 2192 quietam
1330 2148 1496 2182 monachi
1523 2150 1634 2183 vitam
1657 2149 1723 2184 in-

260 2195 357 2218 sacro
396 2190 521 2219 monte
550 2185 644 2219 Atho
690 2193 754 2222 aut
790 2188 855 2222 ubi
878 2190 1056 2234 placuerit
1072 2198 1312 2233 exacturum,
1347 2204 1390 2227 ea
1415 2199 1453 2228 et
1474 2206 1538 2229 nos
1560 2196 1697 2242 proba·
1720 2219 1722 2222 v

261 2241 363 2271 mus,
402 2230 570 2276 nihilque
606 2239 739 2275 restat,
776 2235 848 2268 nisi
873 2236 971 2270 diem
1007 2239 1199 2282 praefinire
1235 2239 1325 2280 tibi,
1355 2252 1428 2286 quo
1458 2241 1566 2276 urbes
1589 2243 1725 2277 resti-v

259 2281 350 2310 tua-⁹1.
400 2277 455 2310 De
481 2289 518 2312 re
542 2278 689 2322 publica
730 2287 849 2314 autem
883 2288 921 2317 et
953 2283 998 2317 de
1033 2283 1170 2318 iudicio
1195 2286 1448 2321 constituendo
1485 2293 1522 2320 et
1545 2289 1590 2322 de
1611 2300 1696 2323 cura

259 2327 405 2355 tuorum
441 2328 481 2358 tu
522 2326 600 2358 sine
632 2337 715 2360 cura
754 2333 848 2361 esto:
883 2339 948 2362 nos
975 2331 1110 2375 quippe
1138 2331 1295 2366 adhaec
1318 2338 1355 2365 et
1380 2334 1632 2379 perspicienda
1657 2341 1697 2370 et

259 2368 450 2410 facienda,
476 2379 655 2415 quatenus
692 2373 880 2408 commoda
908 2380 945 2409 et
977 2376 1071 2410 iusta
1096 2377 1186 2419 sint,
1221 2379 1308 2412 satis
1333 2380 1503 2414 valemus.
1552 2382 1694 2427 Scripta

258 2413 326 2447 hac
354 2416 508 2460 epistola
546 2423 582 2452 et
617 2418 947 2465 subscriptionibus
970 2421 1146 2465 adiectis,
1181 2425 1312 2459 Latino
1339 2429 1536 2469 accersito,
1570 2428 1694 2462 omnia

260 2471 427 2506 quaeque
453 2463 530 2509 ipse
553 2464 729 2500 voluisset
759 2478 925 2513 quaeque
965 2469 1236 2504 Cantacuzenus
1275 2478 1430 2514 orasset,
1466 2484 1504 2508 se
1540 2474 1693 2519 pmesti-

258 2508 346 2540 tisse
381 2515 606 2552 memorant,
639 2523 773 2558 easque
808 2514 969 2555 litteras,
999 2516 1131 2560 quibus
1156 2522 1232 2551 tota
1256 2520 1351 2562 pacis
1380 2521 1548 2555 tractatio
1572 2520 1693 2554 conti-

258 2558 427 2595 neretur,
451 2556 632 2590 exhibitas
659 2559 694 2592 ei
722 2559 878 2593 tradunt.
928 2561 994 2595 Ille
1020 2562 1223 2596 litterarum
1251 2565 1468 2599 Graecarum
1492 2577 1534 2599 ac
1556 2577 1693 2600 sermo-

257 2601 314 2635 nis
345 2602 492 2636 omnino
519 2614 642 2648 expers
666 2628 674 2647 ‚
699 2606 816 2639 verbis
844 2618 967 2640 eorum
995 2619 1036 2640 ac
1063 2610 1390 2656 subscriptionibus
1415 2618 1620 2653 contentus,
1646 2613 1691 2646 de

258 2646 445 2691 aequitate
485 2650 721 2684 Romanorum
759 2659 796 2686 et
830 2653 1074 2689 sollicitudine
1099 2657 1222 2690 multis
1249 2658 1368 2691 verbis
1396 2659 1524 2703 gratias
1549 2660 1623 2704 agit.
1655 2663 1691 2692 et

259 2703 339 2725 cum
365 2693 517 2736 epistola
546 2695 839 2739 Didymotichum
864 2700 1020 2734 festinat.
1069 2702 1255 2737 convento
1279 2705 1507 2750 salutatoque
1531 2705 1690 2750 impera-

257 2743 358 2781 tore,
382 2739 457 2781 Eu,
491 2740 631 2787 inquit,
666 2743 838 2787 advenio,
872 2747 916 2781 de
951 2759 1037 2793 pace
1074 2749 1193 2784 ferens
1222 2750 1291 2784 tibi
1316 2751 1509 2796 evangelia.
1558 2753 1690 2788 Omnia
