1800 3138
523 165 896 209 maronianum
935 170 1009 208 111.
1038 169 1105 214 36.
1436 149 1546 204 223

121 266 307 322 α’δελφῆς
350 267 425 308 τοῦ
461 265 629 321 πρώτου
673 266 759 308 τῶν
787 262 1091 320 Παλαιολόγων
1121 267 1324 320 βασιλέως
1368 265 1638 322 ΜιχαὴλΑ.Ο.
1658 273 1742 320 1342

116 334 189 385 τῆς
216 331 407 387 Μάρθας
435 332 871 386 προσαγορευομένην,
918 333 964 373 έν
991 337 1076 380 τοῖς
1116 331 1320 390 πατρῴοις
1345 335 1550 388 κατέθηκε

115 397 278 452 τάφοις.
329 395 473 438 ἔπειτα
501 396 660 437 ἐκεῖθεν
686 394 792 451 πρὸς
823 397 1026 449 βασιλίδα
1055 397 1356 453 ἀναστρέψασα
1364 431 1377 451 ‚
1416 394 1550 452 ἅπήγ·

114 466 222 515 γειλε
249 460 323 516 την
352 461 547 516 ὠμότητα
578 460 652 502 καί
675 462 752 515 τῆν
780 462 1088 516 ἀπανθρωπίαν
1112 462 1194 503 τῶν
1220 461 1430 516 ἀρχόντων
1447 496 1460 516 ,
1489 461 1542 518 ἣν

88 526 214 583 saepi
238 529 395 582 ἐκείνην
419 528 675 576 ἐνεδείξαντο
705 521 808 582 όῖχρι
839 528 1046 582 τελευτῆς.
1101 526 1128 583 ἦ
1171 528 1209 569 δ’
1234 524 1373 583 ὅρκοις
1411 530 1544 582 διεβε-

113 595 310 646 βαιοῦτο,
338 593 470 647 μηδὲν
497 593 651 633 εἰδέναι
679 593 764 634 τῶν
789 593 1079 647 γεγενημένων,
1110 591 1217 648 πλήν
1244 590 1305 635 ὅτι
1335 592 1669 649 εἴργεσθαιΡ.470

113 658 408 713 προσετέτακτο
436 658 534 712 παρ’
559 654 712 713 αὐτῆς,
759 657 1029 712 κατεγίνωσκέ
1071 673 1117 700 τε
1148 657 1219 700 καί
1256 659 1364 714 αὕτη
1392 659 1547 715 πολλὴν

113 721 281 764 ἐκείνων
306 719 381 776 την
407 720 621 776 ἀπήνειαν.
646 721 750 775 μετὰ
783 725 831 765 δὲ
851 722 927 778 τὴν
955 724 1115 779 ἐκείνης
1143 723 1340 778 τελευτὴν
1363 723 1412 766 τὰ
1440 724 1548 781 χρή-

111 804 226 841 ματα
254 789 410 843 ἐκείνης
433 803 477 829 τε
504 787 578 829 καί
601 790 676 830 τοῦ
701 787 800 831 υἱοῦ
843 790 1086 844 διηρευνιῖτο
1112 790 1185 831 καί
1224 789 1354 832 πολλοὶ
1381 792 1547 834 ἐκείνων

65 855 367 909 ιοὲξευρίσκετο
386 884 397 906 ,
427 851 610 906 μα’λιστα
640 855 680 895 δ’
705 850 770 895 ὅτι
795 855 867 896 καί
893 853 1154 910 πατριάρχης
1181 853 1284 898 κατα
1315 859 1399 911 τῶν
1427 855 1549 911 ἐχόν-

110 935 193 961 των
219 920 376 970 ἐξεῖπεν
404 916 664 974 ιῖφορισμὸν,
705 917 753 961 ὃν
779 916 890 974 εἶχεν
917 916 1060 975 ῶσπερ
1087 918 1179 962 τινὰ
1208 919 1443 977 δορυφόρον
1457 927 1548 972 ταῖς

110 982 370 1039 παρανόμοις
397 985 644 1037 ἐπιθυμίαις
670 981 826 1034 πάσαις
866 985 1043 1036 ὄξύτατα
1078 985 1377 1040 ὑπηρετοῦντα.
1430 983 1478 1029 ὃν
1508 986 1547 1029 οἱ

109 1051 256 1091 πολλοὶ
279 1051 362 1092 τῶν
386 1047 567 1103 ἑχόντων
595 1051 815 1103 δείσαντες,
844 1053 1038 1106 φέροντες
1065 1048 1119 1092 τά
1148 1051 1439 1107 φυλαττόμενα
1466 1070 1548 1094 πα-

112 1121 278 1172 ρεῖχον·
307 1114 346 1158 οἱ
374 1116 421 1158 δὲ
450 1116 522 1158 καί
547 1115 604 1164 ὥς
631 1114 748 1170 παρὰ
777 1117 894 1170 δίκην
918 1117 1135 1170 γινομένου
1163 1119 1546 1173 καταφρονοῦντες,

64 1183 215 1232 ι5τέως
236 1184 314 1235 μὲν
340 1186 551 1235 κατεῖχον,
578 1180 717 1238 χρόνῳ
755 1182 802 1222 δὲ
833 1179 1011 1235 ὕστερον
1054 1178 1136 1222 ὖπὸ
1179 1184 1259 1223 τῶν
1298 1182 1546 1225 συνειδότων

109 1244 350 1302 μηνυόμενα
391 1247 524 1288 πάντα
565 1246 778 1302 α’ναλώθη.
835 1243 948 1287 οὕτω
977 1247 1024 1288 δὲ
1051 1241 1158 1302 ἦσαν
1188 1251 1361 1289 πλεῖστα
1392 1245 1454 1289 τοὶ
1475 1250 1575 1299 ,ἐξ-Β

109 1310 406 1368 ευρισκόμενα,
442 1309 564 1365 ῶστε,
591 1311 725 1353 καίτοι
750 1313 910 1353 πολλῶν
935 1310 1044 1353 αὐτὰ
1067 1309 1267 1367 πρότερον
1290 1315 1544 1368 συμμεριζο-

110 1379 275 1431 μένων,
312 1379 387 1419 καί
427 1374 477 1420 td
515 1379 593 1430 μὲν
632 1376 888 1419 Ἀποκαύκου
917 1378 991 1418 τοῦ
1021 1376 1204 1431 μεγάλου
1233 1377 1382 1426 δουκὸς
1409 1395 1542 1433 παρα-

111 1444 350 1496 κατέχοντος
367 1475 379 1496 ,
409 1444 527 1496 ἕτερα
556 1444 602 1484 δὲ
631 1445 672 1484 Γ
669 1444 808 1495 αβαλᾶ
835 1443 909 1484 τοῦ
938 1446 1283 1497 πρωτοσεβαστοῦ
1296 1476 1309 1496 ,
1341 1445 1544 1500 (κάκεῖνος

58 1507 189 1563 wydo
217 1509 439 1562 συνάρχων
470 1509 526 1563 τῷ
548 1508 711 1564 μεγάλῳ
751 1507 870 1548 δουκί
894 1506 947 1549 ui
977 1507 1092 1549 κοινοὶ
1131 1509 1271 1566 διῴκει
1314 1511 1387 1551 καί
1411 1510 1543 1562 μεσά-

114 1574 195 1624 ζων
220 1571 405 1626 βασιλίδι
432 1566 531 1627 ἧν,)
573 1571 646 1613 καί
672 1569 889 1624 Κιννάμου
917 1573 995 1613 τοῦ
1022 1576 1227 1625 μυστικοῦ
1253 1575 1337 1616 τῶν
1378 1578 1543 1627 βασιλι-

111 1640 194 1680 κῶν
217 1635 444 1692 χρημάτων
471 1635 562 1679 τότε
586 1639 738 1690 ταμίου
769 1632 886 1685 ὄντος
900 1669 913 1688 ,
934 1638 1007 1677 καί
1033 1640 1192 1679 πολλῶν
1219 1635 1371 1693 ἑτέρων
1399 1637 1542 1680 εὐνού-

106 1719 219 1757 χων,
248 1705 292 1745 οἳ
314 1703 670 1758 παρεδυνάστευον
689 1734 701 1755 ,
748 1698 863 1755 ὅμως
899 1703 945 1744 ἐκ
971 1704 1052 1743 τῶν
1082 1700 1413 1756 ὑπολειπομένων
1440 1706 1542 1746 οἴνα-

110 1770 339 1822 λίσκοντες,
373 1766 445 1811 τὸν
487 1766 592 1824 πρὸς
633 1769 809 1822 βασιλέα
851 1765 1031 1821 πόλεμον
1069 1767 1371 1823 συνεκρότουν·
1411 1766 1542 1819 οὕτως

110 1925 241 1960 sororis
265 1925 413 1970 inquam
437 1922 627 1958 Michaelis
658 1922 767 1967 primi
806 1921 1029 1967 palaeologi,
1067 1922 1228 1956 Marthae
1263 1923 1468 1968 appellato,
1502 1925 1541 1959 in

109 1975 259 2017 paterno
290 1974 523 2004 monumento
556 1969 770 2014 composuit.
818 1968 958 2002 Deinde
986 1969 1176 2013 Augustam
1201 1969 1352 2010 adiens,
1382 1969 1541 2004 cruden-

108 2025 220 2052 tatem
244 2017 476 2050 inhumanam
501 2017 710 2050 archontum
735 2015 933 2054 nuntiavit,
969 2026 1040 2060 qua
1066 2016 1103 2048 in
1128 2026 1206 2048 eam
1235 2027 1348 2060 usque
1374 2016 1418 2049 ad
1444 2027 1539 2050 mor-

110 2069 185 2098 tem
209 2064 430 2101 saeviissent.
463 2063 529 2096 llla
554 2063 669 2096 Deum
693 2060 931 2106 hominesque
954 2061 1095 2101 testari,
1114 2061 1208 2094 nihil
1232 2062 1359 2095 horum
1373 2073 1411 2094 se
1430 2063 1539 2096 scire:

111 2108 358 2144 tantummodo
384 2109 530 2143 iussisse
564 2108 603 2142 in
628 2118 800 2142 carcerem
826 2107 928 2147 dari,
965 2112 1001 2140 et
1035 2118 1158 2140 eorum
1192 2107 1381 2140 barbaram
1417 2108 1540 2142 ferita-

111 2161 185 2190 tem
209 2157 287 2201 ipsa
309 2166 454 2201 quoque
477 2154 664 2189 exsecrari.
710 2153 912 2187 Secundum
936 2153 1076 2186 obitum
1102 2154 1190 2191 eius,
1216 2154 1280 2187 filii
1298 2154 1451 2199 pecunia
1478 2156 1538 2188 in-

109 2203 236 2247 dagata
263 2206 301 2235 et
324 2201 448 2246 iugens
481 2202 627 2234 inventa
657 2205 720 2234 est.
769 2199 866 2245 Quia
903 2200 999 2232 enim
1029 2199 1230 2244 patriarcha
1260 2200 1428 2233 adversus
1459 2211 1537 2234 eam

108 2252 287 2282 servantes
312 2247 646 2282 anathematismum
668 2245 880 2286 vibraverat,
904 2250 1032 2291 (quem
1055 2246 1155 2279 velut
1177 2247 1381 2279 ministrum
1405 2257 1446 2280 ac
1476 2258 1539 2280 sa·-

106 2295 262 2330 teilitem
289 2293 476 2340 quemdam
503 2294 683 2327 sceleratis
707 2291 965 2337 cupiditatibus
987 2293 1062 2325 suis
1086 2292 1252 2325 omnibus
1272 2294 1537 2337 promptissime

109 2341 362 2374 inservientem
388 2339 576 2385 habebat‚)
598 2350 677 2374 eum
701 2339 807 2372 multi
831 2343 1051 2377 metuentes,
1076 2338 1291 2371 custoditam
1315 2349 1336 2370 a
1361 2350 1399 2372 se
1422 2350 1535 2384 pecu-

109 2389 207 2420 niam
233 2386 442 2423 afferebant.
485 2386 560 2429 Alii
582 2384 650 2419 hoc
685 2385 821 2418 fulmen
844 2385 946 2419 velut
977 2385 1151 2418 iniustum
1188 2383 1448 2430 despicientes,
1472 2387 1535 2419 in-

110 2433 217 2466 terim
244 2431 472 2473 retinebant,
504 2432 620 2466 donec
641 2441 662 2464 a
686 2432 839 2466 consciis
862 2430 1007 2475 prodita
1042 2430 1258 2475 penitusque
1296 2430 1463 2466 distracta
1495 2437 1535 2466 et

112 2478 307 2513 distributa
329 2483 395 2513 est.
442 2478 531 2512 Tam
555 2483 674 2513 autem
698 2477 974 2511 innumerabilis
1001 2477 1083 2516 fuit,
1109 2480 1161 2514 ut,
1192 2487 1403 2554 Quamquam
1427 2478 1533 2511 multi

111 2534 187 2558 eam
213 2527 309 2559 inter
334 2535 372 2558 se
397 2525 616 2568 partirentur
638 2529 676 2558 et
700 2534 781 2568 pars
797 2521 1024 2568 Apocaucho‚
1048 2532 1174 2565 magno
1226 2523 1294 2562 uei,
1317 2523 1533 2569 obtingeret,

110 2581 189 2615 pars
213 2571 372 2604 Gabalae
398 2570 655 2614 protosebasto,
681 2570 778 2615 (nam
804 2575 842 2603 et
871 2572 900 2602 is
923 2567 1138 2613 Apocaucho
1166 2574 1240 2602 erat
1262 2569 1299 2602 in
1325 2580 1363 2602 re
1387 2570 1532 2614 publica

111 2617 265 2660 regenda
300 2618 417 2651 socius
441 2622 478 2650 et
502 2617 733 2662 imperatricis
761 2616 865 2649 auiae
892 2614 1096 2659 praefectus
1129 2615 1202 2646 sive
1239 2618 1412 2661 cumton)
1450 2628 1531 2660 pars

112 2662 308 2703 cinnamo,
332 2663 455 2697 comiti
480 2671 652 2697 sacrarum
678 2663 929 2706 largitionum,
954 2660 1151 2706 multisque
1176 2660 1322 2705 insuper
1345 2662 1533 2702 eunuchis,

111 2709 176 2753 qui
203 2709 310 2743 simul
336 2708 628 2749 dominabantur,
658 2708 893 2743 nihilominus
916 2717 961 2740 ex
994 2706 1145 2750 reliquis
1167 2707 1361 2750 impensam
1387 2709 1424 2740 in
1452 2708 1531 2741 bei-

113 2753 187 2788 lum
225 2760 354 2791 contra·
374 2755 656 2791 Cantacuzenum
693 2754 896 2790 tolerarent.
945 2751 1114 2786 Ceterum
1144 2752 1350 2798 imperatrix
1379 2755 1531 2788 multum
