1800 3138
524 181 899 227 ms'romAmJM
938 188 1008 228 ln.
1052 191 1120 232 sa.
1405 168 1512 222 205

87 290 129 338 ἐξ
169 283 263 330 ὅπου
305 288 352 328 δὲ
379 281 503 327 ἄδικα
531 285 604 327 καί
624 284 847 340 παράνομα
876 285 1066 342 διενοήθη
1096 288 1168 328 καί
1190 288 1265 328 τοῦ
1285 278 1415 329 πολλὰ
1443 294 1604 330 πε-ΑὩ.
1621 293 1707 338 1342

87 352 305 408 φιληκότος
339 353 544 403 βασιλέως
585 354 754 392 κτείνειν
795 347 962 405 ὥρμητο
1001 351 1101 400 τούς
1141 353 1295 402 παῖδας
1334 354 1408 394 καὶ
1441 351 1515 407 τὴν

80 419 300 470 Ῥωμαίων
337 416 554 469 βασιλειάν
576 412 714 472 ἑαυτῷ
740 421 994 472 περιποιεῖν,
1023 416 1278 470 μισήσαντες
1305 415 1380 472 τήν
1406 416 1515 469 γνώ-

86 499 167 537 μην
210 483 267 531 ὥς
292 482 575 535 ἀπάνθρωπον
607 484 680 522 καί
703 480 913 536 πονηράν,
954 481 1134 534 πόλεμόν
1160 497 1206 523 τε
1233 481 1336 535 πρὸς
1364 484 1517 524 ἐκεῖνον

61 546 280 603 δήράμεθα
319 548 512 602 φανεραῖς
537 545 644 601 ὑπὲρ
674 545 792 599 ὑμῶν
817 548 891 587 καί
916 547 968 588 τά
996 548 1172 600 μέγιστα
1200 545 1331 588 αὐτὸν
1355 549 1427 588 καί
1451 550 1518 601 γε’-

87 627 157 660 νος
182 615 257 654 καί
284 612 459 661 οἰκείους
498 609 777 664 ἐκακώσαμεν.
848 613 921 652 καί
938 614 1012 652 νῦν
1035 613 1094 660 εἰς
1112 614 1301 653 τοσοῦτον
1326 611 1520 664 ὁμονοίας

85 673 260 731 ἥκομεν,
288 675 344 724 ὥς
371 675 420 717 οὗ
445 675 648 730 χρήματα
674 675 816 729 μόνον,
848 675 954 717 ἄλλα
982 674 1054 716 καί
1082 674 1227 730 ψυχάς
1255 675 1385 725 αὐτάς
1411 676 1547 732 ἥδέ-0

86 757 143 790 ως
180 739 456 797 προησόμενοι
490 743 764 794 πολεμοῦντες
804 743 918 797 αὐτῷ
946 738 1051 795 ὑπὲρ
1081 741 1216 793 ὑμῶν.
1273 738 1339 783 ὅτε
1368 738 1444 784 οὖν
1470 740 1521 797 ἡ-

83 812 176 859 μεῖς
201 806 401 860 τοσαύτην
419 801 584 848 εὔνοιαν
609 809 682 848 καί
707 807 948 862 προθυμίαν
974 803 1076 860 πρὸς
1094 806 1206 859 ὑμᾶς
1223 808 1520 859 ἐνεδειξάμεθα

36 869 182 922 ιοτούς
204 873 414 925 βασιλέας,
442 873 523 913 τῶν
554 868 818 914 ἇδικωτάτων
859 867 912 912 ἂν
942 869 1021 926 εἴη,
1054 874 1361 914 καταλιποῦσαν
1389 873 1520 926 αὐτὴν

83 937 195 991 ἡμᾶς
231 938 303 978 καί
338 939 437 991 παρ’
475 932 598 978 οῦδὲν
626 935 703 991 τήν
746 937 951 991 ἡμετέραν
988 937 1262 991 λογισαμὲνην
1289 940 1516 992 σωτηρίαν,

94 1003 350 1062 σπένδεσθαι
375 1003 435 1058 τῷ
463 1000 756 1060 πολεμιωτάτῳ
786 1003 861 1056 τῆς
904 1002 1013 1050 ἰδίας
1040 1000 1243 1057 ω’φελείας
1270 1004 1410 1054 ἕνεκα,
1439 1001 1522 1056 εἴγε

86 1069 158 1108 καί
181 1067 364 1122 ω’φέλειά
391 1083 453 1116 τις
480 1069 629 1119 ἕψεται
656 1068 702 1108 ἐκ
728 1069 800 1122 τῆς
828 1066 1017 1122 εἰρήνης,
1046 1065 1154 1108 ἀλλὰ
1181 1065 1241 1121 μή
1273 1066 1410 1121 βλάβη
1438 1069 1521 1108 δει-

85 1134 229 1188 νοτέρα
255 1134 301 1174 ἐκ
327 1134 411 1174 τῶν
437 1134 511 1174 τοῦ
537 1133 719 1185 πολέμου
747 1134 1028 1186 γενησομένων
1058 1131 1244 1172 ἁπασῶν.
1298 1128 1328 1172 ἃ
1342 1130 1421 1185 γάρ
1442 1133 1521 1173 αὕ-

37 1196 135 1252 ιότή
159 1196 257 1252 περὶ
281 1199 355 1252 τῆς
374 1195 475 1252 πρὸς
499 1198 654 1239 ἐκεῖνον
681 1195 843 1253 εἰρήνης
868 1199 942 1251 τῆς
968 1193 1258 1251 παρελθούσης
1286 1197 1522 1251 διειλέχθης

83 1262 245 1315 νυκτὸς,
283 1263 373 1304 οὐδ’
414 1263 528 1317 ἡμᾶς
569 1264 764 1304 διέλαθεν
804 1264 876 1304 ἐπὶ
912 1265 1074 1304 πολλῶν
1117 1262 1314 1316 εἰρημένα
1360 1261 1520 1310 ἀκοαῖς.

82 1330 235 1370 ἐκεῖνον
259 1329 338 1382 μὲν
365 1323 439 1370 οὖν
462 1329 596 1383 ἡμεῖς,
625 1327 683 1376 ὥς
711 1328 811 1369 κατά
844 1330 924 1369 σοῦ’
953 1328 1025 1369 καί
1051 1330 1134 1369 τῶν
1161 1328 1323 1368 παίδων
1352 1326 1405 1368 τὰ
1434 1328 1519 1367 δει-

84 1395 234 1435 νότατα
261 1393 335 1435 καί
360 1394 655 1446 διανοούμενον
679 1393 751 1434 καί
775 1388 859 1447 ἤδη
882 1392 1127 1448 πράττοντα,
1155 1388 1296 1446 ὥσπερ
1319 1388 1402 1432 άπὸ
1422 1393 1523 1443 μιιῖς

83 1457 246 1512 γνώμης
276 1457 468 1509 πολέμιόν
493 1474 536 1500 τε
567 1456 814 1513 ἡγησάμεθα
842 1460 914 1499 καί
941 1457 1132 1509 οὐδενὸς,
1181 1455 1276 1510 τόγε
1313 1457 1372 1505 εἰς
1409 1456 1560 1510 ἡμᾶςι)

35 1517 212 1578 Ξοῆκον,
259 1523 526 1578 ἤμελήσαμεν
553 1525 634 1564 τῶν
658 1521 856 1576 βλάπτειν
884 1523 1140 1574 δυναμένων.
1195 1523 1234 1563 εἰ
1260 1524 1297 1562 δ’
1325 1519 1370 1562 ἔκ
1398 1537 1521 1562 τινων

84 1591 230 1631 αἰτιῶν
274 1586 299 1642 ἡ
342 1587 479 1643 εἰρήνη
517 1589 675 1639 μᾶλλον
713 1591 990 1642 συμφέρουσα
1031 1586 1243 1639 νομίζεται
1269 1585 1362 1627 νυνί
1377 1616 1388 1638 ,
1431 1581 1524 1625 οὔδ’

83 1654 201 1709 ἡμεῖς
243 1651 576 1705 ἐναντιωσόμεθα
612 1652 717 1708 πρὸς
744 1652 797 1693 τά
827 1652 1059 1707 φαινόμενα
1101 1655 1350 1703 λυσιτελεῖν,
1393 1651 1520 1703 μόνον

181 1781 211 1814 3.
238 1779 462 1824 νομίσαντες
485 1781 531 1813 Μ.
559 1791 622 1825 pro
652 1781 888 1825 μισήσαντες.

86 1918 159 1940 non
185 1906 299 1940 dicam
332 1906 465 1940 ferrum
500 1907 539 1938 in
573 1906 676 1938 illum
704 1906 906 1950 corripere,
942 1906 1007 1939 sed
1031 1916 1097 1939 nec
1124 1906 1233 1940 verbo
1264 1906 1298 1938 ei
1327 1918 1523 1952 repugnare

86 1953 268 1987 sustinuit.
317 1953 369 1986 Ex
394 1964 464 1998 quo
499 1956 617 1985 autem
653 1956 808 1984 mentem
834 1952 1004 1984 iniustam
1029 1957 1066 1985 et
1100 1953 1241 1996 legibus
1276 1953 1524 1988 adversantem

86 1999 230 2038 induit,
256 2005 293 2032 et
318 1999 376 2031 cui
401 1998 603 2030 carissimus
636 1998 724 2035 fuit,
759 1999 836 2031 eius
870 1996 1004 2031 liberos
1042 1999 1220 2031 trucidare
1254 2000 1523 2046 Romanumque

27 2077 33 2082 ,
88 2045 277 2090 imperium
310 2045 379 2077 sibi
404 2055 561 2077 asserere
587 2044 768 2084 decrevit,
795 2054 860 2076 nos
890 2044 982 2077 hanc
1007 2045 1084 2076 eius
1108 2045 1330 2078 voluntatem
1355 2046 1523 2078 inhuma-

87 2102 170 2124 nam
202 2092 482 2135 sceleratamque
507 2096 715 2130 censentes,
750 2095 788 2122 et
811 2089 948 2122 bellum
973 2090 1007 2121 ei
1032 2096 1148 2124 vestra
1180 2101 1284 2124 causa
1317 2092 1523 2133 intulimus,

89 2143 126 2171 et
148 2147 227 2169 cum
258 2140 398 2181 ipsum,
435 2142 511 2171 tum
545 2147 655 2180 genus
692 2137 770 2169 eius
807 2146 848 2169 ac
881 2136 1074 2169 familiares
1108 2138 1253 2169 summis
1286 2137 1523 2172 incommodis

88 2184 282 2216 affecimus.
332 2184 374 2217 Et
399 2193 494 2216 nunc
524 2187 624 2215 tanta
657 2187 712 2216 est
745 2184 945 2215 animorum
978 2188 1181 2215 nostrorum
1207 2184 1443 2227 conspiratio,
1483 2190 1525 2218 ut

88 2241 162 2263 non
185 2230 354 2274 pecunias
383 2228 512 2270 modo,
546 2228 610 2262 sed
643 2229 753 2262 vitam
785 2240 931 2274 quoque
969 2229 1081 2272 ipsam
1116 2240 1180 2273 pru
1217 2229 1322 2262 vobis
1349 2234 1386 2263 in
1418 2231 1523 2263 illum

88 2275 259 2308 bellando
297 2276 481 2319 cupiamus
522 2274 723 2320 prodigere.
784 2276 912 2320 ltaque
949 2285 1028 2306 cum
1065 2285 1178 2319 usque
1214 2276 1306 2309 adeo
1338 2282 1523 2321 promptos

87 2331 358 2367 propensosque
391 2321 430 2354 in
459 2326 575 2355 vestra
601 2332 708 2354 causa
732 2333 797 2354 nos
823 2321 1076 2361 exhibeamus,
1109 2321 1374 2366 iniquissimum
1401 2322 1524 2363 fuerit,

88 2368 120 2400 si
143 2372 195 2407 tu,
219 2367 324 2400 nobis
342 2366 492 2400 desertis
518 2373 556 2401 et
578 2368 695 2401 salute
719 2373 838 2400 nostra
857 2367 1040 2411 despecta,
1062 2369 1239 2411 privatum
1264 2373 1398 2402 sectere
1422 2379 1522 2402 com—

87 2413 261 2458 pendium
287 2418 324 2446 et
348 2424 426 2446 cum
462 2413 567 2447 hoste
592 2413 738 2458 capitali
766 2413 892 2446 foedus
919 2413 1119 2457 percutias:
1152 2414 1183 2446 si
1209 2419 1327 2448 tamen
1351 2425 1522 2458 compen-

90 2459 212 2500 dium,
237 2464 274 2493 et
300 2470 373 2492 non
397 2459 584 2499 omnibus,
622 2471 715 2506 quae
742 2470 760 2492 e
785 2460 883 2492 bello
909 2459 1104 2499 exsistent,
1128 2460 1268 2503 gravius
1295 2460 1522 2505 dispendium

89 2516 214 2550 pacem
251 2507 356 2538 istam
387 2505 627 2539 comitabitur.
676 2505 780 2550 Quae
806 2505 902 2539 enim
937 2505 982 2538 de
1016 2515 1104 2548 pace
1143 2517 1223 2538 cum
1253 2507 1333 2551 ipso
1363 2507 1523 2540 ineunda

90 2552 214 2585 multis
239 2551 472 2586 audientibus
499 2551 724 2592 disseruisti,
758 2562 825 2585 nec
847 2562 913 2584 uos
941 2552 1067 2587 latent.
1114 2551 1237 2596 Quare
1260 2563 1326 2585 nos
1363 2563 1443 2586 eum
1482 2558 1523 2586 ut

92 2598 132 2630 in
154 2601 192 2631 te
219 2607 260 2629 ac
287 2597 380 2630 filios
402 2602 484 2630 tuos
509 2598 692 2632 teterrima
716 2598 977 2642 parturientem
1003 2602 1039 2629 et
1063 2596 1134 2629 iam
1163 2598 1426 2643 designantem,
1455 2610 1523 2632 un-

93 2644 205 2676 animi
230 2653 404 2677 consensu
429 2650 466 2677 et
489 2643 628 2677 hostem
652 2644 894 2677 decernimus:
922 2649 959 2677 et
982 2649 1156 2687 quantum
1182 2644 1220 2677 in
1242 2644 1346 2678 nobis
1371 2649 1436 2685 est,
1462 2646 1520 2678 ni-

92 2687 172 2730 hil,
203 2690 301 2734 quod
325 2689 468 2723 laedere
491 2691 626 2734 possit,
666 2690 712 2722 ab
738 2701 780 2724 eo
810 2689 1079 2723 abstinebimus.
1128 2689 1268 2734 Quodsi
1305 2690 1522 2735 quibusdam

95 2736 313 2779 argumentis
338 2746 406 2780 pax
435 2737 473 2768 in
499 2746 667 2779 praesens
697 2736 839 2769 videtur
871 2735 1068 2768 conducere
1103 2738 1236 2780 magis,
1263 2747 1332 2770 nec
1355 2748 1420 2771 nos
1454 2736 1522 2769 ad-

94 2779 328 2823 versabimur,
354 2783 386 2816 si
414 2786 553 2816 tantum
575 2784 755 2817 communi
781 2783 942 2815 omnium
966 2786 1127 2815 nostrum
1154 2782 1290 2817 iudicio
1315 2789 1352 2817 et
1375 2788 1522 2817 senten·
