1812 3132
508 169 890 216 ms‘romAme
930 172 1002 211 111.
1035 170 1101 214 16.
1433 167 1452 203 ι
1465 149 1537 204 03

92 282 152 329 εἷς
193 277 269 333 τὴν
309 275 535 331 ὖστεραίαν
571 272 792 327 ἐπανήκειν
818 271 924 327 πρὸς
953 269 1094 313 αὐτόν.
1153 268 1246 311 ἐπεὶ
1273 269 1319 311 δὲ
1347 269 1630 310 §addamne
1649 273 1730 319 1341

90 346 292 396 τοιαῦτα,
318 343 391 383 καί
417 340 648 394 ἀμνηστίας
675 339 759 379 τῶν
787 339 924 378 κακῶν
952 337 1129 390 ἐγίνοντο
1162 333 1276 391 ὅρκοι
1301 332 1407 390 πρὸς
1434 334 1539 374 ἐκεῖ-

90 425 162 452 νον
188 410 275 466 ἰδίᾳ
305 403 419 462 παρά
450 420 494 447 τε
525 405 743 461 βασιλίδος
775 405 849 444 καί
873 403 1056 456 μεγάλου
1087 400 1333 454 δομεστίκου
1364 398 1438 440 καί
1460 415 1542 440 πα-

90 475 310 531 τριάρχου.
341 471 438 520 τούς
466 471 545 523 μὲν
580 471 734 517 Φωκᾶς
761 484 804 510 τε
837 467 909 509 καί
935 465 1084 516 Δεξιός
1113 468 1185 507 καί
1210 468 1348 521 τρίτος
1365 461 1540 519 ’Ἁμπαρ

64 539 204 594 ὄπαρά
243 554 288 579 τε
332 537 550 590 βασιλίδος
590 535 663 576 καί
689 533 952 589 πατριάρχου
983 527 1078 587 ἧκον
1107 527 1275 585 ἄγοντες
1304 532 1349 572 ἐν
1371 526 1542 582 Ἐπιβά-

87 619 203 653 ταις,
248 601 348 651 τούς
380 599 564 655 μεγάλου
606 600 853 652 δομεστίκου
885 599 932 639 δὲ
962 595 1203 652 Δημήτριος
1233 595 1255 636 ὅ
1286 596 1543 650 Κασανδρη-

92 669 175 718 νός.
231 666 303 716 οὓς
332 667 353 708 ὃ
387 666 760 722 παρακοιμιόμενος
788 662 914 717 ἰδών,
944 664 1030 704 τῶν
1056 678 1102 703 τε
1131 660 1277 715 λόγων,
1310 659 1383 709 οὓς
1401 658 1546 714 ἐποιή-

88 749 225 788 σαντο,
255 732 456 785 ἀκούσας,
507 730 613 787 πρὸς
649 731 803 772 ἐκεῖνον
841 728 1055 785 ἔφασκεν,
1099 723 1193 768 οὔθ’
1239 724 1403 782 ὅρκοις,
1450 722 1590 768 οὕτεν.
1611 732 1687 777 324

88 799 224 855 λόγοις
250 798 477 840 πείσεσθαί
501 813 633 849 τισιν,
663 796 752 838 ἀλλ’
788 792 902 852 αὐτῷ
929 792 1140 848 μελήσειν,
1172 790 1286 842 ὅπως
1307 790 1358 834 ἂν
1379 789 1536 847 ἄριστα

41 866 289 921 ποδιάθηται
318 864 370 907 τά
401 866 494 905 κατ’
521 859 662 905 αὐτόν.
720 860 757 903 οἱ
788 863 866 915 μὲν
898 857 974 902 οὖν
1003 858 1138 909 οὕτως
1167 862 1370 914 ἐπανῆκον
1398 853 1578 914 ἔπεια-Β

87 947 188 974 κτοι.
246 931 268 972 ὅ
292 932 423 984 μέγας
452 931 498 970 δὲ
528 930 792 981 δομὲστικος,
821 927 914 970 ἐπεὶ
933 926 1014 967 ὕπὸ
1036 929 1119 968 τῶν
1137 923 1396 981 πραγμάτων
1428 923 1546 978 rynel-

87 1014 180 1053 γετο
208 998 445 1047 Βυζαντίου
471 996 676 1046 ἐξελθεῖν,
709 992 779 1035 τὸν
810 991 1077 1048 πατριάρχην
1109 988 1237 1040 αὖθις
1254 991 1382 1044 μόνον
1404 1007 1544 1045 παρα.-

86 1062 259 1117 λαβών,
299 1063 384 1104 τῶν
411 1076 456 1102 τε
478 1057 690 1115 προτέρὼν
725 1055 854 1108 αὖθις
883 1059 1160 1113 ἀνεμίμνησκε
1190 1057 1323 1111 λόγων
1362 1058 1435 1096 καί
1461 1056 1548 1097 τῶν

89 1125 224 1183 ὅρκων
252 1128 336 1170 τῶν
361 1127 641 1182 γεγενημένων
667 1124 774 1181 πρὸς
804 1122 943 1166 αὐτόν.
1002 1123 1136 1165 ἐδεῖτό
1166 1139 1210 1164 τε
1240 1123 1431 1164 τοιοῦτον
1459 1137 1546 1176 φα-

42 1193 209 1249 ιόνῆναι
237 1193 311 1235 καί
335 1193 507 1235 ἐπὶτῶν
534 1189 685 1244 ἔργων,
716 1188 854 1246 ὥσπερ
884 1191 1023 1243 λόγοις
1066 1189 1336 1243 ἐπηγγείλατο
1382 1183 1547 1240 προθύ-

90 1276 204 1314 μως,
235 1261 306 1301 καί
332 1256 390 1314 μὴ
421 1259 624 1313 περιιδεῖν
654 1256 783 1298 αὐτὸν
810 1254 894 1297 ὑπὸ
922 1255 1209 1309 ,συκοφαντῶν
1243 1253 1549 1306 διαβληθέντα.

89 1324 357 1380 πατριάρχου
387 1325 434 1365 δὲ
461 1329 544 1372 τοῖς
575 1320 734 1375 ὁμοίοις
766 1316 895 1370 αὖθις
922 1322 997 1362 καί
1022 1318 1160 1373 λόγοις
1185 1320 1259 1359 καί
1280 1316 1547 1371 ἐπαγγελίαις

88 1392 357 1446 χρησαμένου
386 1390 460 1430 καί
483 1388 663 1444 θαρρεῖν
691 1386 877 1436 εἰπόντος
895 1419 907 1441 ,
938 1384 995 1436 ὥς
1024 1386 1148 1428 οὐδὲν
1174 1380 1317 1439 ἧττον,
1344 1380 1371 1438 ἢ
1400 1386 1440 1425 εἰ
1465 1399 1547 1424 πα-

93 1459 169 1512 ρῆν
200 1452 351 1508 αὐτὸς,
378 1456 460 1496 τῶν
498 1454 605 1509 ὑπὲρ
643 1450 772 1495 αὖτοῦ
801 1454 978 1494 δικαίων
1007 1451 1314 1503 ἅνθεξομένου,
1344 1446 1549 1504 ἀλλήλους

41 1521 527 1574 ειοπροσαγορεύσαντες,
574 1516 839 1574 διελύθησαν.
900 1517 921 1559 ὃ
960 1517 1093 1571 μέγας
1133 1517 1178 1557 δὲ
1208 1516 1450 1568 δομέστικος
1479 1513 1553 1556 καί

94 1587 198 1627 πᾶσι
233 1590 318 1634 τοῖς
355 1580 526 1637 ἄλλοις,
570 1583 750 1637 μάλιστα
791 1586 838 1625 δὲ
873 1589 960 1632 τοῖς
988 1581 1094 1638 πρὸς
1123 1580 1391 1636 πατριάρχην
1420 1579 1545 1637 ὀλίγῳ

92 1650 295 1707 πρότερον
331 1650 437 1704 ὑπὲρ
482 1650 558 1691 τοῦ
601 1648 784 1705 ἔφιππον
811 1649 942 1691 αυ’τόν
970 1650 1031 1696 εἰς
1057 1647 1110 1689 τά
1137 1646 1335 1701 βασίλεια
1366 1646 1541 1687 εἰσιέναι
1557 1652 1590 1686 C.

94 1718 365 1771 διενεχθεῖσι,
394 1715 524 1757 πολλοὶ
551 1715 651 1771 περὶ
675 1716 869 1766 εὐταξίας
896 1713 970 1756 καί
995 1716 1071 1768 τῆς
1101 1714 1159 1763 εἰς
1184 1710 1385 1766 βασιλίδα
1408 1710 1550 1753 εὕπει-

187 1856 221 1890 9.
247 1844 458 1878 πείσασθαί
483 1843 524 1877 Ρ.
635 1852 685 1877 12.
713 1841 776 1874 καὶ
799 1846 883 1874 ante
909 1835 1024 1876 αὖθις
1048 1838 1128 1872 add.
1155 1839 1191 1872 P.

95 1939 143 1972 Ut
165 1938 254 1972 haec
277 1938 460 1972 sententia
484 1937 605 1978 stetit,
629 1947 790 1970 seorsum
816 1937 973 1980 quisque
989 1960 998 1975 ,
1035 1934 1271 1979 imperatrix,
1304 1943 1453 1977 magnus
1482 1933 1552 1966 do-

95 1987 263 2019 mesticus
291 1992 328 2019 et
350 1983 553 2031 patriarcha
579 1983 792 2016 amnestiam
817 1982 874 2015 ini
899 1982 1133 2015 iuraverunt:
1164 1987 1201 2014 et
1224 1981 1372 2013 nomine
1397 1980 1549 2025 quidem

95 2033 337 2076 imperatricis
373 2044 414 2065 ac
446 2030 671 2077 patriarchae
705 2029 867 2069 Phocas,
897 2029 1057 2068 Dexius,
1091 2028 1246 2071 Ampar,
1281 2027 1399 2070 magni
1426 2030 1553 2060 autem

99 2078 305 2120 domestici,
342 2079 550 2111 Demetrius
579 2076 836 2116 Casandrinus‚
881 2074 1054 2119 Epibatas
1078 2077 1257 2107 venerunt
1275 2098 1287 2114 ,
1308 2082 1350 2105 ιιι
1377 2084 1458 2105 eum
1483 2072 1548 2106 adr

97 2125 282 2159 ducerent.
332 2123 476 2169 Quibus
508 2124 595 2159 visis
619 2129 656 2157 et
685 2133 811 2156 eorum
836 2120 956 2154 verbis
981 2121 1140 2160 auditis,
1165 2119 1400 2165 Apocauchus
1425 2129 1550 2164 neque

98 2173 336 2213 iuramentis,
372 2181 492 2218 neque
527 2171 611 2204 ullis
647 2169 770 2204 verbis
802 2168 914 2201 fidem
950 2179 988 2202 se
1027 2168 1310 2206 adiuncturum,
1339 2164 1401 2198 sed
1426 2171 1468 2199 ut
1491 2176 1551 2198 res

98 2229 186 2251 suae
224 2229 331 2265 quam
364 2219 501 2263 optime
533 2228 571 2251 se
603 2216 786 2256 habeant,
819 2214 891 2248 sibi
927 2225 1033 2247 curae
1059 2214 1223 2247 futurum
1247 2212 1440 2245 affirmavit.
1490 2213 1550 2245 Ita.

97 2265 156 2298 illi
180 2265 311 2298 frustra
336 2268 570 2298 reverterunt.
606 2263 757 2308 Magnus
779 2268 901 2296 autem
927 2261 1159 2300 domesticus‚‘
1179 2260 1351 2305 quoniam
1375 2260 1550 2302 Byzantio

102 2311 204 2345 exire
230 2311 426 2349 necessitas
453 2309 628 2355 urgebat,
650 2308 890 2354 patriarcham
916 2317 1039 2344 rursus
1065 2307 1182 2340 solum
1209 2306 1443 2350 aggrediens,
1466 2305 1546 2350 pri-

101 2369 278 2403 orumque
302 2368 505 2391 sermonum
531 2362 568 2390 et
593 2354 830 2389 iurisiurandi
856 2354 1203 2393 commonefaciens,
1227 2351 1370 2391 orabat,
1395 2357 1437 2385 ut
1459 2363 1549 2398 qua-

100 2405 174 2439 lern
203 2404 321 2437 verbis
353 2409 520 2448 prompte
546 2404 798 2448 promisisset,
830 2402 941 2435 talem
981 2413 1020 2434 se
1057 2401 1176 2444 reipsa
1212 2402 1414 2443 praestaret
1435 2402 1472 2431 et
1499 2408 1551 2432 ne

100 2450 403 2495 sycophantarum
439 2451 630 2483 calumniis
667 2448 781 2483 obiici
816 2449 935 2493 ipsum
966 2452 1164 2492 pateretur.
1215 2445 1304 2478 Cum
1340 2444 1549 2490 patriarcha

101 2498 234 2531 iterum
274 2496 404 2530 iisdem
439 2497 558 2530 verbis
583 2502 620 2530 et
642 2496 829 2541 promissis
860 2499 1051 2534 uteretur,
1082 2493 1299 2538 iuberetque
1324 2492 1395 2525 sibi
1423 2491 1549 2526 fidere:

103 2555 141 2578 se
177 2545 272 2576 enim
306 2554 420 2588 aeque
457 2554 498 2576 ac
531 2543 560 2576 si
594 2543 672 2589 ipse
708 2552 878 2587 praesens
917 2546 1061 2586 ageret,
1091 2550 1232 2572 causam
1269 2538 1347 2571 eius
1383 2534 1552 2572 abs'entis

103 2597 267 2624 acturum
302 2588 630 2635 defensurumque,
667 2589 764 2621 dicto
796 2589 875 2622 vale
913 2588 1066 2631 digressi
1101 2591 1194 2619 suut.
1243 2586 1368 2619 Postea
1395 2595 1545 2630 magnus

105 2638 321 2672 domesticus
358 2641 395 2670 et
430 2635 527 2680 apud
559 2636 648 2669 alios
678 2646 801 2668 omnes
827 2640 865 2667 et
891 2633 987 2679 apud
1013 2644 1073 2666 eos
1102 2632 1295 2676 praecipue
1315 2657 1325 2672 ,
1351 2633 1550 2678 qui-antea

55 2689 62 2694 ·
105 2695 185 2716 cum
210 2682 414 2728 patriarcha
441 2682 605 2715 altercati
634 2688 758 2720 erant,
784 2687 905 2715 utrum
933 2691 1027 2725 equo
1056 2677 1217 2712 insidens
1244 2678 1461 2712 domesticus
1481 2689 1548 2723 pa-

106 2731 234 2763 latium
259 2731 446 2768 introiret,
472 2729 585 2762 multa
610 2729 655 2761 de
683 2729 811 2761 ordine
836 2733 874 2761 et
899 2726 1166 2772 tranquillitate
1191 2725 1312 2770 deque
1334 2725 1548 2759 obedientia

109 2787 191 2823 erga
216 2777 482 2823 imperatricem
509 2775 681 2809 servanda
705 2776 849 2810 locutus
874 2778 911 2807 et
932 2777 1118 2819 postremo
1155 2773 1412 2815 comminatus,
1447 2770 1550 2806 haud
