1800 3132
472 172 853 215 HISTORIARUM
899 177 972 216 111.
1012 178 1056 223 9.
1459 156 1532 213 65

84 278 206 320 τοῦτο
232 277 396 327 ἐννοεῖν,
427 275 484 324 ὥς
510 279 678 324 πολλοῖς
716 276 801 316 τῶν
835 278 1043 329 βασιλέων
1074 279 1318 321 τελευτῶσιν
1342 277 1371 333 ἧ
1404 277 1628 333 ἄνᾶρ’-ΔΕ·
1646 280 1726 326 1341

85 343 207 400 ῥησις
230 343 382 396 ἐγίνετο
406 342 490 382 τῶν
517 341 704 391 παίδων,
741 340 913 390 οὐδενὸς
944 339 1085 392 αὐτοῖς
1105 344 1181 398 τήν
1202 345 1402 398 ἀκαιρίαν
1428 359 1536 398 μεμ-
1546 348 1665 394 V·307

86 409 284 464 φομένου,
314 404 423 448 α’λλά
451 405 629 459 πάντων,
661 402 802 461 ὥσπερ
834 408 995 450 δίκαιον
1024 404 1094 463 ἦν,
1121 410 1421 463 λογιζομένων,
1452 408 1560 463 μα’-Ι

84 477 204 515 λιστα
232 470 451 527 προσήκειν
478 473 523 513 ἐν
559 477 645 522 τοῖς
674 473 878 521 τοιούτοις
909 479 1100 528 καιροῖς,
1141 475 1190 516 οὗ
1229 476 1393 531 τρυφῆς
1419 475 1538 516 ἕνεκα

58 536 158 580 5καί
190 537 362 592 ἡδονῆς,
398 535 505 579 α’λλοὶ
544 539 622 578 τοῦ
653 540 865 592 μηδεμίαν
896 539 1112 595 πρόφασιν
1151 537 1335 589 στάσεως
1362 539 1436 586 καί
1461 557 1538 582 τα-

85 604 221 659 ραχῆς
265 603 507 658 ἐγγενέσθαι
552 609 635 653 τοῖς
671 608 861 658 πολλοῖς,
909 602 1075 647 πάντων
1119 600 1200 661 ἤδη
1250 606 1536 658 πεπεισμένων

84 667 266 724 α’κριβαῗς
287 701 300 722 ,
344 665 402 718 ὥς
429 665 510 709 ὑπὸ
540 671 717 723 βασιλέα
758 672 924 712 τελοῦσι
965 672 1037 712 καί
1076 672 1194 720 δίκας
1230 669 1414 713 δώσουσι
1456 673 1572 726 τῆςῠ

82 732 340 788 παρανοίας,
392 729 445 776 ἂν
489 735 734 790 ἐπιχειρῶσι
775 734 1026 787 στασιάζειν.
1083 736 1260 794 παρῄνει
1307 753 1350 779 τε
1403 739 1535 794 αὐτῇ,

82 796 184 847 τούς
208 799 286 851 μὲν
313 800 479 842 ἐκείνων
506 798 650 854 λόγους
675 803 844 857 χαίρειν
876 803 948 859 ἐᾷν
966 834 977 854 ,
1012 800 1169 851 αὐτούς
1199 803 1245 843 δὲ
1274 808 1433 858 χωρεῖν
1465 802 1538 844 ἐπὶ

36 861 128 906 toto
159 861 295 919 ἔργον,
329 863 385 914 ὥς
415 861 503 918 ἅμα
537 867 751 916 λυσιτελὲς
779 868 852 908 καί
879 869 1040 909 δίκαιον
1071 862 1132 913 ἷῖν.
1190 865 1216 922 ἡ
1247 869 1293 908 δὲ
1317 867 1378 923 μὴ
1406 872 1535 909 πολυ-

82 935 332 985 πραγμονεῖν
362 931 516 985 ἐδεῖτο,
541 927 649 973 ἀλλὰ
666 934 741 982 νῦν
760 934 838 984 μὲν
866 935 938 990 ἐᾷν
957 931 1028 974 διὰ
1057 932 1134 981 τὰς
1164 930 1288 983 δόξας
1321 935 1404 974 τῶν
1432 937 1535 974 πολ-

83 996 194 1048 λῶν,
224 994 346 1054 ὀλίγῳ
390 998 437 1038 δὲ
468 993 644 1053 ὕστερον
671 1003 833 1052 ποιεῖν,
861 998 985 1053 ἡνίκα
1014 995 1066 1041 ἂν
1095 1000 1167 1055 ἐξῇ
1194 1000 1268 1040 καί
1294 998 1371 1048 τὰς
1398 1000 1538 1039 λοιδο-

82 1062 178 1116 ριάς
201 1060 458 1117 διαφεύγειν.
516 1061 537 1104 ὃ
565 1065 695 1117 μέγας
725 1065 770 1105 δὲ
804 1066 1048 1117 δομέστικος
1076 1063 1180 1120 πρὸς
1207 1066 1286 1117 μὲν
1315 1066 1388 1119 τῆς
1411 1068 1537 1117 βασι-

81 1127 195 1175 λίδος
221 1125 296 1182 τὴν
325 1125 518 1170 ἔνστασιν
548 1128 671 1171 οὐδὲν
701 1129 918 1172 cimam·
964 1126 1124 1185 ἤχθετο
1154 1123 1226 1184 δὲ,
1261 1126 1323 1173 ὅτι
1353 1125 1428 1171 οὐκ
1458 1130 1538 1171 αυ’-

34 1191 142 1248 15τῷ
171 1190 221 1233 τοὶ
241 1194 416 1246 βελτίω,
445 1194 537 1235 ἀλλ’
557 1191 717 1248 ἑτέροις
741 1198 964 1251 α’λυσιτελῆ
989 1198 1308 1250 βουλευομένοις
1331 1196 1537 1252 πείθοιτο,

82 1257 214 1300 ἐκεῖνο
242 1259 320 1311 μὲν
346 1256 477 1310 οὕτως
504 1258 716 1315 ἐκωλύθη.
745 1264 884 1318 μικρῷ
928 1263 974 1304 δὲ
1003 1259 1180 1318 ὕστερον
1206 1260 1446 1316 ἤγγέλλετο,
1479 1259 1536 1310 ὥς

87 1325 308 1379 Σαρχάνης
341 1323 364 1365 ὅ
393 1327 566 1372 Λυδίας
594 1324 812 1379 σατράπης
839 1329 912 1366 καί
936 1327 1093 1379 Γιαξης
1123 1325 1228 1380 πρὸς
1257 1324 1426 1382 Θρᾴκην
1462 1341 1537 1366 πε-

83 1391 312 1443 ραιοῦσθαι
358 1388 774 1444 παρασκευάζονται,
839 1389 968 1432 ναυσὶ
1004 1390 1241 1445 ληϊσόμενοι
1279 1388 1531 1443 Ῥωμαίους.

84 1453 106 1494 ὃ
145 1453 275 1508 μέγας
296 1486 298 1489 v
319 1455 364 1496 δὲ
401 1457 639 1508 δομέστικος
678 1457 754 1496 ov'x
791 1452 964 1510 ἦμέλει,
1021 1457 1109 1498 ἀλλ’
1141 1456 1291 1498 αὐτίκα
1322 1454 1584 1511 τρι)]’ρεις,Ρ.
1602 1466 1671 1512 379

30 1515 187 1567 αοὸσας
215 1521 448 1575 ἐξαρκέσειν
478 1515 604 1578 ᾤετο,
647 1519 751 1576 πρὸς
779 1519 959 1575 πόλεμον
986 1527 1071 1572 τοῖς
1098 1520 1331 1578 βαρβάροις
1370 1524 1535 1564 ἐκέλευε

83 1585 282 1638 πληροῦν.
315 1582 390 1639 τὴν
419 1586 464 1626 δὲ
494 1583 684 1641 δαπάνην
708 1587 790 1627 τῶν
808 1586 1035 1643 τριήρεων,
1061 1587 1137 1643 τὴν
1164 1590 1242 1641 μὲν
1269 1589 1314 1629 ἐκ
1347 1590 1431 1629 τῶν
1461 1590 1536 1643 δη-

83 1649 244 1702 μοσίων
280 1654 366 1698 τοῖς
392 1650 566 1702 ταμίαις
595 1651 760 1692 ἐκέλευε
787 1653 1018 1707 παρέχειν,
1059 1651 1136 1707 τήν
1166 1655 1205 1694 δ’
1232 1651 1278 1694 ὲκ
1307 1655 1388 1694 τῶν
1416 1654 1536 1695 ἰδίων

82 1717 308 1771 παρείχετο
346 1713 481 1766 αὐτός.
538 1714 633 1758 ἐπεὶ
658 1716 704 1758 δὲ
740 1715 1029 1772 ἐπεπλήρωντο
1046 1748 1060 1772 ,
1085 1722 1178 1767 ταῖς
1225 1719 1304 1771 μὲν
1336 1718 1536 1773 ἐπέστησε

176 1828 232 1850 21.
256 1815 320 1860 τῆς
343 1814 384 1850 δὲ
408 1814 582 1859 δαπάνης
597 1818 648 1855 Μ.

83 1895 252 1929 mesticus
298 1901 334 1930 et
368 1906 435 1929 nec
475 1894 604 1930 saltem
643 1897 826 1942 cogitare,
859 1898 984 1931 multis
1010 1898 1266 1944 imperatorum
1291 1898 1532 1933 morientibus

83 1953 304 1976 successores
330 1944 452 1977 statim
478 1944 724 1989 promulgatos
752 1954 831 1978 esse
857 1945 954 1978 filios
970 1970 979 1986 ,
1015 1945 1162 1979 nemine
1187 1944 1258 1977 hoc
1282 1951 1323 1979 ut
1350 1947 1533 1990 intempe-

84 1991 212 2022 stivum
242 1989 491 2034 vituperante:
523 1990 613 2035 quin
639 1991 809 2023 omnibus
828 2016 837 2032 ‚
862 1997 971 2036 prout
1006 2002 1164 2039 aequum
1196 1996 1298 2032 erat,
1341 1993 1407 2025 tali
1441 1997 1535 2024 tem—

82 2037 164 2080 pori
198 2035 238 2069 id
274 2037 659 2070 convenientissimum
699 2038 969 2079 iudicantibus,
1013 2049 1087 2071 non
1120 2039 1227 2071 luxus
1267 2043 1304 2071 et
1335 2038 1532 2082 voluptatis

84 2083 198 2127 gratia
217 2108 226 2124 ‚
260 2082 324 2116 sed
356 2094 402 2116 nc
442 2095 512 2129 qua
551 2084 656 2128 vulgo
697 2084 889 2117 seditionis
923 2095 964 2117 ac
990 2085 1168 2118 tumultus
1194 2084 1341 2117 daretur
1365 2084 1532 2118 occasio:

84 2130 224 2163 eunctis
251 2130 322 2162 iam
346 2141 492 2176 prorsus
516 2131 782 2172 sentientibus,
809 2142 846 2164 se
872 2132 1083 2176 imperatori
1116 2130 1299 2165 subiectos
1336 2135 1372 2163 et
1405 2142 1531 2164 amen-

83 2175 174 2209 tiam
200 2176 377 2218 luituros,
402 2177 432 2209 si
459 2176 658 2211 seditiones
686 2177 880 2223 agitarint:
906 2177 1153 2224 monebatque
1178 2177 1468 2222 imperatricem,
1492 2182 1535 2210 ut

83 2223 205 2255 valere
238 2223 345 2256 iussis
377 2234 501 2256 eorum
541 2224 788 2266 sermonibus,
820 2224 867 2256 ad
901 2236 990 2270 opus
1026 2230 1097 2258 tam
1124 2225 1216 2258 utile
1242 2235 1349 2269 quam
1377 2235 1534 2271 aequum

83 2268 308 2314 procederet.
332 2274 339 2280 '
369 2271 584 2315 Imperatrix
616 2281 741 2311 orare,
794 2278 950 2316 poneret
987 2272 1138 2305 nimiam
1185 2270 1459 2304 solicitudinem
1495 2276 1534 2304 et

83 2326 182 2348 nunc
219 2315 364 2362 quidem
399 2318 596 2350 multorum
630 2318 797 2361 opinioni
829 2329 876 2350 ne
908 2322 1146 2363 repugnaret:
1185 2318 1294 2363 paulo
1320 2322 1424 2361 post,
1449 2329 1534 2351 cum

87 2361 217 2395 licebit
240 2362 522 2397 obtrectationes
549 2364 799 2409 imperitorum
828 2367 1004 2410 effugere,
1029 2365 1201 2397 facturam
1228 2363 1326 2409 quod
1353 2363 1532 2397 suaderet„

86 2409 154 2441 Ille
193 2410 360 2442 renuenti
393 2410 718 2444 contradicendum
748 2423 822 2445 non
857 2413 1020 2455 putavit:
1055 2411 1217 2457 quamvis
1258 2409 1426 2452 doleret,
1459 2421 1534 2444 non

78 2454 173 2495 sibi,
199 2455 263 2501 qui
290 2457 455 2500 potiora,
480 2457 544 2490 sed
569 2458 670 2498 aliis,
695 2459 757 2503 qui
783 2469 909 2502 parum
934 2458 1106 2503 frugifera
1131 2457 1372 2499 consulerent,
1396 2468 1534 2490 morem

87 2502 175 2546 geri.
225 2503 282 2535 lta
310 2513 364 2535 res
391 2505 540 2549 quievit.
588 2505 691 2538 Brevi
717 2504 867 2538 nuntius
894 2510 1116 2550 apportatur,
1143 2503 1375 2544 Sm-chancm,
1398 2504 1534 2548 Lydiae

81 2553 294 2592 satrapam,
335 2555 371 2582 et
402 2551 551 2594 Gyaxen
579 2552 618 2584 in
642 2551 832 2585 Thraciam
858 2551 1035 2584 Romanos
1062 2551 1320 2594 depopulatum
1345 2552 1535 2584 transmis-

89 2605 206 2631 suros.
278 2594 397 2639 Quem
438 2598 605 2631 nuntium
644 2608 790 2643 magnus
834 2596 1052 2631 domesticus
1092 2597 1242 2630 minime
1280 2598 1534 2642 negligendum

89 2646 212 2681 ratus,
246 2642 367 2675 statim
406 2643 591 2686 triremes,
632 2651 724 2689 quot
763 2644 810 2676 ad
842 2643 1007 2677 barbaris
1044 2642 1302 2677 occurrendum
1339 2645 1414 2677 fore
1452 2646 1537 2675 sazis

93 2688 330 2728 autumabat,
371 2689 566 2735 remigibus
602 2696 638 2723 et
672 2691 852 2723 militibus
877 2691 1043 2724 adornari
1080 2695 1336 2735 sumptumque
1370 2693 1407 2722 in
1445 2691 1540 2722 clas-

90 2744 167 2767 ·sem
192 2735 324 2778 partim
350 2744 370 2766 a
397 2737 648 2780 quaestoribus
676 2748 719 2770 ex
740 2738 878 2770 aerario
909 2736 1135 2782 suppeditari
1167 2738 1373 2781 praecepit,
1406 2737 1539 2780 partim

94 2780 139 2813 de
177 2791 241 2812 sno
278 2782 355 2825 ipse
389 2783 552 2817 contulit.
603 2784 852 2827 Ττίι-οιῐιίὺιιε·ἴ
868 2783 1071 2825 instructis,
1112 2782 1368 2828 Apocauclnum
1412 2783 1539 2816 ducem

144 2848 417 2884 Canzacuzenus
442 2852 488 2885 11.
1252 2854 1271 2886 5
