1800 3138
266 169 370 243 178
795 181 1164 224 CANTAcquM

65 297 104 330 A.
119 296 155 329 C.
175 289 334 343 ι34ιτην
354 284 456 340 πρὸς
474 279 650 337 βασιλέα
671 281 744 324 τὸν
761 286 804 324 Π
812 283 1050 336 αλαιολόγον
1071 277 1238 322 εὔνοιαν
1261 277 1595 334 ὑποκρινόμενοι.
1625 273 1702 320 διὰΔ

255 352 327 394 καί
348 348 620 396 πιστοτάτους
653 344 828 396 ἑαυτούς
853 344 1240 403 προσηγορεύκασιν,
1279 342 1454 397 ’ὕστερον
1480 345 1527 384 δὲ
1554 337 1693 397 ὥσπερ

253 435 293 458 τι
310 414 471 470 νόσημα
499 411 701 467 κακόηθες
723 412 796 454 καί
823 411 958 454 δεινὸν
984 411 1059 465 τὴν
1081 412 1219 452 πᾶσαν
1243 407 1378 464 α’ρχὴν
1400 407 1695 467 ἐπινεμόμενον

250 471 494 533 (Ρωμαίων,
526 480 598 518 καί
623 479 707 519 τῶν
736 477 934 532 πρότερον
960 475 1187 517 δοκούντων
1212 475 1389 528 μετρίων
1417 474 1489 513 καί
1507 472 1696 513 ἐπιεικῶν

256 545 361 599 πρὸς
385 543 459 598 τὴν
487 543 637 595 ὁμοίαν
673 539 798 597 ὕβριν
827 543 1093 591 ἐξεκαλέσατο
1122 538 1312 587 πολλούς.
1349 539 1394 579 ἐν
1421 540 1498 590 μὲν
1525 535 1605 591 γὰρ
1636 535 1720 578 esi-5

258 609 360 666 ρήνῃ
389 607 460 649 καί
486 609 676 659 πολέμων
702 605 883 663 ἀπουσία
912 607 961 646 αἴ
985 620 1028 646 τε
1051 603 1191 652 πόλεις
1219 603 1291 644 καί
1318 601 1357 643 οἱ
1386 603 1550 644 ἰδιῶται
1578 601 1699 653 ἀμεί-

259 691 354 723 νους
380 673 524 727 ἔχουσι
552 670 627 719 τὰς
661 670 827 725 γνιόμας
857 670 928 711 καί
960 669 1064 723 πρὸς
1092 667 1269 722 αἰσχρὰς
1297 669 1369 708 καί
1401 664 1566 722 φαύλας
1592 665 1700 721 πρά-

262 743 345 790 ξεις
366 737 515 793 ἥκιστα
544 731 596 778 ἂν
632 736 838 789 ἑξάγοιντο
880 733 949 775 διὰ
989 731 1034 774 τὸ
1077 731 1133 787 μὴ
1171 734 1214 780 ἐς
1257 732 1477 779 ἀκουσίους
1519 727 1701 784 οἷνοῖγκας

220 812 247 844 Β
264 805 532 858 περιπίπτειν.
581 799 602 841 ὃ
636 803 681 842 δὲ
707 801 886 852 πόλεμος
911 798 986 853 τὴν
1013 798 1259 851 καθημέραν
1287 797 1462 851 α’πορίαν
1488 792 1702 850 ὑφαιρού-

262 883 415 921 μενος,
445 870 583 920 βίαιος
612 863 862 913 διδάσκαλος
890 863 961 905 καί
986 865 1066 904 τῶν
1093 861 1295 917 πρότερον
1323 858 1554 902 δοκούντων
1579 856 1755 900 drot-10

261 932 406 987 μήτων
444 931 612 985 γίνεται.
657 931 898 979 ἐστασίαζον
928 922 1002 970 οὖν
1029 925 1074 968 αἱ
1101 925 1241 975 πόλεις
1276 927 1407 966 πᾶσαι
1445 925 1561 980 κοινῇ
1596 921 1702 979 πρὸς

263 996 359 1045 τούς
390 997 610 1051 ἀρίστους,
653 997 725 1035 καί
753 993 791 1035 οἱ
819 992 1103 1048 ύστερίζοντές
1143 1006 1224 1032 που
1253 988 1400 1031 πύστει
1437 990 1520 1030 τῶν
1555 1003 1703 1043 προγε-

263 1063 495 1117 γενημένων
523 1061 679 1114 πολλὴν
708 1060 994 1101 ἐπεδείκνυντο
1022 1054 1258 1111 ὑπερβολὴν
1289 1055 1361 1096 καί
1399 1055 1526 1108 μέχρι
1565 1051 1706 1108 φόνων

132 1127 505 1181 Ἷ.358ἐχώρησαν,
555 1128 626 1166 καί
661 1122 815 1165 τούτων
854 1119 1174 1177 ἅπανθρώπων,
1204 1122 1275 1162 καί
1311 1117 1360 1173 ἥ,
1399 1134 1444 1160 τε
1488 1115 1705 1172 ἀλόγιστος

265 1190 374 1245 ὃρμη
420 1191 570 1245 οἷνδρία
621 1191 821 1242 ἐνομίσθη
859 1187 982 1241 καίἧ
1031 1187 1263 1240 οἷναλγησία
1300 1182 1404 1238 πρὸς
1435 1181 1481 1224 τὸ
1514 1182 1757 1236 συγγενὲςιὸ

267 1255 339 1297 καί
366 1253 640 1307 οἶσυμπάθεια
668 1255 820 1306 βεβαία
848 1251 953 1306 πρὸς
985 1250 1053 1292 τὸν
1080 1252 1257 1303 βασιλέα
1284 1252 1441 1297 πίστις·
1482 1246 1555 1288 καὶ
1581 1246 1602 1289 ὃ
1629 1249 1706 1300 μὲν

267 1319 373 1375 πρὸς
400 1320 575 1373 βασιλέα
603 1316 676 1359 τὸν
715 1314 1067 1369 Καντακουζηνὸν
1103 1315 1365 1368 χαλεπαίνων
1399 1316 1472 1354 καί
1512 1311 1618 1367 πρὸς
1654 1308 1707 1352 ὕ-

269 1388 384 1438 βρεις
408 1381 650 1436 ἐξαγόμενος
681 1379 861 1435 αἰσχρὰς
889 1382 961 1425 καί
994 1377 1190 1432 χαλεπάς,
1219 1377 1361 1427 πιστὸς
1389 1378 1542 1430 ἐδόκει,
1572 1375 1595 1417 ὅ
1624 1392 1706 1418 σω-

270 1449 438 1504 φρονῶν
467 1449 513 1488 δὲ
543 1449 615 1487 καί
642 1444 829 1499 γλώσσης
859 1446 1021 1499 κρατῶν
1048 1445 1119 1484 καί
1154 1442 1200 1484 τὸ
1232 1444 1436 1498 προσῆκον
1473 1439 1579 1496 ἦθος
1615 1443 1708 1482 δια-

269 1511 416 1561 σώζων
464 1507 648 1558 ὕποπτος
685 1505 735 1563 ἦν
763 1509 907 1558 εὐθύς.
953 1508 1106 1561 ὁμοίως
1142 1509 1188 1549 δὲ
1225 1508 1298 1548 καί
1331 1506 1375 1548 τὸ
1413 1507 1762 1559 ἑπιβουλεῦσαιασ

233 1576 342 1618 Came*
387 1573 527 1629 ψεύδη
573 1575 644 1615 καί
686 1575 968 1628 συκοφαντίας
1005 1572 1252 1614 πλάσασθαι
1294 1569 1461 1624 δόκησιν
1505 1572 1710 1619 συνέσεως

270 1646 461 1695 παρεῖχε.
530 1637 602 1679 καί
639 1638 663 1692 ἡ
697 1639 899 1693 προδοσία
941 1639 1024 1679 τῶν
1065 1635 1324 1678 οἰκειοτάτων
1373 1633 1510 1690 ὥσπερ
1546 1652 1586 1676 τι
1626 1637 1710 1677 τῶν

271 1706 444 1759 ἀγαθῶν
481 1701 746 1757 ἐπετηδεύετο
781 1700 883 1755 μετὰ
933 1700 1133 1754 ὀνόματος
1161 1697 1406 1756 εὐπρεποῦς.
1445 1697 1555 1741 οὕτω
1592 1701 1709 1742 πᾶσα

273 1841 429 1880 cebant,
464 1842 601 1872 interca
628 1849 664 1871 se
691 1838 892 1883 Palacologi
920 1838 1145 1882 imperatoris
1180 1837 1328 1882 cupidos
1359 1836 1569 1869 simulantes
1601 1840 1638 1868 et
1670 1846 1708 1869 se

273 1889 350 1920 eius
385 1887 577 1925 fidissimos
610 1886 845 1930 appellantes.
905 1884 1065 1917 Tandem
1103 1884 1206 1928 quasi
1242 1883 1387 1916 morbus
1422 1882 1569 1926 quidam
1594 1882 1710 1926 gravis

272 1945 314 1966 ac
338 1934 490 1977 pestifer
516 1938 634 1964 totum
664 1933 859 1964 Romanum
887 1930 1057 1974 depastus
1081 1931 1294 1973 imperium,
1318 1930 1450 1961 multos
1487 1928 1614 1967 etiam,
1644 1928 1711 1972 qui

271 1980 373 2023 prius
399 1978 576 2012 moderati
607 1983 644 2010 et
668 1977 814 2010 lenibus
839 1975 1054 2008 videbantur
1078 1975 1233 2018 ingeniis
1252 1998 1262 2014 ‚
1295 1974 1340 2007 ad
1363 1973 1516 2007 similem
1545 1973 1710 2006 insolen-

271 2026 361 2057 tiam
385 2025 607 2069 provocavit.
655 2023 744 2056 Nam
767 2024 804 2056 in
829 2032 933 2066 pace,
959 2021 1044 2053 dum
1069 2020 1204 2053 bellum
1228 2021 1350 2059 abest,
1375 2031 1454 2053 cum
1479 2019 1608 2060 urbm,
1630 2025 1708 2052 tum

272 2071 406 2115 privati
425 2070 574 2114 probam
604 2074 759 2102 mentem
785 2067 974 2113 possident
997 2072 1192 2111 turpesque
1217 2071 1254 2098 et
1286 2067 1433 2099 vitiosas
1459 2067 1620 2098 actiones
1644 2076 1711 2098 ne-

275 2127 454 2161 quaquam
480 2117 720 2159 susciperent:
748 2115 832 2158 quia
855 2112 994 2146 scilicet
1016 2113 1148 2145 invitos
1172 2111 1218 2144 ad
1242 2111 1282 2145 id
1299 2113 1397 2144 nulla
1434 2113 1626 2143 necessitas
1649 2121 1712 2143 ur-

275 2168 344 2206 get.
393 2163 439 2195 At
463 2172 546 2194 vero
572 2161 706 2193 bellum
733 2159 983 2204 quotidianam
1010 2158 1146 2201 copiam
1169 2157 1383 2191 subtrahens
1411 2162 1447 2190 et
1480 2158 1711 2197 imminuens,

274 2207 458 2240 violentus
495 2207 664 2252 magister
689 2206 729 2238 fit
754 2207 862 2237 etiam
888 2215 1035 2244 eorum,
1065 2215 1156 2248 quae
1180 2205 1278 2248 prius
1302 2203 1441 2237 nefaria
1474 2203 1711 2238 ducebantur.

275 2254 470 2286 Universae
498 2253 606 2296 igitur
630 2251 734 2284 urbes
761 2251 998 2284 communiter
1032 2255 1154 2283 contra
1187 2251 1378 2294 optimates
1409 2249 1642 2294 insurgebant
1673 2252 1713 2282 et

276 2300 306 2331 si
332 2310 423 2344 quae
461 2299 555 2332 forte
590 2300 627 2330 in
652 2308 694 2331 eo
732 2297 907 2330 tardiores
955 2297 1129 2337 fuissent,
1165 2295 1354 2330 auditione
1397 2295 1487 2328 alibi
1522 2300 1703 2339 gestorum

275 2350 401 2388 postea
426 2344 572 2377 modurn
601 2353 742 2376 omnem
767 2342 989 2375 excedebant
1014 2347 1189 2386 etusque
1214 2342 1260 2375 ad
1284 2342 1410 2375 caedes
1435 2351 1601 2387 quoque,
1627 2351 1710 2373 eas-

277 2401 348 2435 que
375 2391 598 2423 truculentas
614 2415 624 2431 ,
649 2388 891 2433 procedebant
915 2390 1143 2433 impetusque
1167 2389 1318 2422 rationis
1344 2398 1491 2432 expers,
1517 2386 1709 2427 fortitudo,

277 2435 481 2468 indolentia
515 2447 597 2480 erga
631 2435 762 2468 amicos
804 2439 841 2466 et
865 2446 884 2467 a
908 2435 1134 2467 miseratione
1169 2435 1307 2467 alienus
1347 2435 1511 2474 animus,
1542 2436 1708 2465 constans

278 2492 361 2525 erga
385 2482 638 2525 imperatorem
666 2481 753 2512 fides
778 2482 1050 2513 nominabatur:
1074 2480 1210 2524 quique
1248 2482 1495 2524 imperatorem
1530 2478 1707 2511 Cantacu—

279 2537 407 2558 zenum
435 2527 570 2560 odisset
594 2534 631 2561 et
655 2527 694 2560 in
719 2537 799 2559 eum
824 2527 930 2559 foeda
957 2531 992 2559 et
1015 2526 1142 2559 acerba
1170 2526 1358 2560 maledicta
1392 2527 1558 2564 iactaret,
1589 2523 1708 2556 fidelis

278 2572 490 2604 habebatur.
545 2573 677 2608 Contra
703 2573 884 2605 modestus
924 2578 959 2604 et
992 2572 1134 2616 linguae
1169 2574 1355 2605 continens
1392 2577 1429 2606 et
1463 2571 1631 2604 decorum
1667 2570 1708 2602 in

280 2617 386 2651 dictis
427 2619 604 2663 factisque
642 2618 855 2658 observans,
894 2617 1014 2650 statim
1047 2623 1228 2662 suspectus
1262 2619 1385 2652 fiebat.
1442 2615 1573 2649 Eodem
1600 2614 1707 2648 modo

275 2663 428 2696 insidias
464 2664 613 2697 tendere
646 2665 906 2710 mendaciaque
932 2668 968 2696 et
991 2664 1187 2696 calumnias
1213 2663 1454 2703 comminisci,
1494 2661 1706 2707 opinionem

273 2708 492 2754 prudentiae
519 2710 757 2753 conciliabat3
786 2710 1220 2755 familiarissimorumque
1242 2710 1460 2754 proditioni,
1485 2708 1584 2740 velut
1607 2705 1705 2740 bono

275 2755 387 2790 alicui
413 2754 606 2790 honorifici
631 2757 790 2790 nominis
817 2755 1055 2789 consectando
1082 2767 1190 2803 opera
1216 2756 1380 2793 dabatur,
1404 2755 1462 2789 Sic
1479 2764 1583 2788 omne
1596 2763 1707 2797 genus
