<?xml version="1.0" encoding="UTF-8"?>
<!DOCTYPE html PUBLIC "-//W3C//DTD XHTML 1.0 Transitional//EN"
    "http://www.w3.org/TR/xhtml1/DTD/xhtml1-transitional.dtd">
<html xmlns="http://www.w3.org/1999/xhtml" xml:lang="en" lang="en">
 <head>
  <title>
</title>
<meta http-equiv="Content-Type" content="text/html;charset=utf-8" />
  <meta name='ocr-system' content='tesseract 3.04.00' />
  <meta name='ocr-capabilities' content='ocr_page ocr_carea ocr_par ocr_line ocrx_word'/>
</head>
<body>
  <div class='ocr_page' id='page_1' title='image "./corpusscriptorum24niebuoft_0165.png"; bbox 0 0 1812 3132; ppageno 0'>
   <div class='ocr_carea' id='block_1_1' title="bbox 521 169 1540 238">
    <p class='ocr_par' dir='ltr' id='par_1_1' title="bbox 521 169 1540 238">
     <span class='ocr_line' id='line_1_1' title="bbox 521 169 1540 238; baseline -0.006 -5"><span class='ocrx_word' id='word_1_1' title='bbox 521 189 897 236; x_wconf 73' lang='lat' dir='ltr'><strong>msromAnnM</strong></span> <span class='ocrx_word' id='word_1_2' title='bbox 938 194 1010 232; x_wconf 87' lang='lat'>111.</span> <span class='ocrx_word' id='word_1_3' title='bbox 1040 194 1109 238; x_wconf 78' lang='lat'><strong>25.</strong></span> <span class='ocrx_word' id='word_1_4' title='bbox 1436 190 1455 225; x_wconf 91' lang='lat'>1</span> <span class='ocrx_word' id='word_1_5' title='bbox 1469 169 1540 227; x_wconf 81' lang='lat'><strong>53</strong></span> 
     </span>
    </p>
   </div>
   <div class='ocr_carea' id='block_1_2' title="bbox 52 288 1736 1785">
    <p class='ocr_par' dir='ltr' id='par_1_2' title="bbox 55 288 1736 1002">
     <span class='ocr_line' id='line_1_2' title="bbox 106 288 1736 352; baseline -0.004 -14"><span class='ocrx_word' id='word_1_6' title='bbox 106 298 316 352; x_wconf 72' lang='grc' dir='ltr'><strong><em>διεξῆλθες</em></strong></span> <span class='ocrx_word' id='word_1_7' title='bbox 343 295 442 344; x_wconf 77' lang='grc' dir='ltr'><strong><em>νῦν,</em></strong></span> <span class='ocrx_word' id='word_1_8' title='bbox 487 291 599 345; x_wconf 84' lang='grc' dir='ltr'><strong><em>τά,τε</em></strong></span> <span class='ocrx_word' id='word_1_9' title='bbox 627 293 769 333; x_wconf 78' lang='grc' dir='ltr'><em>δέοντα</em></span> <span class='ocrx_word' id='word_1_10' title='bbox 799 293 872 334; x_wconf 74' lang='grc' dir='ltr'>καί</span> <span class='ocrx_word' id='word_1_11' title='bbox 897 293 1025 333; x_wconf 80' lang='grc' dir='ltr'><strong><em>πᾶσιν</em></strong></span> <span class='ocrx_word' id='word_1_12' title='bbox 1055 289 1208 343; x_wconf 88' lang='grc' dir='ltr'><strong><em>ὅμοίως</em></strong></span> <span class='ocrx_word' id='word_1_13' title='bbox 1231 288 1423 346; x_wconf 75' lang='grc' dir='ltr'><strong><em>χρήσιμα</em></strong></span> <span class='ocrx_word' id='word_1_14' title='bbox 1448 289 1584 333; x_wconf 79' lang='grc' dir='ltr'><strong><em>ἑσό-Δ..</em></strong></span> <span class='ocrx_word' id='word_1_15' title='bbox 1595 294 1633 329; x_wconf 74' lang='lat' dir='ltr'><strong>C·</strong></span> <span class='ocrx_word' id='word_1_16' title='bbox 1651 294 1736 341; x_wconf 67' lang='lat'><strong>¹34¹</strong></span> 
     </span>
     <span class='ocr_line' id='line_1_3' title="bbox 104 351 1546 414; baseline -0.003 -12"><span class='ocrx_word' id='word_1_17' title='bbox 104 377 209 414; x_wconf 89' lang='grc' dir='ltr'><strong><em>μενα</em></strong></span> <span class='ocrx_word' id='word_1_18' title='bbox 237 358 310 401; x_wconf 81' lang='grc' dir='ltr'>καί</span> <span class='ocrx_word' id='word_1_19' title='bbox 331 360 522 401; x_wconf 82' lang='grc' dir='ltr'><strong><em>συνιέναι</em></strong></span> <span class='ocrx_word' id='word_1_20' title='bbox 547 355 863 412; x_wconf 77' lang='grc' dir='ltr'><strong><em>παρεσκεύακας</em></strong></span> <span class='ocrx_word' id='word_1_21' title='bbox 893 359 964 398; x_wconf 82' lang='grc' dir='ltr'>καί</span> <span class='ocrx_word' id='word_1_22' title='bbox 1001 362 1088 405; x_wconf 83' lang='grc' dir='ltr'><strong><em>τοῖς</em></strong></span> <span class='ocrx_word' id='word_1_23' title='bbox 1116 351 1257 405; x_wconf 70' lang='grc' dir='ltr'><strong><em>ἄλλοις</em></strong></span> <span class='ocrx_word' id='word_1_24' title='bbox 1283 359 1546 410; x_wconf 64' lang='grc' dir='ltr'><strong><em>συμβουλευ·</em></strong></span> 
     </span>
     <span class='ocr_line' id='line_1_4' title="bbox 104 419 1545 478; baseline -0.003 -11"><span class='ocrx_word' id='word_1_25' title='bbox 104 441 180 468; x_wconf 85' lang='grc' dir='ltr'><strong><em>ειν.</em></strong></span> <span class='ocrx_word' id='word_1_26' title='bbox 233 427 308 466; x_wconf 80' lang='grc' dir='ltr'><em>καί</em></span> <span class='ocrx_word' id='word_1_27' title='bbox 329 422 412 478; x_wconf 76' lang='grc' dir='ltr'><strong><em>γὰρ</em></strong></span> <span class='ocrx_word' id='word_1_28' title='bbox 439 421 490 465; x_wconf 79' lang='grc' dir='ltr'><strong><em>τοὶ</em></strong></span> <span class='ocrx_word' id='word_1_29' title='bbox 518 423 564 465; x_wconf 79' lang='grc' dir='ltr'><strong>ἐκ</strong></span> <span class='ocrx_word' id='word_1_30' title='bbox 591 426 668 463; x_wconf 84' lang='grc' dir='ltr'><strong>τοῦ</strong></span> <span class='ocrx_word' id='word_1_31' title='bbox 695 423 878 475; x_wconf 84' lang='grc' dir='ltr'><strong><em>πολέμου</em></strong></span> <span class='ocrx_word' id='word_1_32' title='bbox 906 420 1015 463; x_wconf 76' lang='grc' dir='ltr'><strong><em>κακὰ</em></strong></span> <span class='ocrx_word' id='word_1_33' title='bbox 1044 422 1119 462; x_wconf 83' lang='grc' dir='ltr'><strong>τοῦ</strong></span> <span class='ocrx_word' id='word_1_34' title='bbox 1145 420 1354 477; x_wconf 79' lang='grc' dir='ltr'><strong><em>ἐμφυλίου</em></strong></span> <span class='ocrx_word' id='word_1_35' title='bbox 1374 453 1386 474; x_wconf 87' lang='grc'><em>,</em></span> <span class='ocrx_word' id='word_1_36' title='bbox 1416 419 1444 463; x_wconf 78' lang='grc' dir='ltr'><em>ἃ</em></span> <span class='ocrx_word' id='word_1_37' title='bbox 1471 436 1545 463; x_wconf 74' lang='grc' dir='ltr'><strong><em>πε·-</em></strong></span> 
     </span>
     <span class='ocr_line' id='line_1_5' title="bbox 105 485 1546 547; baseline -0.001 -17"><span class='ocrx_word' id='word_1_38' title='bbox 105 491 294 547; x_wconf 81' lang='grc' dir='ltr'><strong><em>φρικέναι</em></strong></span> <span class='ocrx_word' id='word_1_39' title='bbox 326 490 398 531; x_wconf 85' lang='grc' dir='ltr'>καί</span> <span class='ocrx_word' id='word_1_40' title='bbox 424 487 556 536; x_wconf 75' lang='grc' dir='ltr'><strong><em>αὐτὸς</em></strong></span> <span class='ocrx_word' id='word_1_41' title='bbox 583 487 641 536; x_wconf 76' lang='grc' dir='ltr'><strong>ὥς</strong></span> <span class='ocrx_word' id='word_1_42' title='bbox 669 485 889 529; x_wconf 76' lang='grc' dir='ltr'><em>δεινότατα</em></span> <span class='ocrx_word' id='word_1_43' title='bbox 918 485 1121 541; x_wconf 78' lang='grc' dir='ltr'><strong><em>εἰρήκεις,</em></strong></span> <span class='ocrx_word' id='word_1_44' title='bbox 1151 489 1223 529; x_wconf 69' lang='grc' dir='ltr'><strong><em>καὶ</em></strong></span> <span class='ocrx_word' id='word_1_45' title='bbox 1242 485 1370 529; x_wconf 71' lang='grc' dir='ltr'><strong><em>αὐτοὶ</em></strong></span> <span class='ocrx_word' id='word_1_46' title='bbox 1393 489 1546 543; x_wconf 87' lang='grc' dir='ltr'><strong><em>πεφρί-</em></strong></span> 
     </span>
     <span class='ocr_line' id='line_1_6' title="bbox 77 548 1546 610; baseline -0.002 -13"><span class='ocrx_word' id='word_1_47' title='bbox 77 559 233 610; x_wconf 83' lang='grc' dir='ltr'><strong><em>5καμεν</em></strong></span> <span class='ocrx_word' id='word_1_48' title='bbox 259 555 414 608; x_wconf 78' lang='grc' dir='ltr'><strong><em>ὁμοίως</em></strong></span> <span class='ocrx_word' id='word_1_49' title='bbox 451 554 524 595; x_wconf 87' lang='grc' dir='ltr'>καί</span> <span class='ocrx_word' id='word_1_50' title='bbox 550 552 660 610; x_wconf 79' lang='grc' dir='ltr'><strong><em>πάσῃ</em></strong></span> <span class='ocrx_word' id='word_1_51' title='bbox 692 553 901 607; x_wconf 75' lang='grc' dir='ltr'><strong><em>’χρηστέον</em></strong></span> <span class='ocrx_word' id='word_1_52' title='bbox 930 548 1036 593; x_wconf 78' lang='grc' dir='ltr'><strong><em>εἶναι</em></strong></span> <span class='ocrx_word' id='word_1_53' title='bbox 1065 549 1243 604; x_wconf 74' lang='grc' dir='ltr'><strong><em>οἰόμεθα</em></strong></span> <span class='ocrx_word' id='word_1_54' title='bbox 1275 551 1347 593; x_wconf 81' lang='grc' dir='ltr'>καί</span> <span class='ocrx_word' id='word_1_55' title='bbox 1379 554 1546 610; x_wconf 77' lang='grc' dir='ltr'><strong><em>σπουδῇ</em></strong></span> 
     </span>
     <span class='ocr_line' id='line_1_7' title="bbox 104 614 1549 677; baseline -0.003 -14"><span class='ocrx_word' id='word_1_56' title='bbox 104 621 179 664; x_wconf 81' lang='grc' dir='ltr'><em>καί</em></span> <span class='ocrx_word' id='word_1_57' title='bbox 195 621 436 677; x_wconf 76' lang='grc' dir='ltr'><strong><em>προθυμίᾳ,</em></strong></span> <span class='ocrx_word' id='word_1_58' title='bbox 465 614 570 660; x_wconf 73' lang='grc' dir='ltr'><strong><em>ὥστε</em></strong></span> <span class='ocrx_word' id='word_1_59' title='bbox 596 616 653 672; x_wconf 77' lang='grc' dir='ltr'><strong><em>μη</em></strong></span> <span class='ocrx_word' id='word_1_60' title='bbox 685 622 773 666; x_wconf 88' lang='grc' dir='ltr'><strong><em>τοῖς</em></strong></span> <span class='ocrx_word' id='word_1_61' title='bbox 798 615 1000 664; x_wconf 80' lang='grc' dir='ltr'><strong><em>τοιούτοις</em></strong></span> <span class='ocrx_word' id='word_1_62' title='bbox 1031 622 1169 665; x_wconf 83' lang='grc' dir='ltr'><strong><em>κακοῖς</em></strong></span> <span class='ocrx_word' id='word_1_63' title='bbox 1197 623 1448 672; x_wconf 75' lang='grc' dir='ltr'><strong><em>περιπεσεῖν.</em></strong></span> <span class='ocrx_word' id='word_1_64' title='bbox 1474 616 1549 659; x_wconf 79' lang='grc' dir='ltr'><strong><em>καὶ</em></strong></span> 
     </span>
     <span class='ocr_line' id='line_1_8' title="bbox 104 679 1545 739; baseline -0.003 -11"><span class='ocrx_word' id='word_1_65' title='bbox 104 686 258 739; x_wconf 81' lang='grc' dir='ltr'><strong><em>ὅμοίως</em></strong></span> <span class='ocrx_word' id='word_1_66' title='bbox 281 683 355 727; x_wconf 88' lang='grc' dir='ltr'><strong>τόν</strong></span> <span class='ocrx_word' id='word_1_67' title='bbox 381 700 427 726; x_wconf 90' lang='grc' dir='ltr'><strong>τε</strong></span> <span class='ocrx_word' id='word_1_68' title='bbox 447 682 521 725; x_wconf 85' lang='grc' dir='ltr'><strong>τόν</strong></span> <span class='ocrx_word' id='word_1_69' title='bbox 546 682 727 735; x_wconf 83' lang='grc' dir='ltr'><strong><em>πόλεμον</em></strong></span> <span class='ocrx_word' id='word_1_70' title='bbox 753 685 904 724; x_wconf 81' lang='grc' dir='ltr'><strong><em>τοῦτον</em></strong></span> <span class='ocrx_word' id='word_1_71' title='bbox 929 679 1004 723; x_wconf 81' lang='grc' dir='ltr'><strong>τὸν</strong></span> <span class='ocrx_word' id='word_1_72' title='bbox 1034 680 1278 724; x_wconf 85' lang='grc' dir='ltr'><strong><em>δεινότατον</em></strong></span> <span class='ocrx_word' id='word_1_73' title='bbox 1306 680 1545 725; x_wconf 81' lang='grc' dir='ltr'><strong><em>οἷνάπτοντα</em></strong></span> 
     </span>
     <span class='ocr_line' id='line_1_9' title="bbox 103 745 1548 806; baseline -0.001 -15"><span class='ocrx_word' id='word_1_74' title='bbox 103 749 322 806; x_wconf 75' lang='grc' dir='ltr'><strong><em>ἡγούμεθα</em></strong></span> <span class='ocrx_word' id='word_1_75' title='bbox 349 751 547 803; x_wconf 85' lang='grc' dir='ltr'><strong><em>πολέμιον</em></strong></span> <span class='ocrx_word' id='word_1_76' title='bbox 575 747 715 791; x_wconf 85' lang='grc' dir='ltr'><strong><em>κοινὸν</em></strong></span> <span class='ocrx_word' id='word_1_77' title='bbox 743 750 817 790; x_wconf 82' lang='grc' dir='ltr'>καί</span> <span class='ocrx_word' id='word_1_78' title='bbox 840 749 968 789; x_wconf 81' lang='grc' dir='ltr'><strong><em>πᾶσιν</em></strong></span> <span class='ocrx_word' id='word_1_79' title='bbox 996 745 1342 801; x_wconf 78' lang='grc' dir='ltr'><strong><em>ἐπιβουλεύοντα,</em></strong></span> <span class='ocrx_word' id='word_1_80' title='bbox 1374 750 1450 789; x_wconf 83' lang='grc' dir='ltr'>καί</span> <span class='ocrx_word' id='word_1_81' title='bbox 1473 746 1548 790; x_wconf 84' lang='grc' dir='ltr'><strong>τὸν</strong></span> 
     </span>
     <span class='ocr_line' id='line_1_10' title="bbox 105 809 1674 869; baseline -0.003 -13"><span class='ocrx_word' id='word_1_82' title='bbox 105 814 334 869; x_wconf 80' lang='grc' dir='ltr'><strong><em>δυνάμενον</em></strong></span> <span class='ocrx_word' id='word_1_83' title='bbox 359 812 603 867; x_wconf 75' lang='grc' dir='ltr'><strong><em>καταλύειν,</em></strong></span> <span class='ocrx_word' id='word_1_84' title='bbox 649 815 687 855; x_wconf 86' lang='grc' dir='ltr'><strong>εἰ</strong></span> <span class='ocrx_word' id='word_1_85' title='bbox 712 814 909 868; x_wconf 81' lang='grc' dir='ltr'><strong><em>μεθίησιν</em></strong></span> <span class='ocrx_word' id='word_1_86' title='bbox 934 809 1067 865; x_wconf 73' lang='grc' dir='ltr'><strong><em>ἑκών,</em></strong></span> <span class='ocrx_word' id='word_1_87' title='bbox 1111 809 1319 868; x_wconf 76' lang='grc' dir='ltr'><strong><em>προδότην</em></strong></span> <span class='ocrx_word' id='word_1_88' title='bbox 1344 816 1427 855; x_wconf 75' lang='grc' dir='ltr'><strong>τῶν</strong></span> <span class='ocrx_word' id='word_1_89' title='bbox 1454 827 1543 853; x_wconf 84' lang='grc' dir='ltr'><strong><em>κοι-</em></strong></span> <span class='ocrx_word' id='word_1_90' title='bbox 1555 815 1590 848; x_wconf 83' lang='grc' dir='ltr'><strong>Ρ.</strong></span> <span class='ocrx_word' id='word_1_91' title='bbox 1604 816 1674 862; x_wconf 72' lang='lat'><strong>429</strong></span> 
     </span>
     <span class='ocr_line' id='line_1_11' title="bbox 55 877 1544 935; baseline -0.003 -11"><span class='ocrx_word' id='word_1_92' title='bbox 55 881 187 924; x_wconf 77' lang='grc' dir='ltr'><strong><em>ιονῶν</em></strong></span> <span class='ocrx_word' id='word_1_93' title='bbox 226 879 300 922; x_wconf 83' lang='grc' dir='ltr'><em>καί</em></span> <span class='ocrx_word' id='word_1_94' title='bbox 339 877 549 933; x_wconf 79' lang='grc' dir='ltr'><strong><em>βάσκανον</em></strong></span> <span class='ocrx_word' id='word_1_95' title='bbox 586 878 661 920; x_wconf 83' lang='grc' dir='ltr'>καί</span> <span class='ocrx_word' id='word_1_96' title='bbox 686 877 898 934; x_wconf 77' lang='grc' dir='ltr'><strong><em>φθονερὸν</em></strong></span> <span class='ocrx_word' id='word_1_97' title='bbox 924 879 999 919; x_wconf 78' lang='grc' dir='ltr'><em>καί</em></span> <span class='ocrx_word' id='word_1_98' title='bbox 1022 880 1077 935; x_wconf 84' lang='grc' dir='ltr'><strong>τῇ</strong></span> <span class='ocrx_word' id='word_1_99' title='bbox 1103 880 1220 934; x_wconf 83' lang='grc' dir='ltr'><strong><em>κοινῇ</em></strong></span> <span class='ocrx_word' id='word_1_100' title='bbox 1248 879 1432 935; x_wconf 70' lang='grc' dir='ltr'><strong><em>σωτηρία</em></strong></span> <span class='ocrx_word' id='word_1_101' title='bbox 1459 879 1544 920; x_wconf 74' lang='grc' dir='ltr'><strong>τῶν</strong></span> 
     </span>
     <span class='ocr_line' id='line_1_12' title="bbox 102 941 1676 1002; baseline -0.001 -15"><span class='ocrx_word' id='word_1_102' title='bbox 102 943 360 1002; x_wconf 76' lang='grc' dir='ltr'><strong><em>πραγμάτων</em></strong></span> <span class='ocrx_word' id='word_1_103' title='bbox 397 942 715 998; x_wconf 86' lang='grc' dir='ltr'><strong><em>λυμαινόμενον,</em></strong></span> <span class='ocrx_word' id='word_1_104' title='bbox 771 941 1030 998; x_wconf 75' lang='grc' dir='ltr'><strong><em>σκεψώμεθα</em></strong></span> <span class='ocrx_word' id='word_1_105' title='bbox 1066 945 1310 998; x_wconf 77' lang='grc' dir='ltr'><strong><em>τοιγαροῦν,</em></strong></span> <span class='ocrx_word' id='word_1_106' title='bbox 1346 945 1386 985; x_wconf 84' lang='grc' dir='ltr'><strong>εἰ</strong></span> <span class='ocrx_word' id='word_1_107' title='bbox 1411 946 1544 986; x_wconf 77' lang='grc' dir='ltr'><strong><em>ταῦτα</em></strong></span> <span class='ocrx_word' id='word_1_108' title='bbox 1557 953 1676 1000; x_wconf 74' lang='lat' dir='ltr'>V.347</span> 
     </span>
    </p>

    <p class='ocr_par' dir='ltr' id='par_1_3' title="bbox 52 1007 1548 1589">
     <span class='ocr_line' id='line_1_13' title="bbox 102 1007 1543 1066; baseline -0.001 -14"><span class='ocrx_word' id='word_1_109' title='bbox 102 1011 377 1065; x_wconf 85' lang='grc' dir='ltr'><strong><em>πράττοντος,</em></strong></span> <span class='ocrx_word' id='word_1_110' title='bbox 415 1007 521 1066; x_wconf 76' lang='grc' dir='ltr'><strong><em>ἅπερ</em></strong></span> <span class='ocrx_word' id='word_1_111' title='bbox 567 1008 759 1065; x_wconf 84' lang='grc' dir='ltr'><strong><em>εἴρηκας,</em></strong></span> <span class='ocrx_word' id='word_1_112' title='bbox 798 1007 1056 1052; x_wconf 75' lang='grc' dir='ltr'><strong><em>καταλύεται</em></strong></span> <span class='ocrx_word' id='word_1_113' title='bbox 1093 1008 1116 1050; x_wconf 78' lang='grc' dir='ltr'>ὅ</span> <span class='ocrx_word' id='word_1_114' title='bbox 1158 1007 1338 1062; x_wconf 89' lang='grc' dir='ltr'><strong><em>πόλεμος</em></strong></span> <span class='ocrx_word' id='word_1_115' title='bbox 1375 1010 1449 1051; x_wconf 84' lang='grc' dir='ltr'><em>καί</em></span> <span class='ocrx_word' id='word_1_116' title='bbox 1484 1009 1543 1065; x_wconf 85' lang='grc' dir='ltr'><em>μή</em></span> 
     </span>
     <span class='ocr_line' id='line_1_14' title="bbox 100 1071 1544 1132; baseline -0.001 -14"><span class='ocrx_word' id='word_1_117' title='bbox 100 1079 260 1132; x_wconf 85' lang='grc' dir='ltr'><strong><em>μᾶλλον</em></strong></span> <span class='ocrx_word' id='word_1_118' title='bbox 300 1078 346 1119; x_wconf 77' lang='grc' dir='ltr'><strong>ἐκ</strong></span> <span class='ocrx_word' id='word_1_119' title='bbox 384 1075 544 1119; x_wconf 88' lang='grc' dir='ltr'><strong><em>τούτων</em></strong></span> <span class='ocrx_word' id='word_1_120' title='bbox 583 1077 761 1131; x_wconf 86' lang='grc' dir='ltr'><strong><em>λήψεται</em></strong></span> <span class='ocrx_word' id='word_1_121' title='bbox 799 1073 950 1130; x_wconf 80' lang='grc' dir='ltr'><strong><em>ἆρχήν.</em></strong></span> <span class='ocrx_word' id='word_1_122' title='bbox 1017 1076 1058 1117; x_wconf 80' lang='grc' dir='ltr'><strong>εἰ</strong></span> <span class='ocrx_word' id='word_1_123' title='bbox 1088 1073 1170 1130; x_wconf 70' lang='grc' dir='ltr'><strong><em>γάρ</em></strong></span> <span class='ocrx_word' id='word_1_124' title='bbox 1211 1074 1365 1128; x_wconf 75' lang='grc' dir='ltr'><strong><em>αὐτὸς,</em></strong></span> <span class='ocrx_word' id='word_1_125' title='bbox 1404 1071 1544 1130; x_wconf 74' lang='grc' dir='ltr'><strong><em>ὥσπερ</em></strong></span> 
     </span>
     <span class='ocr_line' id='line_1_15' title="bbox 102 1136 1546 1199; baseline -0.003 -14"><span class='ocrx_word' id='word_1_126' title='bbox 102 1143 325 1199; x_wconf 84' lang='grc' dir='ltr'><strong><em>ἴσχυρίζῃ,</em></strong></span> <span class='ocrx_word' id='word_1_127' title='bbox 354 1140 460 1197; x_wconf 82' lang='grc' dir='ltr'><strong><em>πρὸς</em></strong></span> <span class='ocrx_word' id='word_1_128' title='bbox 486 1139 563 1196; x_wconf 73' lang='grc' dir='ltr'><strong>τήν</strong></span> <span class='ocrx_word' id='word_1_129' title='bbox 593 1141 710 1195; x_wconf 80' lang='grc' dir='ltr'><strong><em>δίκην</em></strong></span> <span class='ocrx_word' id='word_1_130' title='bbox 743 1139 941 1183; x_wconf 75' lang='grc' dir='ltr'><strong><em>ἀπελθών</em></strong></span> <span class='ocrx_word' id='word_1_131' title='bbox 950 1173 963 1194; x_wconf 88' lang='grc'><strong><em>,</em></strong></span> <span class='ocrx_word' id='word_1_132' title='bbox 1009 1136 1037 1195; x_wconf 83' lang='grc' dir='ltr'><em>ἢ</em></span> <span class='ocrx_word' id='word_1_133' title='bbox 1062 1142 1146 1183; x_wconf 78' lang='grc' dir='ltr'><strong>τῶν</strong></span> <span class='ocrx_word' id='word_1_134' title='bbox 1172 1141 1448 1195; x_wconf 77' lang='grc' dir='ltr'><strong><em>συκοφαντῶν</em></strong></span> <span class='ocrx_word' id='word_1_135' title='bbox 1474 1155 1546 1181; x_wconf 88' lang='grc' dir='ltr'><strong>πε-</strong></span> 
     </span>
     <span class='ocr_line' id='line_1_16' title="bbox 55 1202 1546 1266; baseline -0.003 -14"><span class='ocrx_word' id='word_1_136' title='bbox 55 1205 365 1266; x_wconf 75' lang='grc' dir='ltr'><strong><em>ιόριγενόμενος</em></strong></span> <span class='ocrx_word' id='word_1_137' title='bbox 396 1204 563 1263; x_wconf 76' lang='grc' dir='ltr'><strong><em>ἀπόσχῃ</em></strong></span> <span class='ocrx_word' id='word_1_138' title='bbox 590 1209 676 1248; x_wconf 74' lang='grc' dir='ltr'><strong>τῶν</strong></span> <span class='ocrx_word' id='word_1_139' title='bbox 704 1205 960 1262; x_wconf 82' lang='grc' dir='ltr'><strong><em>πραγμάτων</em></strong></span> <span class='ocrx_word' id='word_1_140' title='bbox 976 1240 989 1260; x_wconf 86' lang='grc'>,</span> <span class='ocrx_word' id='word_1_141' title='bbox 1016 1204 1279 1262; x_wconf 74' lang='grc' dir='ltr'><strong><em>τὴν,πολλήν</em></strong></span> <span class='ocrx_word' id='word_1_142' title='bbox 1300 1202 1546 1259; x_wconf 73' lang='grc' dir='ltr'><strong><em>ἀγνωμοσύ-</em></strong></span> 
     </span>
     <span class='ocr_line' id='line_1_17' title="bbox 101 1267 1546 1329; baseline -0.002 -14"><span class='ocrx_word' id='word_1_143' title='bbox 101 1290 176 1329; x_wconf 93' lang='grc' dir='ltr'><strong>νην</strong></span> <span class='ocrx_word' id='word_1_144' title='bbox 203 1273 277 1314; x_wconf 80' lang='grc' dir='ltr'>καί</span> <span class='ocrx_word' id='word_1_145' title='bbox 301 1271 378 1328; x_wconf 80' lang='grc' dir='ltr'><strong>τὴν</strong></span> <span class='ocrx_word' id='word_1_146' title='bbox 406 1271 506 1328; x_wconf 74' lang='grc' dir='ltr'><strong><em>περὶ</em></strong></span> <span class='ocrx_word' id='word_1_147' title='bbox 530 1271 583 1313; x_wconf 74' lang='grc' dir='ltr'><strong>τά</strong></span> <span class='ocrx_word' id='word_1_148' title='bbox 614 1270 720 1314; x_wconf 82' lang='grc' dir='ltr'><strong><em>καλοὶ</em></strong></span> <span class='ocrx_word' id='word_1_149' title='bbox 749 1268 1007 1327; x_wconf 78' lang='grc' dir='ltr'><strong><em>ἇχαριστίαν</em></strong></span> <span class='ocrx_word' id='word_1_150' title='bbox 1032 1272 1342 1325; x_wconf 78' lang='grc' dir='ltr'><strong><em>βδελυξάμενος</em></strong></span> <span class='ocrx_word' id='word_1_151' title='bbox 1359 1303 1372 1324; x_wconf 82' lang='grc'>,</span> <span class='ocrx_word' id='word_1_152' title='bbox 1415 1267 1445 1326; x_wconf 76' lang='grc' dir='ltr'><em>ἢ</em></span> <span class='ocrx_word' id='word_1_153' title='bbox 1471 1288 1546 1312; x_wconf 84' lang='grc' dir='ltr'><strong><em>κα-</em></strong></span> 
     </span>
     <span class='ocr_line' id='line_1_18' title="bbox 101 1332 1548 1394; baseline -0.003 -14"><span class='ocrx_word' id='word_1_154' title='bbox 101 1337 317 1393; x_wconf 69' lang='grc' dir='ltr'><strong><em>τακριθείς</em></strong></span> <span class='ocrx_word' id='word_1_155' title='bbox 343 1337 504 1393; x_wconf 78' lang='grc' dir='ltr'><strong><em>ἐρήμην</em></strong></span> <span class='ocrx_word' id='word_1_156' title='bbox 520 1371 532 1390; x_wconf 91' lang='grc'><strong><em>,</em></strong></span> <span class='ocrx_word' id='word_1_157' title='bbox 573 1339 655 1379; x_wconf 77' lang='grc' dir='ltr'><strong>τῶν</strong></span> <span class='ocrx_word' id='word_1_158' title='bbox 682 1335 919 1391; x_wconf 81' lang='grc' dir='ltr'><strong><em>οἷνηκέστων</em></strong></span> <span class='ocrx_word' id='word_1_159' title='bbox 945 1335 1088 1394; x_wconf 68' lang='grc' dir='ltr'><strong><em>πάθῃς</em></strong></span> <span class='ocrx_word' id='word_1_160' title='bbox 1112 1354 1176 1390; x_wconf 81' lang='grc' dir='ltr'><strong>τι,</strong></span> <span class='ocrx_word' id='word_1_161' title='bbox 1213 1332 1282 1391; x_wconf 77' lang='grc' dir='ltr'><strong><em>ἆρ’</em></strong></span> <span class='ocrx_word' id='word_1_162' title='bbox 1310 1338 1369 1384; x_wconf 83' lang='grc' dir='ltr'><strong>εἷς</strong></span> <span class='ocrx_word' id='word_1_163' title='bbox 1397 1338 1548 1378; x_wconf 80' lang='grc' dir='ltr'><strong><em>τοσοῦ-</em></strong></span> 
     </span>
     <span class='ocr_line' id='line_1_19' title="bbox 102 1399 1548 1458; baseline -0.003 -12"><span class='ocrx_word' id='word_1_164' title='bbox 102 1420 175 1447; x_wconf 87' lang='grc' dir='ltr'><strong>τον</strong></span> <span class='ocrx_word' id='word_1_165' title='bbox 201 1401 281 1445; x_wconf 88' lang='grc' dir='ltr'><strong><em>οἴει</em></strong></span> <span class='ocrx_word' id='word_1_166' title='bbox 320 1405 554 1458; x_wconf 78' lang='grc' dir='ltr'><strong><em>παρανοίας</em></strong></span> <span class='ocrx_word' id='word_1_167' title='bbox 591 1402 704 1457; x_wconf 73' lang='grc' dir='ltr'><strong><em>ἡμᾶς</em></strong></span> <span class='ocrx_word' id='word_1_168' title='bbox 735 1399 851 1458; x_wconf 77' lang='grc' dir='ltr'><strong><em>ἥκειν</em></strong></span> <span class='ocrx_word' id='word_1_169' title='bbox 877 1399 905 1458; x_wconf 79' lang='grc' dir='ltr'><em>ἢ</em></span> <span class='ocrx_word' id='word_1_170' title='bbox 933 1399 1043 1445; x_wconf 73' lang='grc' dir='ltr'><strong><em>οὕτω</em></strong></span> <span class='ocrx_word' id='word_1_171' title='bbox 1071 1399 1246 1444; x_wconf 74' lang='grc' dir='ltr'><strong><em>ταπεινοὶ</em></strong></span> <span class='ocrx_word' id='word_1_172' title='bbox 1276 1403 1348 1443; x_wconf 84' lang='grc' dir='ltr'>καί</span> <span class='ocrx_word' id='word_1_173' title='bbox 1375 1401 1548 1444; x_wconf 58' lang='lat' dir='ltr'><strong>‹ivea-211¹·-</strong></span> 
     </span>
     <span class='ocr_line' id='line_1_20' title="bbox 102 1464 1546 1525; baseline -0.002 -14"><span class='ocrx_word' id='word_1_174' title='bbox 102 1473 212 1525; x_wconf 75' lang='grc' dir='ltr'><strong><em>θερα</em></strong></span> <span class='ocrx_word' id='word_1_175' title='bbox 240 1466 462 1525; x_wconf 79' lang='grc' dir='ltr'><strong><em>φρονήσειν</em></strong></span> <span class='ocrx_word' id='word_1_176' title='bbox 490 1471 564 1510; x_wconf 84' lang='grc' dir='ltr'>καί</span> <span class='ocrx_word' id='word_1_177' title='bbox 590 1470 664 1524; x_wconf 77' lang='grc' dir='ltr'><strong>τῆς</strong></span> <span class='ocrx_word' id='word_1_178' title='bbox 692 1464 884 1518; x_wconf 75' lang='grc' dir='ltr'><strong><em>εὐκλείας</em></strong></span> <span class='ocrx_word' id='word_1_179' title='bbox 912 1466 1066 1518; x_wconf 70' lang='grc' dir='ltr'><strong><em>ἀνάξια</em></strong></span> <span class='ocrx_word' id='word_1_180' title='bbox 1094 1470 1173 1510; x_wconf 80' lang='grc' dir='ltr'><strong>τοῦ</strong></span> <span class='ocrx_word' id='word_1_181' title='bbox 1198 1469 1402 1523; x_wconf 81' lang='grc' dir='ltr'><strong><em>προτέρου</em></strong></span> <span class='ocrx_word' id='word_1_182' title='bbox 1430 1466 1546 1520; x_wconf 86' lang='grc' dir='ltr'><strong><em>βίου,</em></strong></span> 
     </span>
     <span class='ocr_line' id='line_1_21' title="bbox 52 1529 1544 1589; baseline -0.002 -14"><span class='ocrx_word' id='word_1_183' title='bbox 52 1531 201 1581; x_wconf 63' lang='grc' dir='ltr'><strong><em>2οὥστ’</em></strong></span> <span class='ocrx_word' id='word_1_184' title='bbox 245 1535 289 1574; x_wconf 86' lang='grc' dir='ltr'><strong>ἐν</strong></span> <span class='ocrx_word' id='word_1_185' title='bbox 328 1533 603 1588; x_wconf 73' lang='grc' dir='ltr'><strong><em>ἀνδραπόδων</em></strong></span> <span class='ocrx_word' id='word_1_186' title='bbox 641 1535 771 1589; x_wconf 72' lang='grc' dir='ltr'><strong><em>μοίρᾳ</em></strong></span> <span class='ocrx_word' id='word_1_187' title='bbox 816 1532 1029 1575; x_wconf 79' lang='grc' dir='ltr'><strong><em>δουλεύειν</em></strong></span> <span class='ocrx_word' id='word_1_188' title='bbox 1069 1531 1343 1589; x_wconf 78' lang='grc' dir='ltr'><strong><em>Ἀποκαύκῳ,</em></strong></span> <span class='ocrx_word' id='word_1_189' title='bbox 1378 1533 1463 1573; x_wconf 78' lang='grc' dir='ltr'><strong>πᾶν</strong></span> <span class='ocrx_word' id='word_1_190' title='bbox 1499 1529 1544 1573; x_wconf 83' lang='grc' dir='ltr'><strong>τὸ</strong></span> 
     </span>
    </p>

    <p class='ocr_par' dir='ltr' id='par_1_4' title="bbox 103 1593 1584 1785">
     <span class='ocr_line' id='line_1_22' title="bbox 104 1593 1584 1655; baseline -0.001 -15"><span class='ocrx_word' id='word_1_191' title='bbox 104 1598 461 1655; x_wconf 86' lang='grc' dir='ltr'><strong><em>προσταττόμενον</em></strong></span> <span class='ocrx_word' id='word_1_192' title='bbox 499 1600 716 1646; x_wconf 80' lang='grc' dir='ltr'><strong><em>ποιοῦντας</em></strong></span> <span class='ocrx_word' id='word_1_193' title='bbox 760 1596 969 1654; x_wconf 72' lang='grc' dir='ltr'><strong><em>ἀνθρώπῳ</em></strong></span> <span class='ocrx_word' id='word_1_194' title='bbox 1018 1600 1150 1654; x_wconf 82' lang='grc' dir='ltr'><strong><em>μηδὲν</em></strong></span> <span class='ocrx_word' id='word_1_195' title='bbox 1190 1593 1361 1652; x_wconf 71' lang='grc' dir='ltr'><strong><em>ἄμεινον</em></strong></span> <span class='ocrx_word' id='word_1_196' title='bbox 1390 1599 1584 1639; x_wconf 90' lang='grc' dir='ltr'><strong><em>διακει-Β</em></strong></span> 
     </span>
     <span class='ocr_line' id='line_1_23' title="bbox 104 1659 1549 1721; baseline -0.003 -15"><span class='ocrx_word' id='word_1_197' title='bbox 104 1665 214 1721; x_wconf 76' lang='grc' dir='ltr'><strong><em>μένῳ</em></strong></span> <span class='ocrx_word' id='word_1_198' title='bbox 243 1666 326 1705; x_wconf 77' lang='grc' dir='ltr'><strong>τῶν</strong></span> <span class='ocrx_word' id='word_1_199' title='bbox 364 1665 555 1715; x_wconf 73' lang='grc' dir='ltr'><strong><em>πολλῶνς</em></strong></span> <span class='ocrx_word' id='word_1_200' title='bbox 607 1663 760 1704; x_wconf 77' lang='grc' dir='ltr'><strong><em>θᾶττον</em></strong></span> <span class='ocrx_word' id='word_1_201' title='bbox 796 1659 955 1715; x_wconf 68' lang='grc' dir='ltr'><strong><em>μεντᾶν</em></strong></span> <span class='ocrx_word' id='word_1_202' title='bbox 995 1662 1115 1718; x_wconf 78' lang='grc' dir='ltr'><strong><em>ἡμῶν</em></strong></span> <span class='ocrx_word' id='word_1_203' title='bbox 1153 1662 1321 1710; x_wconf 73' lang='grc' dir='ltr'><strong><em>ἕκαστος</em></strong></span> <span class='ocrx_word' id='word_1_204' title='bbox 1361 1660 1549 1716; x_wconf 79' lang='grc' dir='ltr'><strong><em>οἰήσεται</em></strong></span> 
     </span>
     <span class='ocr_line' id='line_1_24' title="bbox 103 1723 1545 1785; baseline -0.001 -15"><span class='ocrx_word' id='word_1_205' title='bbox 103 1725 326 1785; x_wconf 74' lang='grc' dir='ltr'><strong><em>προσήκειν</em></strong></span> <span class='ocrx_word' id='word_1_206' title='bbox 355 1725 485 1784; x_wconf 83' lang='grc' dir='ltr'><strong><em>ζόφον</em></strong></span> <span class='ocrx_word' id='word_1_207' title='bbox 509 1731 670 1782; x_wconf 81' lang='grc' dir='ltr'><strong><em>μᾶλλον</em></strong></span> <span class='ocrx_word' id='word_1_208' title='bbox 697 1727 905 1770; x_wconf 70' lang='grc' dir='ltr'><strong><em>ὑποδῦναι</em></strong></span> <span class='ocrx_word' id='word_1_209' title='bbox 933 1727 1008 1770; x_wconf 81' lang='grc' dir='ltr'><em>καί</em></span> <span class='ocrx_word' id='word_1_210' title='bbox 1032 1732 1219 1770; x_wconf 82' lang='grc' dir='ltr'><strong><em>συνεῖναι</em></strong></span> <span class='ocrx_word' id='word_1_211' title='bbox 1246 1733 1334 1777; x_wconf 83' lang='grc' dir='ltr'><strong><em>τοῖς</em></strong></span> <span class='ocrx_word' id='word_1_212' title='bbox 1350 1728 1395 1769; x_wconf 79' lang='grc' dir='ltr'><strong>ἐν</strong></span> <span class='ocrx_word' id='word_1_213' title='bbox 1421 1723 1545 1783; x_wconf 76' lang='grc' dir='ltr'><strong><em>ᾅδου,</em></strong></span> 
     </span>
    </p>
   </div>
   <div class='ocr_carea' id='block_1_3' title="bbox 199 1833 486 1870">
    <p class='ocr_par' dir='ltr' id='par_1_5' title="bbox 199 1833 486 1870">
     <span class='ocr_line' id='line_1_25' title="bbox 199 1833 486 1870; baseline 0.003 -5"><span class='ocrx_word' id='word_1_214' title='bbox 199 1844 230 1866; x_wconf 78' lang='lat'><strong>2.</strong></span> <span class='ocrx_word' id='word_1_215' title='bbox 249 1841 338 1869; x_wconf 84' lang='grc' dir='ltr'><strong><em>συνε</em></strong></span> <span class='ocrx_word' id='word_1_216' title='bbox 344 1834 422 1868; x_wconf 69' lang='lat' dir='ltr'><strong>tvm</strong></span> <span class='ocrx_word' id='word_1_217' title='bbox 446 1833 486 1870; x_wconf 83' lang='lat' dir='ltr'><strong>P.</strong></span> 
     </span>
    </p>
   </div>
   <div class='ocr_carea' id='block_1_4' title="bbox 105 1944 1552 2825">
    <p class='ocr_par' dir='ltr' id='par_1_6' title="bbox 105 1944 1552 2825">
     <span class='ocr_line' id='line_1_26' title="bbox 105 1944 1544 1989; baseline 0.001 -11"><span class='ocrx_word' id='word_1_218' title='bbox 105 1944 213 1978; x_wconf 84' lang='lat' dir='ltr'><strong>huius</strong></span> <span class='ocrx_word' id='word_1_219' title='bbox 237 1945 291 1978; x_wconf 82' lang='lat' dir='ltr'><strong>rei</strong></span> <span class='ocrx_word' id='word_1_220' title='bbox 323 1944 579 1987; x_wconf 77' lang='lat' dir='ltr'><strong>cogitationem</strong></span> <span class='ocrx_word' id='word_1_221' title='bbox 610 1944 753 1989; x_wconf 82' lang='lat' dir='ltr'>pridem</span> <span class='ocrx_word' id='word_1_222' title='bbox 787 1955 853 1978; x_wconf 89' lang='lat' dir='ltr'><strong>nos</strong></span> <span class='ocrx_word' id='word_1_223' title='bbox 884 1944 1074 1978; x_wconf 83' lang='lat' dir='ltr'><strong>veritatem</strong></span> <span class='ocrx_word' id='word_1_224' title='bbox 1110 1945 1293 1979; x_wconf 81' lang='lat' dir='ltr'><strong>invenisse</strong></span> <span class='ocrx_word' id='word_1_225' title='bbox 1320 1945 1544 1980; x_wconf 78' lang='lat' dir='ltr'><strong>arbitremur.</strong></span> 
     </span>
     <span class='ocr_line' id='line_1_27' title="bbox 107 1991 1546 2037; baseline 0.001 -13"><span class='ocrx_word' id='word_1_226' title='bbox 107 1991 234 2024; x_wconf 82' lang='lat' dir='ltr'>Oratio</span> <span class='ocrx_word' id='word_1_227' title='bbox 258 2001 341 2024; x_wconf 88' lang='lat' dir='ltr'><strong>vero</strong></span> <span class='ocrx_word' id='word_1_228' title='bbox 366 1997 453 2030; x_wconf 85' lang='lat' dir='ltr'><strong>tua,</strong></span> <span class='ocrx_word' id='word_1_229' title='bbox 479 2001 571 2035; x_wconf 87' lang='lat' dir='ltr'><strong>quac</strong></span> <span class='ocrx_word' id='word_1_230' title='bbox 593 1997 631 2024; x_wconf 90' lang='lat' dir='ltr'><strong>ct</strong></span> <span class='ocrx_word' id='word_1_231' title='bbox 653 1991 854 2024; x_wconf 81' lang='lat' dir='ltr'><strong>necessaria</strong></span> <span class='ocrx_word' id='word_1_232' title='bbox 882 1995 919 2023; x_wconf 90' lang='lat' dir='ltr'><strong>et</strong></span> <span class='ocrx_word' id='word_1_233' title='bbox 940 1991 1108 2024; x_wconf 85' lang='lat' dir='ltr'><strong>omnibus</strong></span> <span class='ocrx_word' id='word_1_234' title='bbox 1143 2002 1259 2037; x_wconf 86' lang='lat' dir='ltr'><strong>aeque</strong></span> <span class='ocrx_word' id='word_1_235' title='bbox 1291 1991 1398 2025; x_wconf 86' lang='lat' dir='ltr'><strong>utilia</strong></span> <span class='ocrx_word' id='word_1_236' title='bbox 1422 1993 1546 2026; x_wconf 83' lang='lat' dir='ltr'><strong>futura</strong></span> 
     </span>
     <span class='ocr_line' id='line_1_28' title="bbox 106 2036 1547 2082; baseline 0.002 -13"><span class='ocrx_word' id='word_1_237' title='bbox 106 2038 199 2077; x_wconf 86' lang='lat' dir='ltr'><strong>sint,</strong></span> <span class='ocrx_word' id='word_1_238' title='bbox 233 2047 312 2070; x_wconf 89' lang='lat' dir='ltr'><strong>cum</strong></span> <span class='ocrx_word' id='word_1_239' title='bbox 336 2037 563 2082; x_wconf 86' lang='lat' dir='ltr'><strong>intelligere,</strong></span> <span class='ocrx_word' id='word_1_240' title='bbox 596 2042 670 2070; x_wconf 86' lang='lat' dir='ltr'><strong>tum</strong></span> <span class='ocrx_word' id='word_1_241' title='bbox 695 2037 777 2070; x_wconf 84' lang='lat' dir='ltr'><strong>aliis</strong></span> <span class='ocrx_word' id='word_1_242' title='bbox 805 2036 954 2071; x_wconf 89' lang='lat' dir='ltr'><strong>suadere</strong></span> <span class='ocrx_word' id='word_1_243' title='bbox 979 2036 1091 2072; x_wconf 86' lang='lat' dir='ltr'><strong>dedit.</strong></span> <span class='ocrx_word' id='word_1_244' title='bbox 1140 2038 1283 2072; x_wconf 76' lang='lat' dir='ltr'><strong>Etenim</strong></span> <span class='ocrx_word' id='word_1_245' title='bbox 1306 2038 1422 2071; x_wconf 89' lang='lat' dir='ltr'><strong>civilis</strong></span> <span class='ocrx_word' id='word_1_246' title='bbox 1455 2038 1547 2072; x_wconf 86' lang='lat' dir='ltr'><strong>belli</strong></span> 
     </span>
     <span class='ocr_line' id='line_1_29' title="bbox 107 2082 1548 2129; baseline 0.001 -12"><span class='ocrx_word' id='word_1_247' title='bbox 107 2083 341 2123; x_wconf 88' lang='lat' dir='ltr'><strong>detrimenta,</strong></span> <span class='ocrx_word' id='word_1_248' title='bbox 375 2094 469 2129; x_wconf 85' lang='lat' dir='ltr'><strong>quae</strong></span> <span class='ocrx_word' id='word_1_249' title='bbox 499 2088 535 2117; x_wconf 86' lang='lat' dir='ltr'><strong>et</strong></span> <span class='ocrx_word' id='word_1_250' title='bbox 559 2088 596 2117; x_wconf 86' lang='lat' dir='ltr'><strong>te</strong></span> <span class='ocrx_word' id='word_1_251' title='bbox 619 2082 766 2117; x_wconf 89' lang='lat' dir='ltr'><strong>horrere</strong></span> <span class='ocrx_word' id='word_1_252' title='bbox 790 2088 832 2116; x_wconf 91' lang='lat' dir='ltr'><strong>ut</strong></span> <span class='ocrx_word' id='word_1_253' title='bbox 856 2083 1061 2129; x_wconf 81' lang='lat' dir='ltr'><strong>gravissima</strong></span> <span class='ocrx_word' id='word_1_254' title='bbox 1096 2083 1240 2125; x_wconf 83' lang='lat' dir='ltr'><strong>dixisti,</strong></span> <span class='ocrx_word' id='word_1_255' title='bbox 1277 2095 1342 2117; x_wconf 90' lang='lat' dir='ltr'><strong>nos</strong></span> <span class='ocrx_word' id='word_1_256' title='bbox 1380 2085 1548 2119; x_wconf 83' lang='lat' dir='ltr'><strong>similiter</strong></span> 
     </span>
     <span class='ocr_line' id='line_1_30' title="bbox 105 2128 1547 2176; baseline 0.002 -14"><span class='ocrx_word' id='word_1_257' title='bbox 105 2128 411 2176; x_wconf 85' lang='lat' dir='ltr'>perhorrescimus</span> <span class='ocrx_word' id='word_1_258' title='bbox 439 2134 475 2162; x_wconf 88' lang='lat' dir='ltr'><strong>et</strong></span> <span class='ocrx_word' id='word_1_259' title='bbox 505 2134 582 2162; x_wconf 90' lang='lat' dir='ltr'><strong>toto</strong></span> <span class='ocrx_word' id='word_1_260' title='bbox 606 2135 751 2175; x_wconf 82' lang='lat' dir='ltr'><strong>pectore</strong></span> <span class='ocrx_word' id='word_1_261' title='bbox 788 2135 898 2175; x_wconf 87' lang='lat' dir='ltr'><strong>atque</strong></span> <span class='ocrx_word' id='word_1_262' title='bbox 935 2130 1034 2163; x_wconf 90' lang='lat' dir='ltr'><strong>omni</strong></span> <span class='ocrx_word' id='word_1_263' title='bbox 1066 2132 1273 2174; x_wconf 85' lang='lat' dir='ltr'><strong>provisione</strong></span> <span class='ocrx_word' id='word_1_264' title='bbox 1307 2130 1547 2165; x_wconf 82' lang='lat' dir='ltr'><strong>laborandum</strong></span> 
     </span>
     <span class='ocr_line' id='line_1_31' title="bbox 107 2175 1548 2221; baseline 0.001 -13"><span class='ocrx_word' id='word_1_265' title='bbox 107 2186 316 2217; x_wconf 87' lang='lat' dir='ltr'><strong>censemus,</strong></span> <span class='ocrx_word' id='word_1_266' title='bbox 350 2187 396 2209; x_wconf 90' lang='lat' dir='ltr'><strong>ne</strong></span> <span class='ocrx_word' id='word_1_267' title='bbox 427 2175 466 2209; x_wconf 89' lang='lat' dir='ltr'><strong>in</strong></span> <span class='ocrx_word' id='word_1_268' title='bbox 500 2176 563 2209; x_wconf 89' lang='lat' dir='ltr'><strong>illa</strong></span> <span class='ocrx_word' id='word_1_269' title='bbox 595 2177 842 2216; x_wconf 80' lang='lat' dir='ltr'><strong>incurramus,</strong></span> <span class='ocrx_word' id='word_1_270' title='bbox 879 2176 1017 2221; x_wconf 90' lang='lat' dir='ltr'><strong>quique</strong></span> <span class='ocrx_word' id='word_1_271' title='bbox 1054 2175 1124 2209; x_wconf 85' lang='lat' dir='ltr'><strong>hoe</strong></span> <span class='ocrx_word' id='word_1_272' title='bbox 1154 2177 1290 2210; x_wconf 89' lang='lat' dir='ltr'><strong>bellum</strong></span> <span class='ocrx_word' id='word_1_273' title='bbox 1327 2176 1548 2210; x_wconf 87' lang='lat' dir='ltr'><strong>dirissimum</strong></span> 
     </span>
     <span class='ocr_line' id='line_1_32' title="bbox 107 2221 1550 2268; baseline 0.001 -13"><span class='ocrx_word' id='word_1_274' title='bbox 107 2223 313 2263; x_wconf 78' lang='lat' dir='ltr'><strong>suscitavit,</strong></span> <span class='ocrx_word' id='word_1_275' title='bbox 337 2232 562 2256; x_wconf 84' lang='lat' dir='ltr'><strong>communem</strong></span> <span class='ocrx_word' id='word_1_276' title='bbox 588 2221 728 2255; x_wconf 83' lang='lat' dir='ltr'><strong>hostem</strong></span> <span class='ocrx_word' id='word_1_277' title='bbox 754 2227 791 2255; x_wconf 89' lang='lat' dir='ltr'><strong>et</strong></span> <span class='ocrx_word' id='word_1_278' title='bbox 820 2221 1095 2255; x_wconf 84' lang='lat' dir='ltr'><strong>insidiatorem:</strong></span> <span class='ocrx_word' id='word_1_279' title='bbox 1149 2224 1260 2268; x_wconf 83' lang='lat' dir='ltr'><strong>nique</strong></span> <span class='ocrx_word' id='word_1_280' title='bbox 1293 2223 1386 2256; x_wconf 92' lang='lat' dir='ltr'><strong>illud</strong></span> <span class='ocrx_word' id='word_1_281' title='bbox 1412 2224 1550 2257; x_wconf 82' lang='lat' dir='ltr'><strong>distur-</strong></span> 
     </span>
     <span class='ocr_line' id='line_1_33' title="bbox 107 2236 1548 2316; baseline 0.001 -15"><span class='ocrx_word' id='word_1_282' title='bbox 107 2269 196 2301; x_wconf 88' lang='lat' dir='ltr'><strong>bare</strong></span> <span class='ocrx_word' id='word_1_283' title='bbox 229 2273 370 2312; x_wconf 88' lang='lat' dir='ltr'><strong>potest,</strong></span> <span class='ocrx_word' id='word_1_284' title='bbox 404 2268 436 2301; x_wconf 87' lang='lat' dir='ltr'><strong>si</strong></span> <span class='ocrx_word' id='word_1_285' title='bbox 472 2268 511 2301; x_wconf 89' lang='lat' dir='ltr'><strong>id</strong></span> <span class='ocrx_word' id='word_1_286' title='bbox 544 2269 720 2313; x_wconf 84' lang='lat' dir='ltr'><strong>negligat,</strong></span> <span class='ocrx_word' id='word_1_287' title='bbox 757 2269 811 2301; x_wconf 89' lang='lat' dir='ltr'><strong>rei</strong></span> <span class='ocrx_word' id='word_1_288' title='bbox 849 2268 1020 2312; x_wconf 83' lang='lat' dir='ltr'><strong>publicae</strong></span> <span class='ocrx_word' id='word_1_289' title='bbox 1050 2236 1293 2313; x_wconf 61' lang='lat' dir='ltr'><strong>proditorem,</strong></span> <span class='ocrx_word' id='word_1_290' title='bbox 1330 2270 1548 2316; x_wconf 87' lang='lat' dir='ltr'><strong>malignum,</strong></span> 
     </span>
     <span class='ocr_line' id='line_1_34' title="bbox 108 2314 1548 2360; baseline 0.003 -14"><span class='ocrx_word' id='word_1_291' title='bbox 108 2314 272 2348; x_wconf 85' lang='lat' dir='ltr'><strong>invidum</strong></span> <span class='ocrx_word' id='word_1_292' title='bbox 313 2314 586 2359; x_wconf 88' lang='lat' dir='ltr'><strong>communisque</strong></span> <span class='ocrx_word' id='word_1_293' title='bbox 618 2315 744 2348; x_wconf 84' lang='lat' dir='ltr'><strong>salutis</strong></span> <span class='ocrx_word' id='word_1_294' title='bbox 781 2320 920 2358; x_wconf 88' lang='lat' dir='ltr'><strong>pestem</strong></span> <span class='ocrx_word' id='word_1_295' title='bbox 957 2315 1131 2348; x_wconf 85' lang='lat' dir='ltr'><strong>ducimus.</strong></span> <span class='ocrx_word' id='word_1_296' title='bbox 1195 2316 1312 2360; x_wconf 84' lang='lat' dir='ltr'><strong>Igitur</strong></span> <span class='ocrx_word' id='word_1_297' title='bbox 1351 2321 1470 2350; x_wconf 90' lang='lat' dir='ltr'><strong>utrum</strong></span> <span class='ocrx_word' id='word_1_298' title='bbox 1508 2322 1548 2351; x_wconf 85' lang='lat' dir='ltr'><strong>te</strong></span> 
     </span>
     <span class='ocr_line' id='line_1_35' title="bbox 107 2360 1548 2406; baseline 0.003 -13"><span class='ocrx_word' id='word_1_299' title='bbox 107 2360 199 2394; x_wconf 85' lang='lat' dir='ltr'><strong>haec</strong></span> <span class='ocrx_word' id='word_1_300' title='bbox 222 2360 403 2400; x_wconf 79' lang='lat' dir='ltr'><strong>faciente,</strong></span> <span class='ocrx_word' id='word_1_301' title='bbox 427 2372 520 2406; x_wconf 86' lang='lat' dir='ltr'><strong>quae</strong></span> <span class='ocrx_word' id='word_1_302' title='bbox 546 2371 631 2405; x_wconf 87' lang='lat' dir='ltr'><strong>prae</strong></span> <span class='ocrx_word' id='word_1_303' title='bbox 657 2365 694 2394; x_wconf 91' lang='lat' dir='ltr'><strong>te</strong></span> <span class='ocrx_word' id='word_1_304' title='bbox 718 2361 860 2401; x_wconf 87' lang='lat' dir='ltr'><strong>tulisti,</strong></span> <span class='ocrx_word' id='word_1_305' title='bbox 889 2361 1028 2395; x_wconf 91' lang='lat' dir='ltr'><strong>bellum</strong></span> <span class='ocrx_word' id='word_1_306' title='bbox 1056 2362 1220 2406; x_wconf 84' lang='lat' dir='ltr'><strong>tollatur,</strong></span> <span class='ocrx_word' id='word_1_307' title='bbox 1244 2373 1290 2394; x_wconf 90' lang='lat' dir='ltr'><strong>an</strong></span> <span class='ocrx_word' id='word_1_308' title='bbox 1312 2363 1436 2405; x_wconf 83' lang='lat' dir='ltr'><strong>potius</strong></span> <span class='ocrx_word' id='word_1_309' title='bbox 1459 2363 1548 2397; x_wconf 85' lang='lat' dir='ltr'><strong>inde</strong></span> 
     </span>
     <span class='ocr_line' id='line_1_36' title="bbox 109 2407 1548 2452; baseline 0.003 -13"><span class='ocrx_word' id='word_1_310' title='bbox 109 2408 325 2452; x_wconf 84' lang='lat' dir='ltr'><strong>incipiatur,</strong></span> <span class='ocrx_word' id='word_1_311' title='bbox 351 2407 625 2441; x_wconf 86' lang='lat' dir='ltr'><strong>consideremus.</strong></span> <span class='ocrx_word' id='word_1_312' title='bbox 677 2407 716 2440; x_wconf 89' lang='lat' dir='ltr'><strong>Si</strong></span> <span class='ocrx_word' id='word_1_313' title='bbox 743 2418 900 2452; x_wconf 84' lang='lat' dir='ltr'><strong>namque</strong></span> <span class='ocrx_word' id='word_1_314' title='bbox 925 2408 981 2452; x_wconf 87' lang='lat' dir='ltr'><strong>(ut</strong></span> <span class='ocrx_word' id='word_1_315' title='bbox 1016 2407 1182 2452; x_wconf 76' lang='lat' dir='ltr'><strong>affirmas)</strong></span> <span class='ocrx_word' id='word_1_316' title='bbox 1213 2407 1396 2441; x_wconf 85' lang='lat' dir='ltr'><strong>iudicibus</strong></span> <span class='ocrx_word' id='word_1_317' title='bbox 1427 2413 1465 2443; x_wconf 85' lang='lat' dir='ltr'><strong>te</strong></span> <span class='ocrx_word' id='word_1_318' title='bbox 1496 2411 1548 2443; x_wconf 86' lang='lat' dir='ltr'><strong>si-</strong></span> 
     </span>
     <span class='ocr_line' id='line_1_37' title="bbox 110 2453 1548 2499; baseline 0.001 -13"><span class='ocrx_word' id='word_1_319' title='bbox 110 2458 235 2494; x_wconf 81' lang='lat' dir='ltr'><strong>stens,</strong></span> <span class='ocrx_word' id='word_1_320' title='bbox 275 2454 440 2486; x_wconf 82' lang='lat' dir='ltr'><strong>refutatis</strong></span> <span class='ocrx_word' id='word_1_321' title='bbox 487 2453 741 2498; x_wconf 81' lang='lat' dir='ltr'><strong>sycophantis,</strong></span> <span class='ocrx_word' id='word_1_322' title='bbox 787 2455 1030 2499; x_wconf 85' lang='lat' dir='ltr'><strong>magistratum</strong></span> <span class='ocrx_word' id='word_1_323' title='bbox 1063 2454 1246 2498; x_wconf 83' lang='lat' dir='ltr'><strong>depones,</strong></span> <span class='ocrx_word' id='word_1_324' title='bbox 1291 2459 1429 2488; x_wconf 80' lang='lat' dir='ltr'><strong>tantam</strong></span> <span class='ocrx_word' id='word_1_325' title='bbox 1469 2455 1548 2488; x_wconf 84' lang='lat' dir='ltr'><strong>ini-</strong></span> 
     </span>
     <span class='ocr_line' id='line_1_38' title="bbox 111 2499 1551 2545; baseline 0.002 -13"><span class='ocrx_word' id='word_1_326' title='bbox 111 2501 289 2545; x_wconf 82' lang='lat' dir='ltr'><strong>quitatem</strong></span> <span class='ocrx_word' id='word_1_327' title='bbox 314 2505 351 2532; x_wconf 90' lang='lat' dir='ltr'><strong>et</strong></span> <span class='ocrx_word' id='word_1_328' title='bbox 383 2499 552 2533; x_wconf 85' lang='lat' dir='ltr'><strong>adversus</strong></span> <span class='ocrx_word' id='word_1_329' title='bbox 585 2501 715 2533; x_wconf 88' lang='lat' dir='ltr'><strong>merita</strong></span> <span class='ocrx_word' id='word_1_330' title='bbox 740 2505 803 2533; x_wconf 85' lang='lat' dir='ltr'><strong>tua</strong></span> <span class='ocrx_word' id='word_1_331' title='bbox 829 2501 1010 2544; x_wconf 87' lang='lat' dir='ltr'><strong>ingratum</strong></span> <span class='ocrx_word' id='word_1_332' title='bbox 1041 2501 1200 2533; x_wconf 85' lang='lat' dir='ltr'><strong>animum</strong></span> <span class='ocrx_word' id='word_1_333' title='bbox 1231 2499 1448 2534; x_wconf 82' lang='lat' dir='ltr'><strong>detestatus:</strong></span> <span class='ocrx_word' id='word_1_334' title='bbox 1487 2507 1551 2535; x_wconf 85' lang='lat' dir='ltr'><strong>aut</strong></span> 
     </span>
     <span class='ocr_line' id='line_1_39' title="bbox 109 2546 1550 2592; baseline 0.001 -13"><span class='ocrx_word' id='word_1_335' title='bbox 109 2546 248 2580; x_wconf 84' lang='lat' dir='ltr'><strong>indicta</strong></span> <span class='ocrx_word' id='word_1_336' title='bbox 272 2556 377 2578; x_wconf 88' lang='lat' dir='ltr'><strong>causa</strong></span> <span class='ocrx_word' id='word_1_337' title='bbox 402 2546 681 2586; x_wconf 87' lang='lat' dir='ltr'><strong>condemnatus,</strong></span> <span class='ocrx_word' id='word_1_338' title='bbox 707 2546 862 2579; x_wconf 87' lang='lat' dir='ltr'><strong>atrocius</strong></span> <span class='ocrx_word' id='word_1_339' title='bbox 888 2548 1067 2590; x_wconf 89' lang='lat' dir='ltr'><strong>plectere,</strong></span> <span class='ocrx_word' id='word_1_340' title='bbox 1102 2546 1234 2592; x_wconf 88' lang='lat' dir='ltr'><strong>ecquid</strong></span> <span class='ocrx_word' id='word_1_341' title='bbox 1267 2557 1310 2580; x_wconf 87' lang='lat' dir='ltr'><strong>eo</strong></span> <span class='ocrx_word' id='word_1_342' title='bbox 1344 2546 1550 2582; x_wconf 85' lang='lat' dir='ltr'><strong>dementiae</strong></span> 
     </span>
     <span class='ocr_line' id='line_1_40' title="bbox 111 2591 1552 2638; baseline 0.002 -13"><span class='ocrx_word' id='word_1_343' title='bbox 111 2603 177 2626; x_wconf 86' lang='lat' dir='ltr'><strong>nos</strong></span> <span class='ocrx_word' id='word_1_344' title='bbox 204 2597 376 2626; x_wconf 85' lang='lat' dir='ltr'><strong>venturos</strong></span> <span class='ocrx_word' id='word_1_345' title='bbox 403 2597 468 2626; x_wconf 85' lang='lat' dir='ltr'><strong>aut</strong></span> <span class='ocrx_word' id='word_1_346' title='bbox 500 2592 551 2625; x_wconf 83' lang='lat' dir='ltr'><strong>ita</strong></span> <span class='ocrx_word' id='word_1_347' title='bbox 576 2591 765 2626; x_wconf 85' lang='lat' dir='ltr'><strong>humiliter</strong></span> <span class='ocrx_word' id='word_1_348' title='bbox 790 2597 828 2626; x_wconf 82' lang='lat' dir='ltr'><strong>et</strong></span> <span class='ocrx_word' id='word_1_349' title='bbox 850 2592 1081 2626; x_wconf 82' lang='lat' dir='ltr'><strong>illiberaliter</strong></span> <span class='ocrx_word' id='word_1_350' title='bbox 1106 2598 1304 2638; x_wconf 87' lang='lat' dir='ltr'><strong>contraque</strong></span> <span class='ocrx_word' id='word_1_351' title='bbox 1329 2593 1477 2638; x_wconf 87' lang='lat' dir='ltr'><strong>gloriam</strong></span> <span class='ocrx_word' id='word_1_352' title='bbox 1505 2606 1552 2628; x_wconf 82' lang='lat' dir='ltr'><strong>ex</strong></span> 
     </span>
     <span class='ocr_line' id='line_1_41' title="bbox 113 2638 1552 2684; baseline 0.003 -14"><span class='ocrx_word' id='word_1_353' title='bbox 113 2643 276 2672; x_wconf 77' lang='lat' dir='ltr'><strong>anteacta</strong></span> <span class='ocrx_word' id='word_1_354' title='bbox 303 2639 377 2671; x_wconf 85' lang='lat' dir='ltr'><strong>vita</strong></span> <span class='ocrx_word' id='word_1_355' title='bbox 403 2638 587 2671; x_wconf 88' lang='lat' dir='ltr'><strong>collectam</strong></span> <span class='ocrx_word' id='word_1_356' title='bbox 615 2638 659 2672; x_wconf 88' lang='lat' dir='ltr'><strong>de</strong></span> <span class='ocrx_word' id='word_1_357' title='bbox 691 2638 874 2672; x_wconf 85' lang='lat' dir='ltr'><strong>nobismet</strong></span> <span class='ocrx_word' id='word_1_358' title='bbox 897 2650 1062 2673; x_wconf 85' lang='lat' dir='ltr'><strong>sensuros</strong></span> <span class='ocrx_word' id='word_1_359' title='bbox 1095 2644 1222 2683; x_wconf 85' lang='lat' dir='ltr'><strong>putas,</strong></span> <span class='ocrx_word' id='word_1_360' title='bbox 1257 2644 1298 2672; x_wconf 84' lang='lat' dir='ltr'><strong>ut</strong></span> <span class='ocrx_word' id='word_1_361' title='bbox 1323 2651 1389 2684; x_wconf 88' lang='lat' dir='ltr'><strong>pro</strong></span> <span class='ocrx_word' id='word_1_362' title='bbox 1415 2642 1552 2674; x_wconf 88' lang='lat' dir='ltr'><strong>manci-</strong></span> 
     </span>
     <span class='ocr_line' id='line_1_42' title="bbox 111 2683 1551 2730; baseline 0.003 -14"><span class='ocrx_word' id='word_1_363' title='bbox 111 2685 184 2728; x_wconf 87' lang='lat' dir='ltr'><strong>piis</strong></span> <span class='ocrx_word' id='word_1_364' title='bbox 205 2683 418 2729; x_wconf 84' lang='lat' dir='ltr'><strong>Apocaucho</strong></span> <span class='ocrx_word' id='word_1_365' title='bbox 442 2683 583 2718; x_wconf 89' lang='lat' dir='ltr'><strong>homini</strong></span> <span class='ocrx_word' id='word_1_366' title='bbox 606 2684 761 2729; x_wconf 86' lang='lat' dir='ltr'><strong>ignobili</strong></span> <span class='ocrx_word' id='word_1_367' title='bbox 786 2696 931 2730; x_wconf 85' lang='lat' dir='ltr'><strong>prorsus</strong></span> <span class='ocrx_word' id='word_1_368' title='bbox 955 2697 995 2719; x_wconf 84' lang='lat' dir='ltr'><strong>ac</strong></span> <span class='ocrx_word' id='word_1_369' title='bbox 1018 2684 1164 2729; x_wconf 86' lang='lat' dir='ltr'><strong>plebeio</strong></span> <span class='ocrx_word' id='word_1_370' title='bbox 1188 2684 1234 2718; x_wconf 85' lang='lat' dir='ltr'><strong>ad</strong></span> <span class='ocrx_word' id='word_1_371' title='bbox 1259 2690 1388 2718; x_wconf 90' lang='lat' dir='ltr'><strong>nutum</strong></span> <span class='ocrx_word' id='word_1_372' title='bbox 1414 2687 1551 2720; x_wconf 86' lang='lat' dir='ltr'><strong>servia-</strong></span> 
     </span>
     <span class='ocr_line' id='line_1_43' title="bbox 113 2730 1552 2775; baseline 0.003 -13"><span class='ocrx_word' id='word_1_373' title='bbox 113 2730 221 2764; x_wconf 79' lang='lat' dir='ltr'><strong>mus?</strong></span> <span class='ocrx_word' id='word_1_374' title='bbox 265 2731 381 2764; x_wconf 83' lang='lat' dir='ltr'><strong>Citius</strong></span> <span class='ocrx_word' id='word_1_375' title='bbox 421 2731 575 2775; x_wconf 82' lang='lat' dir='ltr'><strong>quisque</strong></span> <span class='ocrx_word' id='word_1_376' title='bbox 609 2737 771 2765; x_wconf 85' lang='lat' dir='ltr'><strong>nostrum</strong></span> <span class='ocrx_word' id='word_1_377' title='bbox 796 2731 994 2766; x_wconf 87' lang='lat' dir='ltr'><strong>inferorum</strong></span> <span class='ocrx_word' id='word_1_378' title='bbox 1026 2731 1220 2775; x_wconf 75' lang='lat' dir='ltr'><strong>caliginosa</strong></span> <span class='ocrx_word' id='word_1_379' title='bbox 1250 2732 1327 2765; x_wconf 85' lang='lat' dir='ltr'><strong>loca</strong></span> <span class='ocrx_word' id='word_1_380' title='bbox 1362 2732 1552 2767; x_wconf 84' lang='lat' dir='ltr'><strong>subeunda</strong></span> 
     </span>
     <span class='ocr_line' id='line_1_44' title="bbox 118 2776 1550 2825; baseline 0.003 -15"><span class='ocrx_word' id='word_1_381' title='bbox 118 2781 153 2810; x_wconf 77' lang='lat' dir='ltr'><strong>et</strong></span> <span class='ocrx_word' id='word_1_382' title='bbox 192 2787 271 2812; x_wconf 82' lang='lat' dir='ltr'><strong>cum</strong></span> <span class='ocrx_word' id='word_1_383' title='bbox 304 2778 454 2814; x_wconf 82' lang='lat' dir='ltr'><strong>mortuis</strong></span> <span class='ocrx_word' id='word_1_384' title='bbox 487 2776 727 2814; x_wconf 77' lang='lat' dir='ltr'><strong>habitandum</strong></span> <span class='ocrx_word' id='word_1_385' title='bbox 760 2779 938 2814; x_wconf 77' lang='lat' dir='ltr'><strong>statuerit.</strong></span> <span class='ocrx_word' id='word_1_386' title='bbox 987 2777 1058 2812; x_wconf 86' lang='lat' dir='ltr'><strong>Sed</strong></span> <span class='ocrx_word' id='word_1_387' title='bbox 1089 2778 1154 2811; x_wconf 80' lang='lat' dir='ltr'><strong>alii</strong></span> <span class='ocrx_word' id='word_1_388' title='bbox 1183 2778 1330 2824; x_wconf 85' lang='lat' dir='ltr'><strong>quidem</strong></span> <span class='ocrx_word' id='word_1_389' title='bbox 1367 2790 1451 2814; x_wconf 77' lang='lat' dir='ltr'><strong>mox</strong></span> <span class='ocrx_word' id='word_1_390' title='bbox 1485 2784 1550 2825; x_wconf 85' lang='lat' dir='ltr'><strong>pro</strong></span> 
     </span>
    </p>
   </div>
  </div>
 </body>
</html>
