1800 3138
284 166 386 240 198
807 181 1173 223 CANTAcUzEm

82 288 159 322 ΑΒ.
182 288 265 334 1342
277 285 333 334 ὥς
361 281 450 336 ἅμα
479 284 587 324 τισίν
615 281 777 335 ὀλίγοις,
806 283 845 323 εἰ
871 282 1047 334 δύναιτο,
1076 282 1255 337 (πλείοσι
1282 279 1362 335 γὰρ
1394 281 1469 321 ov'x
1497 282 1591 336 ἐνῆν
1613 282 1706 324 δια-

272 353 419 392 λαθεῖν
433 350 465 404 ,)
503 345 859 401 παρελευσόμενος
899 347 957 394 εἷς
994 346 1069 400 τὴν
1099 343 1219 387 πόλιν
1247 347 1320 387 καί
1345 344 1550 402 φυλάξων.
1605 341 1706 401 ἤνυε

274 415 320 455 δὲ
349 414 496 465 odda-v,
537 413 743 465 βασιλέως
781 413 854 465 τῆς
892 409 1130 466 πολιορκίας
1171 411 1380 459 συντόνως
1407 409 1607 464 ἐχομένου
1635 413 1708 454 καὶ

273 478 343 522 διὰ
375 476 507 532 πάσης
537 477 782 528 ποιουμένου
815 479 1015 531 φυλακῆς.
1068 473 1350 529 μηχανήματά
1376 491 1421 517 τε
1445 474 1524 530 γὰρ
1554 491 1706 519 παντο-

146 556 180 590 Ρ.
197 555 262 599 455
274 542 384 586 ὃαπά
412 544 485 584 καί
509 543 711 593 κλιζιιακας
738 539 842 595 πρός
867 539 939 594 την
969 539 1241 593 τειχομαχίαν
1260 538 1555 595 παρεσκεύαζε.
1612 538 1740 582 Βα·5·

271 607 417 662 τάτζης
454 608 500 648 δὲ
541 606 684 646 otiosus*
719 602 857 662 τρόπῳ
883 610 967 653 τοῖς
995 605 1356 659 πολιορκουμένοις
1382 607 1551 659 βοηθεῖν
1578 606 1706 647 δυνά-

271 688 420 725 μενος,
460 669 562 726 πρὸς
605 671 779 723 βασιλέα
823 671 995 721 πέμψας
1038 668 1114 722 τήν
1141 683 1185 709 τε
1212 663 1376 710 εὔνοιαν
1404 668 1604 723 ὡμολόγει
1630 667 1704 724 τήν

272 740 505 791 προτέραν,
546 734 617 776 καὶ
643 732 697 782 ὥς
726 736 846 776 ου’δὲν
884 730 1004 788 ἧττον
1044 729 1072 788 ἢ
1097 731 1319 788 πρότερον,
1363 735 1436 775 καί
1460 735 1535 776 νῦν
1557 730 1705 784 εὔνους

272 805 318 844 τέ
355 804 468 843 ἐστιν
497 800 608 857 αὐτῷ
645 801 716 841 καί
753 802 835 840 ταῖν
862 798 1043 851 μάλιστα
1073 796 1316 853 φιλούντων.
1372 796 1523 854 α’νοίγκῃ
1554 801 1600 841 δὲ
1629 797 1703 841 τόν

133 872 172 906 V.
190 873 254 917 367
270 866 447 919 πόλεμον
475 863 671 907 ὑπελθεῖν
697 866 771 906 τοῦ
801 863 859 917 μὴ
888 861 1005 918 παρὰ
1033 869 1117 911 τοῖς
1155 858 1334 917 ἄρχουσι
1354 862 1572 916 Ῥωμαίων
1597 864 1771 912 ’ὕπο-ιο.

270 931 511 973 πτεύεσθαι.
568 925 619 970 οὗ
656 927 706 982 δή
737 931 857 970 ἕνεκα
896 927 967 968 καί
1002 929 1076 968 νῦν
1115 925 1166 968 τὰ
1198 928 1396 968 δοκοῦντα
1427 925 1704 984 λυσιτελήσειν

270 994 585 1049 συμβουλεύειν.
645 991 851 1047 κήδεσθαι
879 990 955 1047 γὰρ
986 991 1036 1032 οὔ
1060 989 1280 1045 Ῥωμαίων
1308 992 1436 1044 μόνον
1462 990 1515 1034 τά
1545 991 1704 1047 ἔσχατα

270 1062 316 1102 έκ
353 1062 429 1100 τοῦ
460 1059 637 1111 πολέμου
678 1059 956 1109 πεισομένων,
1000 1056 1106 1106 α’λλα
1145 1058 1217 1098 καί
1243 1058 1320 1098 σοῦ
1347 1054 1416 1098 διὰ
1442 1054 1515 1111 τὴν
1546 1058 1724 1113 φιλίαν.-

270 1125 404 1165 ταῦτα
445 1124 490 1164 δέ
521 1125 630 1166 ἐστι·
685 1119 757 1163 τόν
793 1120 970 1174 πόλεμον
996 1122 1296 1173 καταθέμενον,
1328 1120 1507 1169 σπονδὰς
1531 1119 1705 1176 ποιήσα-

232 1192 374 1232 Βσθαι
404 1187 509 1244 πρὸς
535 1186 732 1240 βασιλίδα
761 1188 860 1241 περὶ
882 1187 955 1241 τῆς
983 1183 1160 1241 εἰρήνης.
1215 1188 1287 1227 καί
1313 1184 1393 1239 εἴγε
1419 1184 1524 1228 κατὰ
1540 1185 1770 1242 γνώμηνιὸ.

272 1254 390 1310 αὐτῷ’
416 1252 492 1307 εἴη,
524 1250 655 1294 αὐτόν
685 1250 788 1307 πρὸς
815 1253 1014 1304 βασιλίδα
1044 1246 1072 1307 ᾗ
1103 1251 1277 1304 τάχιστα
1306 1250 1472 1293 δυ’ναιτο
1499 1251 1723 1294 ἄπελθόν-,
1754 1261 1756 1264 “

270 1334 322 1358 τα
352 1318 618 1367 διαλέξεσθαι
648 1318 746 1370 περὶ
771 1315 946 1371 εἰρήνης.
1004 1314 1169 1357 οἴεσθαι
1198 1317 1244 1356 δὲ
1273 1317 1346 1357 καί
1364 1315 1520 1358 πείσειν
1542 1316 1702 1373 ῥᾷστα,

268 1381 344 1436 την
372 1379 562 1434 δύναμιν,
594 1378 642 1436 ἢν
670 1379 791 1433 ἔχεις,
822 1378 1008 1435 φανεράν
1028 1378 1271 1435 ποιήσαντα.
1326 1382 1504 1428 ἐκείνους
1519 1378 1599 1436 γὰρ
1619 1381 1703 1422 τῶν

269 1449 362 1486 λίαν
405 1447 615 1498 οἰομένους
652 1441 959 1487 ἀσθενεστάτων
990 1443 1221 1499 προθύμως
1249 1444 1472 1500 ὡρμῆσθαι
1499 1444 1604 1500 πρὸς
1631 1444 1702 1487 τὸν

269 1508 461 1563 πόλεμον.
519 1510 540 1551 ὃ
569 1512 644 1562 μὲν
683 1506 757 1551 οὖν
795 1509 1012 1564 Βατάτζης
1038 1512 1210 1551 τοιαῦτα
1242 1507 1524 1564 ὲπρεσβεύετο.
1580 1513 1770 1564 βασι-πο·

269 1574 365 1624 λεύς
392 1577 437 1616 δὲ
469 1575 658 1627 ἀσμένως
684 1590 728 1615 τε
756 1573 920 1624 ἐδέξατο
948 1573 1046 1623 τούς
1075 1574 1220 1628 λόγους
1251 1576 1324 1616 καί
1351 1572 1454 1630 πρός
1487 1591 1579 1617 τινα
1610 1577 1699 1618 ἐκέ-

270 1644 364 1680 λευε
391 1636 515 1681 τόπον
556 1642 771 1681 συνελθεῖν
799 1640 914 1695 αὐτῷ
929 1671 940 1692 ,
982 1637 1025 1681 ἐν
1052 1632 1084 1697 ᾧ
1115 1641 1212 1694 περί
1236 1642 1311 1681 τοῦ
1339 1635 1364 1695 ᾗ
1391 1639 1474 1695 χρὴ
1504 1641 1701 1693 γενέσθαι

268 1703 343 1757 τήν
371 1704 535 1758 εἰρήνην
566 1706 818 1754 διαλέξονται
835 1721 845 1732 ·
902 1706 1031 1758 μηδέν
1060 1719 1105 1745 τε
1131 1703 1363 1762 μελλήσας,
1385 1703 1485 1759 πρὸς
1509 1703 1581 1747 τόν
1600 1721 1700 1748 συν-

268 1769 503 1821 τεθειμένον
539 1765 643 1823 ἦλθε
685 1767 808 1811 τόπον
845 1768 917 1811 τόν
952 1767 1167 1823 Βατάτζην
1205 1771 1444 1824 περιμένων.
1509 1768 1530 1811 ὅ
1561 1772 1595 1813 δ”
1630 1770 1701 1814 εἴτ’

267 1935 341 1958 non
377 1923 526 1968 licebat)
563 1925 786 1960 clandestine
817 1927 855 1960 in
885 1926 1010 1959 urbem
1042 1927 1119 1959 eius
1149 1924 1320 1959 tutandae
1346 1925 1570 1970 irrumperet.
1622 1925 1695 1959 Sed

267 1971 408 2003 frustra.
458 1971 547 2004 Nam
574 1973 767 2016 imperator
791 1972 933 2005 assidua
958 1972 1148 2005 obsidione
1174 1971 1335 2005 instabat
1361 1975 1398 2003 et
1430 1982 1552 2005 omnes
1577 1971 1695 2006 aditus

269 2017 431 2050 custodia
455 2017 636 2061 sepiebat,
663 2019 915 2063 machinasque
939 2019 1144 2062 omnigenas
1173 2023 1210 2052 et
1234 2018 1344 2050 scalas
1372 2016 1416 2049 ad
1441 2018 1582 2051 moenia
1606 2030 1696 2052 con-

268 2062 470 2096 scendenda
495 2065 732 2108 comparabat.
793 2065 953 2097 Bataizes
975 2076 1054 2097 cum
1080 2064 1233 2098 obsessis
1258 2063 1359 2097 nulla
1387 2064 1441 2096 via
1465 2070 1587 2108 posset
1612 2074 1697 2098 suc·-

267 2118 429 2149 currcre,
470 2109 515 2142 ad
553 2109 804 2153 imperatorem
844 2110 990 2143 mittens
1016 2115 1053 2143 et
1075 2110 1261 2154 pristinam
1293 2108 1583 2144 benevolentiam
1608 2121 1696 2154 pro-

267 2155 412 2195 fitetur,
449 2160 485 2188 et
519 2165 635 2199 aeque
668 2161 709 2189 ut
739 2157 838 2200 prins
875 2155 1176 2189 studiosissimum
1199 2156 1299 2188 illius
1325 2155 1402 2188 fore
1426 2157 1623 2200 promittit:
1648 2156 1702 2190 ad*

264 2201 444 2233 vitandam
486 2211 569 2234 vero
606 2202 845 2246 suspicionem
885 2202 982 2245 apud
1018 2203 1257 2235 Romanorum
1303 2200 1489 2235 archontas
1533 2214 1572 2235 se
1605 2202 1694 2236 huic

264 2247 363 2279 bello
390 2246 600 2280 submittere
629 2247 807 2281 debuisse.
857 2246 1100 2292 Quamobrem
1126 2253 1162 2281 et
1197 2258 1311 2287 nunc,
1344 2258 1435 2292 quae
1471 2247 1692 2284 conductum

264 2293 424 2333 iudicet,
448 2303 645 2325 suasurum.
693 2294 802 2333 Nam,
827 2298 868 2326 ut
891 2296 1066 2334 amicum,
1093 2303 1169 2326 esse
1193 2293 1408 2333 sollicitum,
1433 2294 1532 2339 quod
1554 2293 1700 2329 bellum-

263 2337 332 2371 hoc
367 2349 440 2372 non
476 2339 651 2373 Romanos
677 2340 806 2380 modo,
842 2339 904 2373 sed
925 2340 1041 2384 ipsum
1074 2351 1219 2384 quoque
1247 2340 1532 2374 Cantacuzenum
1557 2341 1694 2385 grav-is-

263 2384 352 2416 sime
384 2384 600 2418 afflicturum
638 2386 695 2420 sit·
743 2386 827 2419 Esse
863 2390 984 2419 autem
1018 2385 1121 2426 haec,
1157 2396 1249 2430 quae
1276 2385 1437 2423 suadeat.
1494 2388 1540 2420 Ut
1562 2387 1700 2431 positis>

265 2430 373 2461 armis
399 2431 525 2463 foedus
550 2433 647 2474 pacis
672 2443 749 2465 cum
775 2433 999 2477 imperatrice
1028 2432 1136 2465 feriat
1163 2436 1216 2472 et,
1242 2432 1270 2464 si
1300 2432 1453 2476 placeat,
1479 2433 1557 2477 ipse
1581 2443 1691 2478 quam

262 2476 417 2519 primum
451 2476 497 2508 ad
534 2487 611 2509 eam
650 2478 915 2522 proficiscatur,
952 2478 996 2511 de
1020 2488 1107 2523 pace
1133 2489 1212 2511 cum
1237 2478 1362 2511 eadem
1386 2484 1549 2512 acturus:
1581 2490 1690 2524 quam

263 2522 389 2565 utique
424 2522 580 2555 flexurus
617 2524 688 2564 sit,
720 2524 751 2557 si
790 2535 889 2557 suam
926 2524 982 2557 illi
1019 2523 1217 2568 potentiam
1250 2524 1456 2566 declararit3
1484 2535 1567 2558 uam
1590 2526 1689 2570 quod

262 2567 542 2600 infirmissimum
578 2574 770 2612 putarent,
804 2571 886 2604 ideo
921 2569 1140 2603 adversarios
1175 2570 1251 2603 eius
1280 2570 1326 2603 ad
1354 2582 1451 2604 arma
1472 2571 1693 2616 provolasseffl

263 2613 366 2645 Talia
391 2615 547 2647 Batatzes
574 2626 637 2658 per
661 2617 947 2650 internuntium:
973 2618 1072 2650 cuius
1100 2616 1290 2649 consilium
1314 2616 1506 2661 imperator
1530 2617 1689 2651 libenter

263 2659 402 2692 audivit
425 2670 535 2705 seque
561 2666 656 2694 certo
682 2662 758 2695 loco
785 2663 973 2696 convenire
1001 2662 1124 2702 iussit,
1161 2663 1222 2695 nbi
1248 2663 1292 2696 de
1327 2665 1425 2706 pacis
1463 2662 1685 2697 conditioni-

265 2704 331 2737 bus
363 2706 457 2738 inter
491 2716 527 2737 se
566 2707 878 2753 colloquerentur3
921 2714 956 2742 et
981 2710 1055 2752 ipse
1097 2709 1174 2741 sine
1198 2720 1293 2742 mora
1319 2708 1363 2740 ad
1398 2715 1538 2753 pactum
1562 2709 1682 2743 locum

263 2749 384 2792 venit,
411 2752 578 2785 Batatzen
608 2760 814 2798 exspectans
830 2780 842 2796 ,
876 2755 939 2800 qui
963 2756 1035 2791 sive
1060 2759 1186 2799 suopte
1210 2760 1300 2790 nutu
1315 2779 1324 2795 ‚
1347 2755 1420 2791 sive
1443 2755 1588 2791 alterius
1612 2756 1680 2790 im-
