1812 3132
304 183 407 250 148
826 198 1195 242 CANTAcqum

99 304 351 360 Α.(3.134ἰνῷ
375 299 577 358 χρήσιμοι
604 298 793 353 ἔσονται,
822 299 952 344 πάντα
985 299 1372 356 ἐπραγματευόμην.
1436 299 1488 339 ου’
1513 296 1596 353 μὴν
1623 298 1729 340 ἄλλα

296 369 372 409 καί
407 373 496 416 τοῖς
531 369 755 422 περιοίκοις
795 367 878 408 τῶν
903 363 1132 422 βαρβάρων
1160 363 1339 413 σπονδὰς
1381 365 1620 416 τιθέμενος,
1658 363 1733 415 οὔ,

293 431 382 474 ἔσθ’
426 429 541 481 ὅστις
585 427 638 473 ἂν
680 432 945 485 ἐξελέγξειεν,
989 431 1044 480 (ὃς
1074 429 1154 486 πρὸ
1184 432 1259 471 τοῦ
1285 431 1402 486 κοινῇ
1430 429 1736 476 λυσιτελοῦντος

291 500 373 540 τῶν
401 499 487 555 ἰδία
517 515 557 539 τι
587 496 756 551 εἱλόμην
786 498 881 549 ἐμοὶ
911 495 1206 552 διαφερόντων.
1263 493 1370 536 (ἰλλά
1389 499 1475 543 τοῖς
1494 495 1571 546 μὲν
1590 494 1736 535 ἔσπεν-

294 562 421 617 δόμην
441 559 761 611 λυσιτελούντως
782 564 840 618 τῷ
866 563 999 618 κοινῷ,
1029 566 1115 609 τοῖς
1145 561 1191 601 δὲ
1219 557 1589 614 παρεσκευαζόμην
1610 557 1757 598 πολε-5

291 633 385 680 μεῖν
414 627 519 682 ὑπὲρ
551 627 714 679 αὐτῶν,
756 627 916 682 μηδένα
959 627 1154 667 κιίδυνον
1182 627 1227 667 ἐκ
1253 627 1336 667 τῶν
1372 623 1530 666 οἰκείων
1566 619 1738 679 ὖφοροό-

290 709 426 745 μενος.
493 695 537 743 ἐξ
576 687 634 734 ὧν
673 690 865 734 ἁπάντων
893 686 945 733 οἷν
980 707 1042 739 τις
1068 689 1251 742 μάλιστα
1280 691 1453 742 συνίδοι,
1486 687 1544 737 ὥς
1572 683 1736 735 ἀδόλως

294 758 368 799 καί
405 759 606 812 καθαρῶς
637 757 741 811 ὑπὲρ
769 758 850 798 τῶν
877 758 1083 810 βασιλέως
1112 754 1408 809 ἐπολιτευόμην
1445 754 1607 795 παίδων
1635 751 1731 806 ἐγώ.

165 832 200 867 P.
213 831 282 877 426
296 825 335 865 εἰ
360 821 440 878 γάρ
469 819 537 865 οἷα
567 821 864 875 διαβάλλουσιν
893 819 930 862 οἱ
958 822 1278 876 κατηγοροῦντες
1295 820 1580 895 διενοούμην,
1609 819 1649 859 εἰ
1671 816 1732 870 μή

293 904 334 930 τι
362 882 485 940 ἄλλο,
516 885 589 928 τὸν
615 889 718 941 γοῦν
746 886 1091 938 διεσκεδασμένον
1118 883 1223 926 κατὰ
1253 886 1395 926 πᾶσαν
1421 882 1495 938 τὴν
1515 882 1787 934 Ῥωμαίωνιο

295 951 431 1009 ἀρχὴν
458 955 637 994 πλοῦτον
666 951 859 1005 συνάγειν
888 949 986 1003 ε’δει,
1015 951 1113 991 ουδὲ
1148 949 1298 1006 ραδίως
1319 945 1565 1004 ἀριθμητὸν,
1594 943 1735 1001 ω’σπερ

296 1017 384 1061 ι’στε
414 1012 511 1059 ὅντα
541 1034 608 1059 και
639 1014 772 1069 αυτοὶ,
807 1014 879 1056 καί
903 1014 1084 1068 μάλιστα
1115 1014 1433 1070 χρησιμώτατον
1461 1011 1657 1065 ἐσόμενον
1677 1011 1737 1059 εἰς

293 1082 366 1125 τὸν
394 1081 576 1135 πόλεμον
604 1082 711 1134 ἐμοί.
766 1097 855 1123 νυνι
886 1081 932 1121 δὲ
959 1078 1118 1129 ἔξεστιν
1146 1078 1249 1136 ὄριῖν
1279 1081 1330 1121 ου’
1358 1075 1633 1133 βοσκημάτων
1658 1073 1736 1130 μό-

294 1164 365 1191 νον
403 1149 563 1202 πλῆθος
602 1148 676 1188 καί
712 1146 908 1201 καρπῶν,
943 1143 1046 1199 ἅπερ
1078 1140 1129 1186 ἄν
1154 1160 1217 1193 τις
1245 1143 1347 1193 ἴσως
1374 1142 1560 1199 οἷὴσαιτο
1590 1145 1734 1184 δυσκο·

292 1213 388 1255 λίαν
416 1212 508 1254 τινὰ
538 1213 739 1267 παρέχειν
766 1210 838 1252 καί
864 1210 1053 1263 ὑποψίαν
1080 1206 1380 1265 ἀθροιζόμενα,
1413 1206 1518 1250 ἀλλὰ
1537 1209 1609 1250 καί
1625 1205 1787 1261 χρυ-15

292 1276 369 1320 σὸν
415 1274 546 1319 πολύν
583 1278 657 1318 καί
695 1270 880 1332 ἄργυρον
916 1276 1260 1327 διεσκεδασμένον
1299 1275 1529 1328 πανταχοῦ.
1603 1273 1737 1314 καίτοι

291 1341 339 1383 τὸ
378 1339 728 1395 θαυμαστότερον
766 1341 1007 1395 παρῆλθον,
1052 1337 1110 1387 ὦς
1151 1338 1200 1394 δη
1237 1356 1277 1381 τι
1310 1336 1564 1391 θαυμαστὸν
1591 1339 1735 1392 λέγων.

291 1404 341 1449 οὗ
383 1406 512 1460 μόνον
523 1404 618 1481 γὰρ
654 1404 727 1446 τὸν
756 1406 1097 1457 διεσκεδασμένον
1125 1419 1173 1445 ου
1204 1406 1380 1459 συνῆγον
1409 1405 1596 1456 πλοῦτον,
1625 1403 1732 1446 ἄλλα

292 1474 366 1514 καί
405 1470 478 1513 τὸν
521 1467 620 1511 ὄντα
657 1469 729 1511 τὸν
767 1471 844 1522 μὲν
879 1467 1096 1511 ἐδαπάνων
1141 1470 1327 1525 οἶφειὸὤς
1363 1470 1408 1511 ἐν
1451 1474 1544 1517 ταῖς
1568 1470 1735 1523 χρείαις

256 1543 385 1585 Βταῖς
425 1541 606 1587 κοιναῖς,
647 1533 719 1576 τὸν
748 1536 788 1575 δ’
814 1530 921 1576 ἑκων
948 1531 1055 1575 εἶναι
1083 1535 1387 1586 κατελιμπανον
1417 1533 1543 1585 αυτὸς
1571 1536 1614 1575 έν
1640 1537 1787 1575 Bv-20

295 1602 442 1657 ζαντίῳ
481 1599 589 1654 ἔχων
629 1601 673 1641 ἐν
712 1598 870 1654 χερσίν.
941 1597 1100 1652 ὀλίγαις
1126 1600 1226 1652 γοῦν
1255 1598 1431 1653 ἡμέραις
1460 1598 1657 1654 πρότερον
1683 1599 1729 1640 ἐν

293 1667 521 1720 βασιλείοις
545 1665 692 1718 χρείας
718 1664 964 1717 γενομένης,
1013 1664 1058 1704 ἐκ
1096 1666 1168 1718 τῆς
1211 1662 1341 1711 οἰκίας
1372 1665 1446 1717 τῆς
1473 1664 1576 1717 ἐμῆς
1604 1660 1730 1717 σκεύη

294 1732 461 1785 ἀργυρᾶ
488 1729 594 1784 ὑπὲρ
622 1729 816 1769 διακόσια
844 1729 1002 1782 η’νέχθη
1031 1727 1106 1769 ου’κ
1134 1729 1273 1782 ὀλίγου
1309 1723 1406 1778 ἄξιά
1426 1743 1556 1776 τινος·
1610 1725 1731 1781 ἂμε-

293 1793 349 1837 τοὶ
376 1794 449 1850 τὴν
477 1795 626 1849 χρείαν
651 1795 733 1835 τῶν
759 1792 832 1835 ἐπὶ
856 1791 932 1847 τὴν
959 1791 1148 1849 φυλακην
1165 1794 1329 1835 ἐκείνων
1345 1794 1598 1847 τεταγμένων
1626 1790 1730 1834 ‹zno-

295 1906 488 1939 salutarem
514 1903 678 1944 confeci,
719 1915 783 1949 pro
810 1904 896 1936 filiis
922 1908 1041 1936 autem
1066 1905 1292 1948 imperatoris
1317 1903 1362 1937 de
1399 1914 1542 1936 suorum
1568 1902 1639 1936 fide
1672 1913 1730 1935 se-

297 1953 390 1984 curis
424 1956 465 1984 ut
500 1955 738 1995 pugnaretur,
779 1960 923 1994 operam
956 1949 1050 1983 dedi.
1098 1950 1150 1982 Ex
1182 1950 1313 1995 quibus
1345 1951 1511 1984 universe
1545 1948 1614 1982 hac
1647 1949 1728 1983 luce

296 1998 427 2031 clarius
454 2003 527 2037 est,
557 2006 613 2028 me
638 1997 739 2028 nullo
765 1995 850 2028 dolo
876 1999 913 2028 et
936 1995 1122 2029 sinceriter
1146 2005 1268 2029 eorum
1291 1997 1371 2029 loco
1397 1996 1531 2028 clavum
1557 1996 1727 2028 tenuisse.

276 2044 335 2077 -Si
362 2044 459 2076 enim
484 2053 526 2075 ea
558 2042 744 2075 versabam
779 2043 921 2081 animo,
954 2053 1046 2086 quae
1071 2041 1343 2076 calumniatores
1369 2042 1426 2075 isti
1452 2041 1652 2082 obiiciunt,
1687 2045 1730 2074 ut

294 2090 392 2122 nihil
427 2088 552 2127 aliud,
586 2093 683 2120 certe
718 2092 794 2121 toto
829 2089 987 2120 Romano
1028 2087 1178 2132 imperio
1214 2099 1352 2133 sparsas
1387 2098 1541 2132 easque,
1587 2092 1627 2120 ut
1656 2087 1730 2131 ipsi

297 2145 442 2181 quoque
467 2134 587 2174 scitis,
620 2135 811 2166 immensas
838 2143 923 2176 opes
957 2138 1076 2186 atque
1091 2135 1208 2179 copias
1233 2134 1396 2179 mihique
1421 2134 1465 2167 ad
1500 2133 1637 2166 bellum
1661 2144 1727 2178 op-

295 2181 569 2226 portunissimas
595 2180 762 2224 colligere
799 2179 998 2223 opor.tebat
1044 2179 1148 2213 Nunc
1171 2178 1293 2214 videre
1331 2185 1402 2220 est,
1440 2185 1584 2223 praeter
1614 2189 1729 2224 peco-

297 2238 377 2261 rum
405 2237 525 2271 greges
551 2229 588 2257 et
608 2226 745 2269 frugum
772 2224 996 2266 ubertatem,
1033 2225 1164 2278 quibus
1189 2225 1446 2271 congregandis
1471 2225 1623 2260 fortasse
1649 2226 1727 2259 exi—

297 2275 461 2307 stimaret
494 2272 671 2324 quispiam
697 2271 938 2315 suspicionem
979 2271 1084 2304 vitari
1119 2282 1220 2317 aegre
1245 2283 1374 2316 posse,
1418 2282 1578 2317 nagnam
1609 2282 1727 2305 meam

298 2319 378 2352 auri
403 2317 614 2362 argentique
637 2317 707 2349 vim
733 2317 880 2362 ubique.
930 2317 1156 2371 Quamquam
1186 2319 1268 2351 dum
1305 2318 1478 2364 quiddam
1512 2316 1726 2352 admirabile

300 2365 407 2402 dico,
449 2364 547 2410 quod
582 2361 830 2395 admirabilius
868 2367 940 2402 est,
969 2364 1165 2407 ·praeterii.
1225 2364 1306 2398 Non
1346 2365 1443 2398 enim
1475 2363 1725 2398 tantummodo

299 2421 455 2454 spausam
479 2410 667 2454 pecuniam
694 2419 808 2441 meam
835 2419 907 2440 non
932 2410 1106 2450 contraxi,
1131 2409 1193 2442 sed
1218 2415 1254 2443 et
1277 2416 1502 2455 praesentem
1526 2418 1567 2443 ac
1592 2419 1726 2454 suppe-

300 2457 479 2490 ditantem
511 2456 640 2500 partim
679 2455 717 2487 in
756 2464 840 2486 usus
877 2464 1081 2488 communes
1118 2455 1319 2489 liberaliter
1354 2456 1552 2499 insumpsi,
1593 2455 1724 2500 partim

299 2513 409 2547 quam
435 2503 474 2534 in
498 2501 663 2534 manibus
688 2500 888 2539 habebam,
927 2501 1084 2543 Byzantii
1119 2501 1236 2535 libens
1262 2503 1406 2547 reliqui.
1454 2502 1579 2535 Paucis
1615 2501 1725 2546 igitur

297 2554 381 2581 ante
407 2548 664 2590 profectionem
691 2557 804 2579 meam
829 2546 955 2579 diebus
982 2559 1060 2580 cum
1088 2548 1286 2592 indigentia
1310 2549 1350 2581 in
1373 2549 1510 2593 palatio
1534 2547 1724 2589 extitisset,

299 2605 319 2626 e
348 2592 453 2626 domo
478 2604 555 2625 mea
582 2604 664 2626 vasa
696 2597 862 2634 argentea
885 2592 1076 2626 admodum
1102 2595 1262 2638 preciosa
1298 2604 1403 2639 supra
1436 2594 1588 2627 ducenta
1621 2604 1726 2638 prae-

297 2638 375 2671 hita
399 2644 493 2671 sunt.
542 2640 705 2684 Quorum
740 2637 903 2671 custodes
939 2650 1016 2671 cum
1043 2645 1208 2684 rogarent
1242 2652 1317 2681 me,
1355 2645 1397 2675 ut
1428 2645 1510 2685 post
1543 2651 1646 2673 usum
1679 2650 1722 2672 ea

298 2686 514 2728 reciperem,
557 2696 859 2729 supervacaneum
903 2684 989 2717 duxi
1013 2685 1275 2731 affirmavique‚
1315 2686 1409 2719 nihil
1441 2684 1724 2726 interfuturum,

298 2735 419 2764 utrum
444 2731 482 2763 in
505 2732 642 2763 aerario
670 2731 916 2776 imperatoris,
944 2742 988 2763 an
1010 2732 1048 2763 in
1072 2732 1223 2765 aedibus
1247 2733 1335 2766 meis
1359 2737 1597 2769 servarentur.
1619 2733 1725 2766 Prae-

299 2781 398 2811 terea
426 2786 506 2811 cum
529 2776 663 2810 insulas
688 2782 724 2810 ct
750 2776 875 2819 urbes,
902 2777 1053 2814 maiores
1077 2778 1330 2827 minoresque,
1356 2778 1555 2814 obtinerem
1578 2778 1725 2821 multas.
