1800 3138
527 217 901 261 ms‘romARnM
941 218 1012 260 m.
1044 220 1112 267 37.
1425 201 1532 258 225

95 319 173 370 μὲν
198 318 244 359 ἐκ
271 313 344 372 τῆς
367 315 540 372 ἤπειρον
568 318 642 358 καί
665 315 792 366 αὐτὸς
823 313 1219 372 ἆντιστρατεύεσθαι
1248 318 1388 377 ἐκείνῳ
1426 319 1564 361 ἀπε-Δ.
1584 327 1621 360 C.
1640 326 1723 373 1342

95 384 316 436 γίνωσκεν,
346 376 454 438 (ᾔδει
478 379 558 436 γὰρ
588 381 711 435 λόγου
740 376 854 432 ἄξιον
882 380 1208 437 διαπραξόμενος
1247 380 1390 437 οὐδὲν,
1432 382 1533 427 οῦδὲ

95 445 198 501 πρὸς
224 447 410 488 τοιοῦτον
437 444 747 501 ἀνταγωνιστήν
776 443 1003 500 ἀξιόχρεως
1039 446 1232 500 ἐσόμενος
1276 447 1454 506 adram
1479 452 1531 507 τῇ

97 512 143 552 δὲ
166 513 212 552 ἐκ
238 512 475 561 Βυζαντίου
503 514 577 552 καί
594 511 761 568 Θρᾴκης
780 513 956 568 στρατιᾷ
986 508 1062 553 οὔκ
1080 512 1193 571 ὄλίγῃ
1222 509 1325 570 οὔσῃ
1353 506 1522 571 Ἀνδρό-
1534 519 1648 563 Ρι471

71 573 208 620 5νικόν
245 591 290 617 τε
317 575 610 630 Παλαιολόγον
638 574 711 617 τὸν
735 574 928 630 γαμβρὸν
956 579 1030 618 καί
1057 579 1216 631 Θωμᾶν
1240 577 1312 621 τὸν
1338 583 1530 622 Παλαιο·

93 638 213 693 λόγον
238 639 465 694 ἐπιστήσας
493 637 773 696 στρατηγούς,
803 641 988 682 ἐκέλευεν
1014 643 1152 699 ἐκείνῳ
1177 640 1401 696 ἑπομένους
1426 642 1531 698 [62⁶2—

92 720 234 758 πτειν,
273 703 318 746 εἴ
346 720 388 747 τι
431 705 646 758 δύναιντο,
690 706 1030 761 φυλαττομένους
1066 709 1224 759 μᾶλλον
1242 739 1254 761 ,
1293 706 1354 762 μή
1393 713 1530 759 κακῶς

92 765 216 810 affrae
238 772 404 815 παθεῖν.
459 768 586 819 αὐτὸς
611 772 658 812 δὲ
687 773 762 813 τοῦ
789 769 847 825 μή
880 772 1015 812 δοκεῖν
1041 768 1172 827 ἆργὸς
1198 776 1415 828 καθῆσθαι
1443 777 1527 817 τῶν

94 829 204 876 ὅλων
230 832 337 888 ἔχων
366 833 437 890 τήν
468 834 636 891 α’ρχήν,
678 833 960 889 ἑβδομήκοντα
987 838 1090 878 νεῶν
1117 835 1269 880 στόλον
1295 840 1528 893 ἐξηρτύετο,

43 896 150 947 roais·
197 898 243 941 ὲκ
293 898 507 955 θαλάσσης
552 899 810 956 πολεμήσων.
883 895 1048 955 δαπάνη
1088 902 1136 943 δὲ
1172 897 1226 956 ἦν
1275 903 1389 961 αὐτῷ
1428 903 1530 960 πρὸς

89 963 166 1012 τὰς
190 962 371 1020 τριήρεις
397 965 446 1007 τὰ
479 968 683 1019 βασιλέως
706 964 931 1021 χρήματα,
980 962 1010 1007 ei*
1034 965 1258 1021 ἐκρύπτετο
1288 970 1334 1010 ἐν
1359 971 1529 1019 Βυζαν-

88 1029 174 1087 τίῳ.
199 1032 331 1072 καίτοι
356 1046 402 1084 γε
431 1031 562 1072 αὕτοῦ
588 1029 736 1080 πάντες
766 1029 921 1085 πολλήν
950 1031 1248 1086 κατεγίνωσκον
1265 1034 1527 1089 α’βελτηριαν,

87 1095 129 1136 εἴ
156 1094 262 1150 πρὸς
301 1096 528 1151 η’πειρῶτιν
556 1094 759 1152 στρατιάν
800 1097 847 1137 ἐκ
872 1097 1084 1151 θαλάττης
1125 1095 1251 1146 αιῗτὸς
1289 1098 1558 1141 ammitte-B

86 1162 191 1201 σθαι
216 1159 571 1215 παρασκευάζοιτο
608 1162 681 1202 καί
716 1161 920 1216 χρήματα
949 1162 1131 1203 τοσαῦτα
1170 1162 1245 1203 οὔκ
1273 1163 1333 1211 εἷς
1360 1164 1454 1205 δέον
1481 1164 1531 1209 ἅ-

40 1218 287 1270 ι5ναλισκοι.
341 1223 388 1267 τὸ
439 1226 478 1266 δ’
505 1227 730 1280 α’πέβαινεν
767 1227 982 1279 ἐναντίως,
1015 1222 1043 1281 ἢ
1071 1222 1123 1269 ἄν
1150 1243 1216 1276 τις
1240 1229 1286 1269 ἐκ
1311 1231 1395 1270 τῶν
1421 1245 1531 1283 πρα-

86 1286 257 1344 γμάτων
281 1287 584 1344 στοχαζόμενος
610 1289 745 1349 ᾠήθη.
799 1295 974 1333 πλεῖστα
1008 1289 1090 1346 γάρ
1128 1289 1288 1346 ἔβλαψε
1329 1291 1382 1334 τοὶ
1411 1297 1531 1337 Καν-

85 1355 339 1410 τακουζηνοῦ
383 1357 462 1397 τοῦ
497 1357 702 1410 βασιλέως
727 1353 974 1410 πράγματα,
1019 1358 1079 1404 εἷς
1109 1356 1416 1413 Θεσσαλονίκην
1454 1359 1530 1401 οὔκ

86 1421 134 1461 ἐκ
159 1419 353 1475 προνοίας
376 1422 509 1474 ἰδίας,
549 1420 655 1463 ἀλλὰ
683 1419 789 1463 κατὰ
826 1420 957 1477 τύχην
989 1421 1228 1478 ἀφιγμένος.
1285 1426 1416 1467 ταῦτα
1447 1427 1528 1477 μὲν

90 1478 166 1527 οὖν
192 1482 365 1540 ὕστερον
397 1486 621 1541 εἰρήσεται.

36 1567 86 1593 20
193 1549 251 1600 λζ’
251 1582 264 1592 .
325 1548 536 1600 Βασιλεύς
571 1551 618 1592 δὲ
655 1550 679 1591 ὅ
718 1547 1065 1605 Καντακουζηνὸς
1099 1551 1192 1593 ἐπεὶ
1227 1548 1563 1608 Περιθεαίριονῦ

90 1611 198 1657 ἑλεῖν
226 1616 300 1655 οὐκ
336 1613 551 1670 ἠδυνήθη,
581 1613 805 1669 οἷναγκαῖον
840 1613 890 1670 δὴ
919 1614 1055 1669 ἡγεῖτο
1083 1614 1188 1670 πρὸς
1221 1617 1527 1671 Θεσσαλονίκην

89 1678 164 1733 τήν
190 1681 388 1734 ταχίστην
416 1680 670 1736 ἀφικέσθαι,
715 1681 800 1721 δεῖν
832 1679 934 1733 ἔγνω
963 1678 1166 1734 πρότερον
1192 1681 1527 1735 πρωτοστράτορι

89 1743 263 1800 μηνύειν
296 1742 371 1798 τήν
406 1744 642 1799 ἐπιδημίαν.
698 1743 820 1793 εἰδώς
864 1745 938 1795 δὲ,
978 1741 1034 1792 ὥς
1070 1741 1235 1798 Συργὴς
1272 1740 1526 1798 στρατιώτας

90 1810 262 1862 πέμψας
300 1806 499 1864 φυλάττει
539 1807 615 1857 τάς
650 1807 774 1858 ὁδοὺς
811 1811 888 1851 τοῦ
911 1806 970 1862 μή
1002 1805 1184 1849 λαθόντα
1211 1806 1303 1850 τινὰ
1333 1804 1526 1862 οἷγγελίας

91 1973 190 2004 rem,
226 1963 278 1997 ita
307 1962 448 1997 nullum
479 1972 624 2011 quoque
659 1972 790 2009 operae
822 1961 978 2009 pretium
1015 1960 1192 1999 facturum
1230 1960 1347 1998 sciret.
1398 1962 1522 2008 Copiis

90 2015 212 2043 autem
249 2011 451 2053 Byzantinis
492 2016 530 2044 et
566 2009 744 2043 Threiciis
777 2022 852 2044 non
889 2010 1130 2045 mediocribus
1166 2022 1244 2044 cum
1281 2009 1524 2043 Andronicum

91 2056 337 2100 palaeologum
363 2066 534 2103 generum
559 2061 596 2090 et
618 2056 794 2091 'rhomam
816 2056 1064 2102 Palaeologum
1092 2058 1198 2091 duces
1223 2054 1398 2094 dedisset,
1421 2064 1524 2088 man-⁵

92 2101 216 2142 davit,
242 2107 283 2135 ut
308 2103 410 2136 illum
434 2104 668 2147 insequentes
683 2129 694 2145 ,
718 2102 884 2136 hostibus
910 2104 1236 2142 incommodarent‚
1266 2102 1297 2133 si
1325 2100 1414 2146 quid
1437 2113 1524 2145 pos-

91 2153 195 2187 sent,
218 2153 382 2182 caventes
405 2149 539 2194 magis,
558 2159 604 2182 ne
629 2148 719 2193 quid
747 2149 817 2194 ipsi
842 2149 1048 2183 detrimenti
1075 2150 1287 2193 acciperent.
1335 2149 1415 2191 Ipse
1439 2158 1524 2181 vero

91 2205 138 2226 ne
163 2192 288 2226 sedere
311 2194 495 2228 videretur
521 2204 676 2227 summus
699 2205 816 2228 rerum
840 2197 1026 2240 princeps,
1052 2196 1234 2239 sexaginta
1260 2194 1403 2226 navium
1432 2193 1524 2226 clas-

91 2250 165 2272 sem
189 2239 289 2273 velut
311 2250 330 2272 e
352 2242 441 2274 mari
464 2246 686 2285 pugnaturus
709 2241 921 2284 adornavit3
958 2242 997 2274 in
1029 2250 1115 2286 quas
1140 2241 1184 2273 de
1212 2240 1364 2285 pecnnia
1390 2239 1525 2273 Canta-

91 2286 216 2319 cuzeni
244 2287 403 2328 Byzantii
427 2287 602 2321 occultata
626 2292 804 2331 sumptum
838 2288 942 2321 fecit:
980 2288 1123 2320 tametsi
1162 2287 1266 2319 illum
1300 2294 1445 2325 omnes,
1482 2290 1525 2318 ut

90 2331 194 2364 valde
220 2339 396 2373 vesanum,
420 2332 743 2377 reprehenderent,
765 2333 826 2378 qui
852 2335 1012 2367 terrestri
1039 2333 1210 2366 exercitui
1231 2331 1393 2364 navalem
1411 2342 1525 2376 oppo-

91 2388 177 2411 nere
202 2378 407 2412 institueret
428 2383 637 2426 tantamque
661 2381 851 2424 pecuniam
877 2380 978 2412 nullo
1003 2380 1120 2413 fructu
1154 2379 1360 2411 insumeret.
1408 2377 1525 2410 Aliter

92 2429 212 2456 autem
236 2434 342 2469 quam
368 2424 448 2470 quis
472 2425 577 2458 ducta
608 2434 652 2458 ex
675 2425 781 2458 rebus
806 2427 1007 2460 coniectura
1032 2425 1249 2468 putavisset,
1276 2424 1415 2465 evenit3
1439 2423 1524 2467 plu·

93 2470 221 2503 rimum
249 2471 344 2503 enim
375 2470 428 2503 rei
461 2469 762 2504 Cantacuzenicae
798 2470 937 2512 obfuit,
969 2471 1259 2506 Thessalonicam
1291 2479 1366 2502 non
1400 2469 1524 2504 dedita

94 2515 139 2548 ab
164 2526 201 2548 se
227 2525 355 2561 opera,
383 2515 447 2549 sed
472 2517 565 2550 forte
592 2517 746 2563 quadarn
775 2516 938 2556 delatus,
967 2517 1011 2549 de
1036 2529 1106 2561 quo
1131 2521 1254 2560 postea
1281 2514 1484 2549 disseretur.

185 2563 241 2606 37.
287 2562 551 2596 Cantacnzenus
576 2564 623 2596 im
651 2568 790 2603 crater,
814 2563 877 2596 ubi
906 2562 1165 2596 Peritheorium
1194 2558 1373 2595 adducere
1395 2561 1433 2594 in
1457 2571 1523 2605 po-

94 2612 258 2640 testatem
294 2609 478 2654 nequivit,
522 2614 560 2643 et
592 2609 624 2642 T
653 2610 885 2643 essalonicam
923 2608 995 2642 sibi
1036 2607 1235 2641 necessario
1278 2606 1522 2639 festinandum

95 2653 256 2694 censuit,
282 2654 326 2688 de
353 2653 507 2687 adventu
525 2666 590 2688 suo
612 2659 903 2700 protostratorem
928 2655 1026 2698 prius
1046 2652 1264 2686 monendum
1290 2651 1400 2685 duxit.
1430 2653 1522 2686 Cum

94 2705 215 2732 autem
250 2701 498 2744 comperisset,
529 2700 663 2746 Syrgen
695 2701 812 2735 missis
836 2700 1015 2734 militibus
1038 2700 1113 2732 vias
1139 2698 1326 2739 obsidere,
1363 2709 1408 2731 ne
1441 2699 1522 2742 quis

97 2745 142 2779 ad
165 2756 244 2777 eum
270 2746 398 2779 fallens
426 2746 577 2780 nuntios*
595 2747 793 2792 perferret,
835 2753 957 2779 contra
982 2745 1179 2790 nequitiam
1207 2745 1304 2778 illius
1331 2745 1521 2778 artificium

97 2788 344 2825 huiuscemodi
369 2793 592 2837 excogitavit.
617 2801 624 2807 ·
640 2793 788 2828 Duobus
819 2791 997 2827 militibus
1021 2790 1231 2837 imperavit,
1265 2790 1329 2824 uni
1352 2789 1520 2836 quidem,

146 2858 414 2895 canzacuzenus
438 2860 485 2895 11.
1222 2854 1260 2893 ¹5
