<?xml version="1.0" encoding="UTF-8"?>
<!DOCTYPE html PUBLIC "-//W3C//DTD XHTML 1.0 Transitional//EN"
    "http://www.w3.org/TR/xhtml1/DTD/xhtml1-transitional.dtd">
<html xmlns="http://www.w3.org/1999/xhtml" xml:lang="en" lang="en">
 <head>
  <title>
</title>
<meta http-equiv="Content-Type" content="text/html;charset=utf-8" />
  <meta name='ocr-system' content='tesseract 3.04.00' />
  <meta name='ocr-capabilities' content='ocr_page ocr_carea ocr_par ocr_line ocrx_word'/>
</head>
<body>
  <div class='ocr_page' id='page_1' title='image "./corpusscriptorum24niebuoft_0538.png"; bbox 0 0 1820 3152; ppageno 0'>
   <div class='ocr_carea' id='block_1_1' title="bbox 299 184 1208 248">
    <p class='ocr_par' dir='ltr' id='par_1_1' title="bbox 299 184 1208 248">
     <span class='ocr_line' id='line_1_1' title="bbox 299 184 1208 248; baseline 0.01 -9"><span class='ocrx_word' id='word_1_1' title='bbox 299 184 409 239; x_wconf 85' lang='lat'><em>526</em></span> <span class='ocrx_word' id='word_1_2' title='bbox 837 202 1208 248; x_wconf 74' lang='lat' dir='ltr'>CANTACUZENJ</span> 
     </span>
    </p>
   </div>
   <div class='ocr_carea' id='block_1_2' title="bbox 100 301 1800 1879">
    <p class='ocr_par' dir='ltr' id='par_1_2' title="bbox 100 301 1800 1879">
     <span class='ocr_line' id='line_1_2' title="bbox 100 301 1736 364; baseline 0.003 -17"><span class='ocrx_word' id='word_1_3' title='bbox 100 317 179 353; x_wconf 54' lang='grc' dir='ltr'><em>ΑΒ.</em></span> <span class='ocrx_word' id='word_1_4' title='bbox 201 301 444 364; x_wconf 72' lang='grc' dir='ltr'><em>,345ᾤκουν.</em></span> <span class='ocrx_word' id='word_1_5' title='bbox 485 303 557 347; x_wconf 77' lang='grc' dir='ltr'>καί</span> <span class='ocrx_word' id='word_1_6' title='bbox 585 303 612 359; x_wconf 86' lang='grc' dir='ltr'><em>ἧ</em></span> <span class='ocrx_word' id='word_1_7' title='bbox 648 304 952 360; x_wconf 78' lang='grc' dir='ltr'><em>Τζερνομιάνου</em></span> <span class='ocrx_word' id='word_1_8' title='bbox 982 309 1027 350; x_wconf 85' lang='grc' dir='ltr'><em>δὲ</em></span> <span class='ocrx_word' id='word_1_9' title='bbox 1047 309 1121 349; x_wconf 77' lang='grc' dir='ltr'>καί</span> <span class='ocrx_word' id='word_1_10' title='bbox 1147 303 1254 363; x_wconf 74' lang='grc' dir='ltr'><em>αὕτη</em></span> <span class='ocrx_word' id='word_1_11' title='bbox 1284 306 1627 364; x_wconf 76' lang='grc' dir='ltr'><em>προσεχώρησεν,</em></span> <span class='ocrx_word' id='word_1_12' title='bbox 1662 309 1736 352; x_wconf 65' lang='grc' dir='ltr'><em>οἷν-4</em></span> 
     </span>
     <span class='ocr_line' id='line_1_3' title="bbox 259 368 1736 431; baseline 0.003 -18"><span class='ocrx_word' id='word_1_13' title='bbox 259 374 431 425; x_wconf 87' lang='grc' dir='ltr'><em>Βτέχειν</em></span> <span class='ocrx_word' id='word_1_14' title='bbox 459 369 567 425; x_wconf 88' lang='grc' dir='ltr'><em>πρὸς</em></span> <span class='ocrx_word' id='word_1_15' title='bbox 605 368 676 413; x_wconf 89' lang='grc' dir='ltr'><em>τὸν</em></span> <span class='ocrx_word' id='word_1_16' title='bbox 709 370 889 424; x_wconf 85' lang='grc' dir='ltr'><em>πόλεμον</em></span> <span class='ocrx_word' id='word_1_17' title='bbox 928 372 987 428; x_wconf 76' lang='grc' dir='ltr'><em>μή</em></span> <span class='ocrx_word' id='word_1_18' title='bbox 1019 375 1256 429; x_wconf 81' lang='grc' dir='ltr'><em>δυναμένη,</em></span> <span class='ocrx_word' id='word_1_19' title='bbox 1298 369 1348 431; x_wconf 82' lang='grc' dir='ltr'><em>ἧς</em></span> <span class='ocrx_word' id='word_1_20' title='bbox 1375 369 1505 428; x_wconf 77' lang='grc' dir='ltr'><em>ἦρχεν</em></span> <span class='ocrx_word' id='word_1_21' title='bbox 1533 373 1555 415; x_wconf 80' lang='grc' dir='ltr'>ὅ</span> <span class='ocrx_word' id='word_1_22' title='bbox 1578 373 1736 430; x_wconf 78' lang='grc' dir='ltr'><em>Ἱέραξ,</em></span> 
     </span>
     <span class='ocr_line' id='line_1_4' title="bbox 290 432 1735 498; baseline 0.004 -19"><span class='ocrx_word' id='word_1_23' title='bbox 290 438 375 479; x_wconf 91' lang='grc' dir='ltr'><em>τῶν</em></span> <span class='ocrx_word' id='word_1_24' title='bbox 404 437 570 478; x_wconf 83' lang='grc' dir='ltr'><em>οἰκετῶν</em></span> <span class='ocrx_word' id='word_1_25' title='bbox 600 432 659 479; x_wconf 82' lang='grc' dir='ltr'><em>ῶν</em></span> <span class='ocrx_word' id='word_1_26' title='bbox 697 439 903 492; x_wconf 86' lang='grc' dir='ltr'><em>βασιλέως</em></span> <span class='ocrx_word' id='word_1_27' title='bbox 937 440 1221 495; x_wconf 79' lang='grc' dir='ltr'><em>Ἀνδρονίκου,</em></span> <span class='ocrx_word' id='word_1_28' title='bbox 1264 441 1337 483; x_wconf 81' lang='grc' dir='ltr'><em>καί</em></span> <span class='ocrx_word' id='word_1_29' title='bbox 1372 441 1503 484; x_wconf 80' lang='grc' dir='ltr'><em>πολλὰ</em></span> <span class='ocrx_word' id='word_1_30' title='bbox 1531 441 1637 498; x_wconf 84' lang='grc' dir='ltr'><em>πρὸς</em></span> <span class='ocrx_word' id='word_1_31' title='bbox 1662 441 1735 485; x_wconf 78' lang='grc' dir='ltr'><em>τὸν</em></span> 
     </span>
     <span class='ocr_line' id='line_1_5' title="bbox 290 500 1736 563; baseline 0.005 -20"><span class='ocrx_word' id='word_1_32' title='bbox 290 500 472 555; x_wconf 84' lang='grc' dir='ltr'><em>πόλεμον</em></span> <span class='ocrx_word' id='word_1_33' title='bbox 503 500 604 543; x_wconf 74' lang='grc' dir='ltr'><em>κατά</em></span> <span class='ocrx_word' id='word_1_34' title='bbox 645 505 1002 559; x_wconf 83' lang='grc' dir='ltr'><em>Καντακουζηνοῦ</em></span> <span class='ocrx_word' id='word_1_35' title='bbox 1038 507 1114 547; x_wconf 78' lang='grc' dir='ltr'><em>τοῦ</em></span> <span class='ocrx_word' id='word_1_36' title='bbox 1140 507 1344 559; x_wconf 86' lang='grc' dir='ltr'><em>βασιλέως</em></span> <span class='ocrx_word' id='word_1_37' title='bbox 1387 505 1549 563; x_wconf 77' lang='grc' dir='ltr'><em>πράξας</em></span> <span class='ocrx_word' id='word_1_38' title='bbox 1577 510 1647 549; x_wconf 85' lang='grc' dir='ltr'><strong><em>καί</em></strong></span> <span class='ocrx_word' id='word_1_39' title='bbox 1676 509 1736 550; x_wconf 82' lang='grc' dir='ltr'><em>εἰ-</em></span> 
     </span>
     <span class='ocr_line' id='line_1_6' title="bbox 295 567 1766 627; baseline 0.003 -19"><span class='ocrx_word' id='word_1_40' title='bbox 295 569 400 610; x_wconf 82' lang='grc' dir='ltr'><em>πών.</em></span> <span class='ocrx_word' id='word_1_41' title='bbox 459 568 503 609; x_wconf 84' lang='grc' dir='ltr'><em>ἐν</em></span> <span class='ocrx_word' id='word_1_42' title='bbox 530 570 580 625; x_wconf 86' lang='grc' dir='ltr'><em>τῇ</em></span> <span class='ocrx_word' id='word_1_43' title='bbox 606 568 829 624; x_wconf 77' lang='grc' dir='ltr'><em>Ἀδριανοῦ</em></span> <span class='ocrx_word' id='word_1_44' title='bbox 860 572 908 613; x_wconf 83' lang='grc' dir='ltr'><em>δὲ</em></span> <span class='ocrx_word' id='word_1_45' title='bbox 960 570 1032 613; x_wconf 76' lang='grc' dir='ltr'><em>καὶ</em></span> <span class='ocrx_word' id='word_1_46' title='bbox 1069 569 1209 626; x_wconf 79' lang='grc' dir='ltr'><em>ἕτερός</em></span> <span class='ocrx_word' id='word_1_47' title='bbox 1248 587 1312 620; x_wconf 92' lang='grc' dir='ltr'><em>τις</em></span> <span class='ocrx_word' id='word_1_48' title='bbox 1339 567 1391 627; x_wconf 77' lang='grc' dir='ltr'><em>ἦν</em></span> <span class='ocrx_word' id='word_1_49' title='bbox 1423 574 1504 614; x_wconf 88' lang='grc' dir='ltr'><em>τῶν</em></span> <span class='ocrx_word' id='word_1_50' title='bbox 1532 574 1766 626; x_wconf 81' lang='grc' dir='ltr'><em>βασιλέως5</em></span> 
     </span>
     <span class='ocr_line' id='line_1_7' title="bbox 291 634 1738 693; baseline 0.001 -17"><span class='ocrx_word' id='word_1_51' title='bbox 291 634 554 689; x_wconf 75' lang='grc' dir='ltr'><em>Ἀνδρονίκου</em></span> <span class='ocrx_word' id='word_1_52' title='bbox 585 636 774 688; x_wconf 83' lang='grc' dir='ltr'><em>οἰκετῶν,</em></span> <span class='ocrx_word' id='word_1_53' title='bbox 820 639 1070 693; x_wconf 81' lang='grc' dir='ltr'><em>Μαγκαφᾶς</em></span> <span class='ocrx_word' id='word_1_54' title='bbox 1103 639 1407 691; x_wconf 69' lang='grc' dir='ltr'><em>ὠνομασμένος.</em></span> <span class='ocrx_word' id='word_1_55' title='bbox 1475 637 1649 688; x_wconf 79' lang='grc' dir='ltr'><em>τούτους</em></span> <span class='ocrx_word' id='word_1_56' title='bbox 1687 636 1738 692; x_wconf 73' lang='grc' dir='ltr'><em>δὴ</em></span> 
     </span>
     <span class='ocr_line' id='line_1_8' title="bbox 293 696 1740 760; baseline 0.003 -19"><span class='ocrx_word' id='word_1_57' title='bbox 293 696 368 742; x_wconf 71' lang='grc' dir='ltr'><em>οὖν</em></span> <span class='ocrx_word' id='word_1_58' title='bbox 394 698 493 749; x_wconf 75' lang='grc' dir='ltr'><em>τούς</em></span> <span class='ocrx_word' id='word_1_59' title='bbox 519 706 653 756; x_wconf 80' lang='grc' dir='ltr'><em>τρεῖς,</em></span> <span class='ocrx_word' id='word_1_60' title='bbox 683 703 934 759; x_wconf 83' lang='grc' dir='ltr'><em>Μαγκαφᾶν</em></span> <span class='ocrx_word' id='word_1_61' title='bbox 961 718 1005 744; x_wconf 92' lang='grc' dir='ltr'><em>τε</em></span> <span class='ocrx_word' id='word_1_62' title='bbox 1033 706 1106 745; x_wconf 85' lang='grc' dir='ltr'><em>καί</em></span> <span class='ocrx_word' id='word_1_63' title='bbox 1130 703 1293 757; x_wconf 88' lang='grc' dir='ltr'><em>Ἱέρακα</em></span> <span class='ocrx_word' id='word_1_64' title='bbox 1325 706 1399 745; x_wconf 83' lang='grc' dir='ltr'><strong><em>καί</em></strong></span> <span class='ocrx_word' id='word_1_65' title='bbox 1425 701 1740 760; x_wconf 85' lang='grc' dir='ltr'><em>Παρασπόνδυ-</em></span> 
     </span>
     <span class='ocr_line' id='line_1_9' title="bbox 291 764 1739 826; baseline 0.003 -18"><span class='ocrx_word' id='word_1_66' title='bbox 291 770 375 820; x_wconf 81' lang='grc' dir='ltr'><em>λον,</em></span> <span class='ocrx_word' id='word_1_67' title='bbox 412 764 435 807; x_wconf 81' lang='grc' dir='ltr'><em>ὅ</em></span> <span class='ocrx_word' id='word_1_68' title='bbox 462 765 663 820; x_wconf 74' lang='grc' dir='ltr'><em>βασιλεὺς</em></span> <span class='ocrx_word' id='word_1_69' title='bbox 688 767 1091 823; x_wconf 78' lang='grc' dir='ltr'><em>μεταπεμψάμενος,</em></span> <span class='ocrx_word' id='word_1_70' title='bbox 1135 769 1209 810; x_wconf 79' lang='grc' dir='ltr'><em>οὐκ</em></span> <span class='ocrx_word' id='word_1_71' title='bbox 1238 770 1400 824; x_wconf 86' lang='grc' dir='ltr'><em>α’γνοεῖν</em></span> <span class='ocrx_word' id='word_1_72' title='bbox 1426 771 1504 822; x_wconf 82' lang='grc' dir='ltr'><em>μὲν</em></span> <span class='ocrx_word' id='word_1_73' title='bbox 1542 767 1739 826; x_wconf 82' lang='grc' dir='ltr'><em>ἔφασκεν,</em></span> 
     </span>
     <span class='ocr_line' id='line_1_10' title="bbox 291 829 1745 893; baseline 0.003 -21"><span class='ocrx_word' id='word_1_74' title='bbox 291 832 349 882; x_wconf 70' lang='grc' dir='ltr'><em>ὥς</em></span> <span class='ocrx_word' id='word_1_75' title='bbox 390 829 506 888; x_wconf 76' lang='grc' dir='ltr'><em>παρὰ</em></span> <span class='ocrx_word' id='word_1_76' title='bbox 548 830 616 874; x_wconf 84' lang='grc' dir='ltr'><em>τὸν</em></span> <span class='ocrx_word' id='word_1_77' title='bbox 653 835 732 874; x_wconf 81' lang='grc' dir='ltr'><em>τοῦ</em></span> <span class='ocrx_word' id='word_1_78' title='bbox 766 837 950 887; x_wconf 84' lang='grc' dir='ltr'><em>πολέμου</em></span> <span class='ocrx_word' id='word_1_79' title='bbox 984 833 1139 889; x_wconf 89' lang='grc' dir='ltr'><em>χρόνον</em></span> <span class='ocrx_word' id='word_1_80' title='bbox 1178 836 1317 876; x_wconf 81' lang='grc' dir='ltr'><em>πάντα</em></span> <span class='ocrx_word' id='word_1_81' title='bbox 1374 834 1488 891; x_wconf 72' lang='grc' dir='ltr'><em>πιέσῃ</em></span> <span class='ocrx_word' id='word_1_82' title='bbox 1528 837 1745 893; x_wconf 65' lang='grc' dir='ltr'><em>προθυμίᾳ</em></span> 
     </span>
     <span class='ocr_line' id='line_1_11' title="bbox 290 895 1800 956; baseline 0.003 -17"><span class='ocrx_word' id='word_1_83' title='bbox 290 900 364 940; x_wconf 85' lang='grc' dir='ltr'><em>καί</em></span> <span class='ocrx_word' id='word_1_84' title='bbox 387 900 548 955; x_wconf 78' lang='grc' dir='ltr'><em>σπουδῇ</em></span> <span class='ocrx_word' id='word_1_85' title='bbox 578 897 682 954; x_wconf 85' lang='grc' dir='ltr'><em>πρὸς</em></span> <span class='ocrx_word' id='word_1_86' title='bbox 710 895 838 942; x_wconf 74' lang='grc' dir='ltr'><em>αὐτὸν</em></span> <span class='ocrx_word' id='word_1_87' title='bbox 863 899 970 956; x_wconf 75' lang='grc' dir='ltr'><em>ὑπὲρ</em></span> <span class='ocrx_word' id='word_1_88' title='bbox 1000 902 1208 954; x_wconf 83' lang='grc' dir='ltr'><em>βασιλέως</em></span> <span class='ocrx_word' id='word_1_89' title='bbox 1236 902 1513 956; x_wconf 88' lang='grc' dir='ltr'><em>ἐπολέμησαν.</em></span> <span class='ocrx_word' id='word_1_90' title='bbox 1572 901 1623 943; x_wconf 78' lang='grc' dir='ltr'><em>οὖ</em></span> <span class='ocrx_word' id='word_1_91' title='bbox 1642 902 1800 954; x_wconf 74' lang='grc' dir='ltr'><em>μέν-ιὰ</em></span> 
     </span>
     <span class='ocr_line' id='line_1_12' title="bbox 292 961 1738 1024; baseline 0.002 -19"><span class='ocrx_word' id='word_1_92' title='bbox 292 979 358 1005; x_wconf 80' lang='grc' dir='ltr'><em>τοι</em></span> <span class='ocrx_word' id='word_1_93' title='bbox 388 962 458 1006; x_wconf 83' lang='grc' dir='ltr'><em>διὰ</em></span> <span class='ocrx_word' id='word_1_94' title='bbox 483 966 603 1006; x_wconf 75' lang='grc' dir='ltr'><em>τοῦτο</em></span> <span class='ocrx_word' id='word_1_95' title='bbox 630 964 737 1020; x_wconf 87' lang='grc' dir='ltr'><em>πρὸς</em></span> <span class='ocrx_word' id='word_1_96' title='bbox 765 961 1218 1024; x_wconf 15' lang='grc' dir='ltr'><em>αὗτούςμόργίζεσθαι,</em></span> <span class='ocrx_word' id='word_1_97' title='bbox 1247 965 1367 1008; x_wconf 81' lang='grc' dir='ltr'><em>ἀ’λλά</em></span> <span class='ocrx_word' id='word_1_98' title='bbox 1408 967 1482 1009; x_wconf 83' lang='grc' dir='ltr'><strong><em>καί</em></strong></span> <span class='ocrx_word' id='word_1_99' title='bbox 1519 968 1704 1009; x_wconf 77' lang='grc' dir='ltr'><em>ἐπαινεῖν</em></span> <span class='ocrx_word' id='word_1_100' title='bbox 1724 997 1738 1019; x_wconf 86' lang='grc'>,</span> 
     </span>
     <span class='ocr_line' id='line_1_13' title="bbox 293 1029 1739 1088; baseline 0.001 -14"><span class='ocrx_word' id='word_1_101' title='bbox 293 1031 371 1087; x_wconf 79' lang='grc' dir='ltr'><em>τὴν</em></span> <span class='ocrx_word' id='word_1_102' title='bbox 398 1029 691 1087; x_wconf 84' lang='grc' dir='ltr'><em>προσήκουσαν</em></span> <span class='ocrx_word' id='word_1_103' title='bbox 721 1031 901 1081; x_wconf 80' lang='grc' dir='ltr'><em>οἰκέταις</em></span> <span class='ocrx_word' id='word_1_104' title='bbox 939 1034 1296 1087; x_wconf 77' lang='grc' dir='ltr'><em>ἐπιδεδειγμένους</em></span> <span class='ocrx_word' id='word_1_105' title='bbox 1327 1034 1584 1088; x_wconf 75' lang='grc' dir='ltr'><em>προθυμίαν.</em></span> <span class='ocrx_word' id='word_1_106' title='bbox 1639 1031 1739 1075; x_wconf 76' lang='grc' dir='ltr'><em>οῦδὲ</em></span> 
     </span>
     <span class='ocr_line' id='line_1_14' title="bbox 293 1094 1739 1156; baseline 0 -16"><span class='ocrx_word' id='word_1_107' title='bbox 293 1097 374 1154; x_wconf 74' lang='grc' dir='ltr'><em>γὰρ</em></span> <span class='ocrx_word' id='word_1_108' title='bbox 416 1097 516 1140; x_wconf 71' lang='grc' dir='ltr'><em>οὐδὲ</em></span> <span class='ocrx_word' id='word_1_109' title='bbox 554 1099 912 1156; x_wconf 81' lang='grc' dir='ltr'><em>παρακοιμωμένῳ</em></span> <span class='ocrx_word' id='word_1_110' title='bbox 953 1100 1026 1140; x_wconf 83' lang='grc' dir='ltr'>καί</span> <span class='ocrx_word' id='word_1_111' title='bbox 1060 1104 1148 1147; x_wconf 83' lang='grc' dir='ltr'><em>τοῖς</em></span> <span class='ocrx_word' id='word_1_112' title='bbox 1187 1094 1329 1148; x_wconf 72' lang='grc' dir='ltr'><em>ἄλλοις</em></span> <span class='ocrx_word' id='word_1_113' title='bbox 1370 1095 1432 1140; x_wconf 82' lang='grc' dir='ltr'><em>ὅτι</em></span> <span class='ocrx_word' id='word_1_114' title='bbox 1477 1099 1739 1153; x_wconf 78' lang='grc' dir='ltr'><em>ἐπολέμησαν</em></span> 
     </span>
     <span class='ocr_line' id='line_1_15' title="bbox 256 1158 1741 1220; baseline -0.001 -14"><span class='ocrx_word' id='word_1_115' title='bbox 256 1165 568 1220; x_wconf 73' lang='grc' dir='ltr'><em>Ου’ργίζεσθαι,</em></span> <span class='ocrx_word' id='word_1_116' title='bbox 611 1163 699 1204; x_wconf 71' lang='grc' dir='ltr'><em>ἀλλ’</em></span> <span class='ocrx_word' id='word_1_117' title='bbox 722 1159 789 1205; x_wconf 86' lang='grc' dir='ltr'><em>ὅτι</em></span> <span class='ocrx_word' id='word_1_118' title='bbox 827 1162 1224 1220; x_wconf 75' lang='grc' dir='ltr'><em>σεσυκοφαντήκασί</em></span> <span class='ocrx_word' id='word_1_119' title='bbox 1250 1180 1292 1206; x_wconf 86' lang='grc' dir='ltr'><em>τε</em></span> <span class='ocrx_word' id='word_1_120' title='bbox 1333 1165 1513 1220; x_wconf 79' lang='grc' dir='ltr'><em>ἐξαρχῆς</em></span> <span class='ocrx_word' id='word_1_121' title='bbox 1539 1166 1612 1206; x_wconf 85' lang='grc' dir='ltr'><em>καί</em></span> <span class='ocrx_word' id='word_1_122' title='bbox 1639 1158 1741 1218; x_wconf 70' lang='grc' dir='ltr'><em>ἄχρι</em></span> 
     </span>
     <span class='ocr_line' id='line_1_16' title="bbox 295 1226 1795 1286; baseline 0 -13"><span class='ocrx_word' id='word_1_123' title='bbox 295 1231 371 1273; x_wconf 75' lang='grc' dir='ltr'><em>νῦν</em></span> <span class='ocrx_word' id='word_1_124' title='bbox 415 1230 759 1285; x_wconf 77' lang='grc' dir='ltr'><em>συκοφαντοῦσι,</em></span> <span class='ocrx_word' id='word_1_125' title='bbox 805 1228 957 1283; x_wconf 85' lang='grc' dir='ltr'><em>ψεύδει</em></span> <span class='ocrx_word' id='word_1_126' title='bbox 992 1230 1149 1282; x_wconf 79' lang='grc' dir='ltr'><em>ψεῦδος</em></span> <span class='ocrx_word' id='word_1_127' title='bbox 1186 1229 1497 1286; x_wconf 55' lang='grc' dir='ltr'><em>συρράπτοντες</em></span> <span class='ocrx_word' id='word_1_128' title='bbox 1556 1228 1629 1270; x_wconf 84' lang='grc' dir='ltr'>καί</span> <span class='ocrx_word' id='word_1_129' title='bbox 1666 1226 1795 1274; x_wconf 70' lang='grc' dir='ltr'><em>τὸνιέἷ</em></span> 
     </span>
     <span class='ocr_line' id='line_1_17' title="bbox 295 1290 1742 1350; baseline -0.002 -12"><span class='ocrx_word' id='word_1_130' title='bbox 295 1294 477 1349; x_wconf 85' lang='grc' dir='ltr'><em>πόλεμον</em></span> <span class='ocrx_word' id='word_1_131' title='bbox 508 1291 584 1336; x_wconf 74' lang='grc' dir='ltr'><em>οὐκ</em></span> <span class='ocrx_word' id='word_1_132' title='bbox 621 1295 770 1343; x_wconf 88' lang='grc' dir='ltr'><em>ἐῶντες</em></span> <span class='ocrx_word' id='word_1_133' title='bbox 804 1291 1106 1342; x_wconf 86' lang='grc' dir='ltr'><em>καταλύεσθαι,</em></span> <span class='ocrx_word' id='word_1_134' title='bbox 1162 1296 1216 1337; x_wconf 89' lang='grc' dir='ltr'><em>ου’</em></span> <span class='ocrx_word' id='word_1_135' title='bbox 1254 1296 1339 1350; x_wconf 76' lang='grc' dir='ltr'><em>μὴν</em></span> <span class='ocrx_word' id='word_1_136' title='bbox 1387 1292 1494 1337; x_wconf 69' lang='grc' dir='ltr'><em>ἄλλα</em></span> <span class='ocrx_word' id='word_1_137' title='bbox 1536 1290 1742 1343; x_wconf 81' lang='grc' dir='ltr'><em>κᾶκείνοις</em></span> 
     </span>
     <span class='ocr_line' id='line_1_18' title="bbox 295 1358 1743 1417; baseline -0.003 -12"><span class='ocrx_word' id='word_1_138' title='bbox 295 1361 500 1417; x_wconf 82' lang='grc' dir='ltr'><em>τοσαύτην</em></span> <span class='ocrx_word' id='word_1_139' title='bbox 527 1359 633 1416; x_wconf 87' lang='grc' dir='ltr'><em>πρὸς</em></span> <span class='ocrx_word' id='word_1_140' title='bbox 663 1358 794 1401; x_wconf 71' lang='grc' dir='ltr'><em>αὐτὸν</em></span> <span class='ocrx_word' id='word_1_141' title='bbox 833 1358 1130 1415; x_wconf 70' lang='grc' dir='ltr'><em>ἀγνωμοσύνην</em></span> <span class='ocrx_word' id='word_1_142' title='bbox 1171 1361 1543 1414; x_wconf 78' lang='grc' dir='ltr'><em>ἐπιδεδειγμένοις,</em></span> <span class='ocrx_word' id='word_1_143' title='bbox 1594 1361 1637 1402; x_wconf 86' lang='grc' dir='ltr'><em>εἶ</em></span> <span class='ocrx_word' id='word_1_144' title='bbox 1659 1361 1743 1401; x_wconf 87' lang='grc' dir='ltr'><em>τῶν</em></span> 
     </span>
     <span class='ocr_line' id='line_1_19' title="bbox 296 1423 1744 1482; baseline -0.003 -11"><span class='ocrx_word' id='word_1_145' title='bbox 296 1428 429 1472; x_wconf 86' lang='grc' dir='ltr'><em>δόλων</em></span> <span class='ocrx_word' id='word_1_146' title='bbox 456 1428 529 1469; x_wconf 84' lang='grc' dir='ltr'>καί</span> <span class='ocrx_word' id='word_1_147' title='bbox 553 1429 636 1468; x_wconf 88' lang='grc' dir='ltr'><em>τῶν</em></span> <span class='ocrx_word' id='word_1_148' title='bbox 662 1428 950 1482; x_wconf 78' lang='grc' dir='ltr'><em>συκοφαντιῶν</em></span> <span class='ocrx_word' id='word_1_149' title='bbox 981 1423 1194 1481; x_wconf 81' lang='grc' dir='ltr'><em>ἦθέλησαν</em></span> <span class='ocrx_word' id='word_1_150' title='bbox 1215 1425 1468 1475; x_wconf 70' lang='grc' dir='ltr'><em>ἀποστάντες</em></span> <span class='ocrx_word' id='word_1_151' title='bbox 1489 1423 1744 1467; x_wconf 73' lang='grc' dir='ltr'><em>διαλύεσθαι</em></span> 
     </span>
     <span class='ocr_line' id='line_1_20' title="bbox 296 1487 1744 1550; baseline -0.003 -15"><span class='ocrx_word' id='word_1_152' title='bbox 296 1493 404 1550; x_wconf 87' lang='grc' dir='ltr'><em>πρὸς</em></span> <span class='ocrx_word' id='word_1_153' title='bbox 433 1492 560 1535; x_wconf 73' lang='grc' dir='ltr'><em>αὐτὸν</em></span> <span class='ocrx_word' id='word_1_154' title='bbox 587 1493 687 1545; x_wconf 90' lang='grc' dir='ltr'><em>περί</em></span> <span class='ocrx_word' id='word_1_155' title='bbox 710 1506 754 1533; x_wconf 87' lang='grc' dir='ltr'><em>τε</em></span> <span class='ocrx_word' id='word_1_156' title='bbox 787 1493 870 1533; x_wconf 91' lang='grc' dir='ltr'><em>τῶν</em></span> <span class='ocrx_word' id='word_1_157' title='bbox 897 1493 1045 1533; x_wconf 79' lang='grc' dir='ltr'><em>κοινῶν</em></span> <span class='ocrx_word' id='word_1_158' title='bbox 1080 1494 1152 1533; x_wconf 84' lang='grc' dir='ltr'><em>καί</em></span> <span class='ocrx_word' id='word_1_159' title='bbox 1181 1493 1264 1533; x_wconf 86' lang='grc' dir='ltr'><em>τῶν</em></span> <span class='ocrx_word' id='word_1_160' title='bbox 1300 1490 1400 1533; x_wconf 85' lang='grc' dir='ltr'><em>καθ’</em></span> <span class='ocrx_word' id='word_1_161' title='bbox 1418 1487 1597 1539; x_wconf 73' lang='grc' dir='ltr'><em>ἑαυτούς</em></span> <span class='ocrx_word' id='word_1_162' title='bbox 1606 1525 1619 1544; x_wconf 87' lang='lat'><em>,</em></span> <span class='ocrx_word' id='word_1_163' title='bbox 1669 1491 1744 1532; x_wconf 84' lang='grc' dir='ltr'><em>ου’-</em></span> 
     </span>
     <span class='ocr_line' id='line_1_21' title="bbox 298 1554 1799 1614; baseline -0.002 -12"><span class='ocrx_word' id='word_1_164' title='bbox 298 1563 447 1614; x_wconf 85' lang='grc' dir='ltr'><em>δεμιάν</em></span> <span class='ocrx_word' id='word_1_165' title='bbox 475 1556 527 1601; x_wconf 73' lang='grc' dir='ltr'><em>ἂν</em></span> <span class='ocrx_word' id='word_1_166' title='bbox 555 1559 781 1607; x_wconf 77' lang='grc' dir='ltr'><em>ἐνεδείξατο</em></span> <span class='ocrx_word' id='word_1_167' title='bbox 813 1559 981 1609; x_wconf 87' lang='grc' dir='ltr'><em>πικρίαν</em></span> <span class='ocrx_word' id='word_1_168' title='bbox 1000 1591 1012 1610; x_wconf 86' lang='lat'><em>,</em></span> <span class='ocrx_word' id='word_1_169' title='bbox 1044 1558 1142 1599; x_wconf 83' lang='grc' dir='ltr'><em>ου’δὲ</em></span> <span class='ocrx_word' id='word_1_170' title='bbox 1168 1557 1409 1612; x_wconf 76' lang='grc' dir='ltr'><em>ἐπεμνήσθη</em></span> <span class='ocrx_word' id='word_1_171' title='bbox 1439 1559 1523 1598; x_wconf 90' lang='grc' dir='ltr'><em>τῶν</em></span> <span class='ocrx_word' id='word_1_172' title='bbox 1542 1554 1646 1598; x_wconf 78' lang='grc' dir='ltr'><em>κατὰ</em></span> <span class='ocrx_word' id='word_1_173' title='bbox 1674 1554 1799 1599; x_wconf 65' lang='lat' dir='ltr'><strong>tomo</strong></span> 
     </span>
     <span class='ocr_line' id='line_1_22' title="bbox 297 1620 1744 1679; baseline -0.004 -10"><span class='ocrx_word' id='word_1_174' title='bbox 297 1627 479 1679; x_wconf 83' lang='grc' dir='ltr'><em>πόλεμον</em></span> <span class='ocrx_word' id='word_1_175' title='bbox 518 1626 798 1679; x_wconf 86' lang='grc' dir='ltr'><em>γεγενημένων</em></span> <span class='ocrx_word' id='word_1_176' title='bbox 841 1624 941 1678; x_wconf 87' lang='grc' dir='ltr'><em>παρ’</em></span> <span class='ocrx_word' id='word_1_177' title='bbox 964 1623 1105 1664; x_wconf 71' lang='grc' dir='ltr'><em>αὐτῶν</em></span> <span class='ocrx_word' id='word_1_178' title='bbox 1141 1620 1349 1665; x_wconf 87' lang='grc' dir='ltr'><em>τοσούτων</em></span> <span class='ocrx_word' id='word_1_179' title='bbox 1390 1624 1589 1677; x_wconf 68' lang='grc' dir='ltr'><em>ἀλγεινῶν</em></span> <span class='ocrx_word' id='word_1_180' title='bbox 1600 1656 1613 1675; x_wconf 88' lang='grc'><strong><em>,</em></strong></span> <span class='ocrx_word' id='word_1_181' title='bbox 1650 1621 1744 1664; x_wconf 75' lang='grc' dir='ltr'><em>ἀλλ’</em></span> 
     </span>
     <span class='ocr_line' id='line_1_23' title="bbox 298 1685 1744 1749; baseline -0.002 -16"><span class='ocrx_word' id='word_1_182' title='bbox 298 1692 436 1749; x_wconf 75' lang='grc' dir='ltr'><em>ἡδέως</em></span> <span class='ocrx_word' id='word_1_183' title='bbox 468 1687 519 1732; x_wconf 76' lang='grc' dir='ltr'><em>ἂν</em></span> <span class='ocrx_word' id='word_1_184' title='bbox 547 1687 631 1732; x_wconf 81' lang='grc' dir='ltr'><em>εἶδε</em></span> <span class='ocrx_word' id='word_1_185' title='bbox 650 1688 723 1731; x_wconf 86' lang='grc' dir='ltr'><em>καί</em></span> <span class='ocrx_word' id='word_1_186' title='bbox 749 1685 931 1742; x_wconf 74' lang='grc' dir='ltr'><em>εὐμενῶς</em></span> <span class='ocrx_word' id='word_1_187' title='bbox 953 1721 965 1743; x_wconf 85' lang='grc'><em>,</em></span> <span class='ocrx_word' id='word_1_188' title='bbox 1006 1690 1080 1730; x_wconf 83' lang='grc' dir='ltr'><em>καί</em></span> <span class='ocrx_word' id='word_1_189' title='bbox 1107 1691 1182 1743; x_wconf 80' lang='grc' dir='ltr'><em>τῆς</em></span> <span class='ocrx_word' id='word_1_190' title='bbox 1211 1688 1394 1744; x_wconf 76' lang='grc' dir='ltr'><em>ἀρχαίας</em></span> <span class='ocrx_word' id='word_1_191' title='bbox 1421 1689 1572 1743; x_wconf 76' lang='grc' dir='ltr'><em>ἠξίωσε</em></span> <span class='ocrx_word' id='word_1_192' title='bbox 1599 1690 1744 1746; x_wconf 86' lang='grc' dir='ltr'><em>φιλίας</em></span> 
     </span>
     <span class='ocr_line' id='line_1_24' title="bbox 299 1751 1741 1812; baseline -0.004 -11"><span class='ocrx_word' id='word_1_193' title='bbox 299 1762 373 1801; x_wconf 83' lang='grc' dir='ltr'>καί</span> <span class='ocrx_word' id='word_1_194' title='bbox 397 1756 626 1812; x_wconf 83' lang='grc' dir='ltr'><em>συνηθείας</em></span> <span class='ocrx_word' id='word_1_195' title='bbox 657 1754 758 1811; x_wconf 87' lang='grc' dir='ltr'><em>πρὸς</em></span> <span class='ocrx_word' id='word_1_196' title='bbox 786 1754 923 1797; x_wconf 71' lang='grc' dir='ltr'><em>αὐτόν.</em></span> <span class='ocrx_word' id='word_1_197' title='bbox 973 1754 1079 1811; x_wconf 86' lang='grc' dir='ltr'><em>πρὸς</em></span> <span class='ocrx_word' id='word_1_198' title='bbox 1109 1757 1154 1797; x_wconf 81' lang='grc' dir='ltr'><em>δὲ</em></span> <span class='ocrx_word' id='word_1_199' title='bbox 1183 1754 1339 1803; x_wconf 66' lang='grc' dir='ltr'><em>αὐτούς</em></span> <span class='ocrx_word' id='word_1_200' title='bbox 1378 1756 1475 1796; x_wconf 77' lang='grc' dir='ltr'><em>οὐδὲ</em></span> <span class='ocrx_word' id='word_1_201' title='bbox 1516 1753 1630 1809; x_wconf 85' lang='grc' dir='ltr'><em>ἴχνος</em></span> <span class='ocrx_word' id='word_1_202' title='bbox 1657 1751 1741 1809; x_wconf 76' lang='grc' dir='ltr'><em>μή-</em></span> 
     </span>
     <span class='ocr_line' id='line_1_25' title="bbox 300 1817 1743 1879; baseline -0.003 -13"><span class='ocrx_word' id='word_1_203' title='bbox 300 1826 412 1873; x_wconf 87' lang='grc' dir='ltr'><em>νιδος</em></span> <span class='ocrx_word' id='word_1_204' title='bbox 446 1826 591 1879; x_wconf 84' lang='grc' dir='ltr'><em>φέρειν</em></span> <span class='ocrx_word' id='word_1_205' title='bbox 631 1817 662 1876; x_wconf 73' lang='grc' dir='ltr'><strong><em>ἦ</em></strong></span> <span class='ocrx_word' id='word_1_206' title='bbox 690 1821 834 1877; x_wconf 78' lang='grc' dir='ltr'><em>ὀργῆς,</em></span> <span class='ocrx_word' id='word_1_207' title='bbox 866 1820 965 1864; x_wconf 77' lang='grc' dir='ltr'><em>οὐδὲ</em></span> <span class='ocrx_word' id='word_1_208' title='bbox 995 1823 1369 1878; x_wconf 85' lang='grc' dir='ltr'><em>προσκεκρουκέναι</em></span> <span class='ocrx_word' id='word_1_209' title='bbox 1398 1821 1514 1878; x_wconf 74' lang='grc' dir='ltr'><em>αὐτῷ</em></span> <span class='ocrx_word' id='word_1_210' title='bbox 1538 1819 1743 1874; x_wconf 85' lang='grc' dir='ltr'><em>νομίζειν,</em></span> 
     </span>
    </p>
   </div>
   <div class='ocr_carea' id='block_1_3' title="bbox 398 1911 724 1956">
    <p class='ocr_par' dir='ltr' id='par_1_3' title="bbox 398 1911 724 1956">
     <span class='ocr_line' id='line_1_26' title="bbox 398 1911 724 1956; baseline -0.018 -8"><span class='ocrx_word' id='word_1_211' title='bbox 398 1915 451 1948; x_wconf 80' lang='grc'><em>16.</em></span> <span class='ocrx_word' id='word_1_212' title='bbox 469 1912 560 1946; x_wconf 71' lang='grc' dir='ltr'><em>ἐῶσι</em></span> <span class='ocrx_word' id='word_1_213' title='bbox 584 1911 631 1944; x_wconf 90' lang='grc' dir='ltr'><em>Μ.</em></span> <span class='ocrx_word' id='word_1_214' title='bbox 658 1921 724 1956; x_wconf 85' lang='lat' dir='ltr'><em>mg.</em></span> 
     </span>
    </p>
   </div>
   <div class='ocr_carea' id='block_1_4' title="bbox 302 1999 1752 2839">
    <p class='ocr_par' dir='ltr' id='par_1_4' title="bbox 302 1999 1752 2839">
     <span class='ocr_line' id='line_1_27' title="bbox 304 1999 1743 2046; baseline -0.003 -9"><span class='ocrx_word' id='word_1_215' title='bbox 304 2005 384 2037; x_wconf 87' lang='lat' dir='ltr'><strong>sita.</strong></span> <span class='ocrx_word' id='word_1_216' title='bbox 432 2002 617 2035; x_wconf 86' lang='lat' dir='ltr'><strong>Praeterea</strong></span> <span class='ocrx_word' id='word_1_217' title='bbox 641 2000 936 2042; x_wconf 82' lang='lat' dir='ltr'><strong>Tzernomianus,</strong></span> <span class='ocrx_word' id='word_1_218' title='bbox 959 2011 1051 2046; x_wconf 86' lang='lat' dir='ltr'><strong>quae</strong></span> <span class='ocrx_word' id='word_1_219' title='bbox 1077 2011 1114 2034; x_wconf 88' lang='lat' dir='ltr'><em>se</em></span> <span class='ocrx_word' id='word_1_220' title='bbox 1139 1999 1335 2034; x_wconf 83' lang='lat' dir='ltr'><strong>defendere</strong></span> <span class='ocrx_word' id='word_1_221' title='bbox 1359 2011 1433 2033; x_wconf 90' lang='lat' dir='ltr'><em>non</em></span> <span class='ocrx_word' id='word_1_222' title='bbox 1453 2005 1615 2044; x_wconf 83' lang='lat' dir='ltr'><strong>poterat:</strong></span> <span class='ocrx_word' id='word_1_223' title='bbox 1642 2001 1743 2033; x_wconf 84' lang='lat' dir='ltr'><strong>cuius</strong></span> 
     </span>
     <span class='ocr_line' id='line_1_28' title="bbox 303 2046 1743 2097; baseline -0.003 -13"><span class='ocrx_word' id='word_1_224' title='bbox 303 2050 568 2097; x_wconf 83' lang='lat' dir='ltr'><strong>praefecturam</strong></span> <span class='ocrx_word' id='word_1_225' title='bbox 609 2047 801 2082; x_wconf 84' lang='lat' dir='ltr'><strong>obtinebat</strong></span> <span class='ocrx_word' id='word_1_226' title='bbox 837 2048 983 2087; x_wconf 74' lang='lat' dir='ltr'><strong>hierax,</strong></span> <span class='ocrx_word' id='word_1_227' title='bbox 1008 2047 1235 2092; x_wconf 77' lang='lat' dir='ltr'><strong>imperatoris</strong></span> <span class='ocrx_word' id='word_1_228' title='bbox 1269 2046 1466 2080; x_wconf 86' lang='lat' dir='ltr'>Andronici</span> <span class='ocrx_word' id='word_1_229' title='bbox 1512 2047 1743 2087; x_wconf 76' lang='lat' dir='ltr'><strong>domesticus,</strong></span> 
     </span>
     <span class='ocr_line' id='line_1_29' title="bbox 306 2093 1744 2143; baseline -0.001 -14"><span class='ocrx_word' id='word_1_230' title='bbox 306 2097 444 2143; x_wconf 87' lang='lat' dir='ltr'><strong>quique</strong></span> <span class='ocrx_word' id='word_1_231' title='bbox 475 2095 573 2128; x_wconf 88' lang='lat' dir='ltr'><strong>bello</strong></span> <span class='ocrx_word' id='word_1_232' title='bbox 613 2094 782 2128; x_wconf 82' lang='lat' dir='ltr'><strong>adversus</strong></span> <span class='ocrx_word' id='word_1_233' title='bbox 819 2094 1108 2128; x_wconf 87' lang='lat' dir='ltr'><strong>Cantacuzenum</strong></span> <span class='ocrx_word' id='word_1_234' title='bbox 1145 2105 1216 2139; x_wconf 88' lang='lat' dir='ltr'><em>qua</em></span> <span class='ocrx_word' id='word_1_235' title='bbox 1251 2093 1379 2134; x_wconf 81' lang='lat' dir='ltr'><strong>dictis,</strong></span> <span class='ocrx_word' id='word_1_236' title='bbox 1419 2105 1490 2139; x_wconf 84' lang='lat' dir='ltr'><em>qua</em></span> <span class='ocrx_word' id='word_1_237' title='bbox 1526 2094 1628 2127; x_wconf 82' lang='lat' dir='ltr'><strong>factis</strong></span> <span class='ocrx_word' id='word_1_238' title='bbox 1669 2100 1744 2128; x_wconf 70' lang='lat' dir='ltr'><em>nou</em></span> 
     </span>
     <span class='ocr_line' id='line_1_30' title="bbox 302 2139 1745 2190; baseline -0.003 -13"><span class='ocrx_word' id='word_1_239' title='bbox 302 2155 428 2190; x_wconf 84' lang='lat' dir='ltr'><strong>parum</strong></span> <span class='ocrx_word' id='word_1_240' title='bbox 474 2142 647 2175; x_wconf 84' lang='lat' dir='ltr'>momenti</span> <span class='ocrx_word' id='word_1_241' title='bbox 686 2141 868 2174; x_wconf 81' lang='lat' dir='ltr'><strong>attulerat.</strong></span> <span class='ocrx_word' id='word_1_242' title='bbox 930 2141 1167 2185; x_wconf 83' lang='lat' dir='ltr'><strong>Adrianopoli</strong></span> <span class='ocrx_word' id='word_1_243' title='bbox 1191 2139 1283 2172; x_wconf 86' lang='lat' dir='ltr'><strong>alius</strong></span> <span class='ocrx_word' id='word_1_244' title='bbox 1309 2145 1386 2173; x_wconf 85' lang='lat' dir='ltr'><strong>erat</strong></span> <span class='ocrx_word' id='word_1_245' title='bbox 1407 2151 1451 2172; x_wconf 77' lang='lat' dir='ltr'><em>ex</em></span> <span class='ocrx_word' id='word_1_246' title='bbox 1481 2141 1643 2174; x_wconf 84' lang='lat' dir='ltr'><strong>eiusdem</strong></span> <span class='ocrx_word' id='word_1_247' title='bbox 1670 2139 1745 2173; x_wconf 83' lang='lat' dir='ltr'><em>An·</em></span> 
     </span>
     <span class='ocr_line' id='line_1_31' title="bbox 309 2186 1746 2232; baseline -0.003 -9"><span class='ocrx_word' id='word_1_248' title='bbox 309 2190 450 2223; x_wconf 86' lang='lat' dir='ltr'><strong>dronici</strong></span> <span class='ocrx_word' id='word_1_249' title='bbox 488 2188 719 2228; x_wconf 84' lang='lat' dir='ltr'><strong>domesticis,</strong></span> <span class='ocrx_word' id='word_1_250' title='bbox 752 2187 966 2232; x_wconf 85' lang='lat' dir='ltr'><strong>Mancaphas</strong></span> <span class='ocrx_word' id='word_1_251' title='bbox 1003 2188 1161 2223; x_wconf 85' lang='lat' dir='ltr'><strong>nomine,</strong></span> <span class='ocrx_word' id='word_1_252' title='bbox 1219 2186 1290 2219; x_wconf 87' lang='lat' dir='ltr'><em>Hos</em></span> <span class='ocrx_word' id='word_1_253' title='bbox 1324 2187 1434 2230; x_wconf 82' lang='lat' dir='ltr'><strong>igitur</strong></span> <span class='ocrx_word' id='word_1_254' title='bbox 1459 2192 1556 2228; x_wconf 84' lang='lat' dir='ltr'><strong>tres,</strong></span> <span class='ocrx_word' id='word_1_255' title='bbox 1596 2186 1746 2220; x_wconf 77' lang='lat' dir='ltr'><strong>Manea-</strong></span> 
     </span>
     <span class='ocr_line' id='line_1_32' title="bbox 309 2233 1743 2284; baseline -0.003 -14"><span class='ocrx_word' id='word_1_256' title='bbox 309 2237 443 2284; x_wconf 81' lang='lat' dir='ltr'><strong>pham,</strong></span> <span class='ocrx_word' id='word_1_257' title='bbox 476 2236 664 2269; x_wconf 83' lang='lat' dir='ltr'><strong>Hieracem</strong></span> <span class='ocrx_word' id='word_1_258' title='bbox 704 2239 741 2268; x_wconf 87' lang='lat' dir='ltr'><em>et</em></span> <span class='ocrx_word' id='word_1_259' title='bbox 775 2234 1092 2279; x_wconf 84' lang='lat' dir='ltr'><strong>Paraspondylum‚</strong></span> <span class='ocrx_word' id='word_1_260' title='bbox 1118 2233 1293 2267; x_wconf 76' lang='lat' dir='ltr'>advocans</span> <span class='ocrx_word' id='word_1_261' title='bbox 1327 2234 1548 2277; x_wconf 84' lang='lat' dir='ltr'><strong>imperator,</strong></span> <span class='ocrx_word' id='word_1_262' title='bbox 1595 2244 1669 2267; x_wconf 88' lang='lat' dir='ltr'><em>non</em></span> <span class='ocrx_word' id='word_1_263' title='bbox 1706 2243 1743 2266; x_wconf 82' lang='lat' dir='ltr'><em>se</em></span> 
     </span>
     <span class='ocr_line' id='line_1_33' title="bbox 312 2278 1747 2326; baseline -0.004 -8"><span class='ocrx_word' id='word_1_264' title='bbox 312 2287 402 2318; x_wconf 88' lang='lat' dir='ltr'><strong>clam</strong></span> <span class='ocrx_word' id='word_1_265' title='bbox 439 2294 514 2316; x_wconf 85' lang='lat' dir='ltr'><strong>esse</strong></span> <span class='ocrx_word' id='word_1_266' title='bbox 538 2283 606 2322; x_wconf 84' lang='lat' dir='ltr'><strong>ait,</strong></span> <span class='ocrx_word' id='word_1_267' title='bbox 643 2292 703 2314; x_wconf 85' lang='lat' dir='ltr'><em>eos</em></span> <span class='ocrx_word' id='word_1_268' title='bbox 720 2305 732 2322; x_wconf 92' lang='lat'>,</span> <span class='ocrx_word' id='word_1_269' title='bbox 764 2281 939 2326; x_wconf 85' lang='lat' dir='ltr'><strong>quamdiu</strong></span> <span class='ocrx_word' id='word_1_270' title='bbox 973 2280 1110 2323; x_wconf 75' lang='lat' dir='ltr'><strong>bellum</strong></span> <span class='ocrx_word' id='word_1_271' title='bbox 1142 2280 1275 2320; x_wconf 87' lang='lat' dir='ltr'><strong>fuerit,</strong></span> <span class='ocrx_word' id='word_1_272' title='bbox 1300 2290 1435 2312; x_wconf 80' lang='lat' dir='ltr'><strong>summa</strong></span> <span class='ocrx_word' id='word_1_273' title='bbox 1459 2279 1660 2324; x_wconf 85' lang='lat' dir='ltr'><strong>cupiditate</strong></span> <span class='ocrx_word' id='word_1_274' title='bbox 1682 2278 1747 2312; x_wconf 84' lang='lat' dir='ltr'><em>fla-</em></span> 
     </span>
     <span class='ocr_line' id='line_1_34' title="bbox 308 2325 1748 2377; baseline -0.005 -13"><span class='ocrx_word' id='word_1_275' title='bbox 308 2332 498 2377; x_wconf 79' lang='lat' dir='ltr'><strong>grantique</strong></span> <span class='ocrx_word' id='word_1_276' title='bbox 537 2328 657 2362; x_wconf 89' lang='lat' dir='ltr'><strong>studio</strong></span> <span class='ocrx_word' id='word_1_277' title='bbox 694 2339 759 2373; x_wconf 89' lang='lat' dir='ltr'><strong>pro</strong></span> <span class='ocrx_word' id='word_1_278' title='bbox 793 2330 924 2374; x_wconf 76' lang='lat' dir='ltr'><strong>invene</strong></span> <span class='ocrx_word' id='word_1_279' title='bbox 964 2328 1182 2372; x_wconf 81' lang='lat' dir='ltr'>imperatore</span> <span class='ocrx_word' id='word_1_280' title='bbox 1215 2332 1341 2359; x_wconf 87' lang='lat' dir='ltr'><strong>contra</strong></span> <span class='ocrx_word' id='word_1_281' title='bbox 1366 2338 1404 2360; x_wconf 85' lang='lat' dir='ltr'><em>se</em></span> <span class='ocrx_word' id='word_1_282' title='bbox 1431 2325 1653 2360; x_wconf 81' lang='lat' dir='ltr'><strong>decertasse:</strong></span> <span class='ocrx_word' id='word_1_283' title='bbox 1679 2334 1748 2358; x_wconf 88' lang='lat' dir='ltr'><em>nec</em></span> 
     </span>
     <span class='ocr_line' id='line_1_35' title="bbox 308 2372 1747 2418; baseline -0.006 -7"><span class='ocrx_word' id='word_1_284' title='bbox 308 2385 431 2411; x_wconf 84' lang='lat' dir='ltr'><strong>tamen</strong></span> <span class='ocrx_word' id='word_1_285' title='bbox 458 2376 591 2409; x_wconf 88' lang='lat' dir='ltr'><strong>idcirco</strong></span> <span class='ocrx_word' id='word_1_286' title='bbox 621 2382 847 2408; x_wconf 84' lang='lat' dir='ltr'><strong>succensere:</strong></span> <span class='ocrx_word' id='word_1_287' title='bbox 874 2373 1021 2407; x_wconf 82' lang='lat' dir='ltr'><strong>laudare</strong></span> <span class='ocrx_word' id='word_1_288' title='bbox 1046 2373 1178 2412; x_wconf 87' lang='lat' dir='ltr'><strong>etiam,</strong></span> <span class='ocrx_word' id='word_1_289' title='bbox 1206 2373 1303 2418; x_wconf 88' lang='lat' dir='ltr'><strong>quod</strong></span> <span class='ocrx_word' id='word_1_290' title='bbox 1333 2384 1370 2406; x_wconf 87' lang='lat' dir='ltr'><em>se</em></span> <span class='ocrx_word' id='word_1_291' title='bbox 1396 2385 1460 2418; x_wconf 82' lang='lat' dir='ltr'><strong>pro</strong></span> <span class='ocrx_word' id='word_1_292' title='bbox 1487 2373 1600 2406; x_wconf 83' lang='lat' dir='ltr'><strong>officio</strong></span> <span class='ocrx_word' id='word_1_293' title='bbox 1625 2372 1747 2405; x_wconf 81' lang='lat' dir='ltr'><strong>famu-</strong></span> 
     </span>
     <span class='ocr_line' id='line_1_36' title="bbox 308 2418 1748 2466; baseline -0.004 -10"><span class='ocrx_word' id='word_1_294' title='bbox 308 2424 425 2457; x_wconf 86' lang='lat' dir='ltr'><strong>lorum</strong></span> <span class='ocrx_word' id='word_1_295' title='bbox 461 2429 624 2456; x_wconf 84' lang='lat' dir='ltr'><strong>strenuos</strong></span> <span class='ocrx_word' id='word_1_296' title='bbox 660 2423 699 2454; x_wconf 91' lang='lat' dir='ltr'><strong>in</strong></span> <span class='ocrx_word' id='word_1_297' title='bbox 723 2432 765 2455; x_wconf 89' lang='lat' dir='ltr'><em>eo</em></span> <span class='ocrx_word' id='word_1_298' title='bbox 789 2420 1052 2466; x_wconf 74' lang='lat' dir='ltr'><strong>praebuissent.</strong></span> <span class='ocrx_word' id='word_1_299' title='bbox 1108 2418 1236 2464; x_wconf 82' lang='lat' dir='ltr'>Neque</span> <span class='ocrx_word' id='word_1_300' title='bbox 1261 2420 1356 2453; x_wconf 86' lang='lat' dir='ltr'><strong>enim</strong></span> <span class='ocrx_word' id='word_1_301' title='bbox 1387 2420 1442 2453; x_wconf 80' lang='lat' dir='ltr'><em>vel</em></span> <span class='ocrx_word' id='word_1_302' title='bbox 1470 2420 1653 2464; x_wconf 87' lang='lat' dir='ltr'><strong>praefecto</strong></span> <span class='ocrx_word' id='word_1_303' title='bbox 1683 2429 1748 2451; x_wconf 89' lang='lat' dir='ltr'><strong>cu-</strong></span> 
     </span>
     <span class='ocr_line' id='line_1_37' title="bbox 310 2464 1748 2515; baseline -0.004 -12"><span class='ocrx_word' id='word_1_304' title='bbox 310 2471 424 2503; x_wconf 85' lang='lat' dir='ltr'><strong>biculi</strong></span> <span class='ocrx_word' id='word_1_305' title='bbox 462 2476 571 2515; x_wconf 82' lang='lat' dir='ltr'><strong>atque</strong></span> <span class='ocrx_word' id='word_1_306' title='bbox 609 2469 751 2507; x_wconf 86' lang='lat' dir='ltr'><strong>ceteris,</strong></span> <span class='ocrx_word' id='word_1_307' title='bbox 787 2467 885 2513; x_wconf 87' lang='lat' dir='ltr'><strong>quod</strong></span> <span class='ocrx_word' id='word_1_308' title='bbox 914 2466 1201 2510; x_wconf 65' lang='lat' dir='ltr'><strong>belligerasse-nt,</strong></span> <span class='ocrx_word' id='word_1_309' title='bbox 1230 2467 1360 2499; x_wconf 88' lang='lat' dir='ltr'><strong>iratum</strong></span> <span class='ocrx_word' id='word_1_310' title='bbox 1386 2477 1486 2506; x_wconf 86' lang='lat' dir='ltr'><strong>esse,</strong></span> <span class='ocrx_word' id='word_1_311' title='bbox 1513 2465 1576 2499; x_wconf 87' lang='lat' dir='ltr'><em>sed</em></span> <span class='ocrx_word' id='word_1_312' title='bbox 1603 2464 1702 2510; x_wconf 86' lang='lat' dir='ltr'><strong>quod</strong></span> <span class='ocrx_word' id='word_1_313' title='bbox 1726 2470 1748 2497; x_wconf 72' lang='lat' dir='ltr'><em>a</em></span> 
     </span>
     <span class='ocr_line' id='line_1_38' title="bbox 310 2510 1748 2561; baseline -0.005 -12"><span class='ocrx_word' id='word_1_314' title='bbox 310 2518 491 2560; x_wconf 83' lang='lat' dir='ltr'><strong>principio</strong></span> <span class='ocrx_word' id='word_1_315' title='bbox 518 2527 631 2561; x_wconf 87' lang='lat' dir='ltr'><strong>usque</strong></span> <span class='ocrx_word' id='word_1_316' title='bbox 656 2524 752 2548; x_wconf 87' lang='lat' dir='ltr'><strong>nunc</strong></span> <span class='ocrx_word' id='word_1_317' title='bbox 776 2513 1029 2558; x_wconf 74' lang='lat' dir='ltr'><strong>sycophantias</strong></span> <span class='ocrx_word' id='word_1_318' title='bbox 1059 2513 1291 2553; x_wconf 73' lang='lat' dir='ltr'><strong>fabricantes,</strong></span> <span class='ocrx_word' id='word_1_319' title='bbox 1307 2512 1535 2545; x_wconf 81' lang='lat' dir='ltr'><strong>mendacium</strong></span> <span class='ocrx_word' id='word_1_320' title='bbox 1559 2510 1748 2545; x_wconf 79' lang='lat' dir='ltr'><strong>mendacio</strong></span> 
     </span>
     <span class='ocr_line' id='line_1_39' title="bbox 311 2559 1748 2608; baseline -0.004 -13"><span class='ocrx_word' id='word_1_321' title='bbox 311 2566 497 2595; x_wconf 77' lang='lat' dir='ltr'><strong>assuerent</strong></span> <span class='ocrx_word' id='word_1_322' title='bbox 532 2564 686 2608; x_wconf 86' lang='lat' dir='ltr'><strong>pacique</strong></span> <span class='ocrx_word' id='word_1_323' title='bbox 726 2560 990 2594; x_wconf 77' lang='lat' dir='ltr'><strong>obniterentur.</strong></span> <span class='ocrx_word' id='word_1_324' title='bbox 1039 2559 1294 2592; x_wconf 86' lang='lat' dir='ltr'><strong>Verumtamen</strong></span> <span class='ocrx_word' id='word_1_325' title='bbox 1320 2559 1350 2591; x_wconf 88' lang='lat' dir='ltr'><strong>si</strong></span> <span class='ocrx_word' id='word_1_326' title='bbox 1374 2559 1452 2600; x_wconf 83' lang='lat' dir='ltr'><strong>illi,</strong></span> <span class='ocrx_word' id='word_1_327' title='bbox 1487 2559 1551 2604; x_wconf 84' lang='lat' dir='ltr'><strong>qui</strong></span> <span class='ocrx_word' id='word_1_328' title='bbox 1577 2563 1649 2591; x_wconf 82' lang='lat' dir='ltr'><em>tam</em></span> <span class='ocrx_word' id='word_1_329' title='bbox 1674 2559 1748 2590; x_wconf 88' lang='lat' dir='ltr'><strong>im-</strong></span> 
     </span>
     <span class='ocr_line' id='line_1_40' title="bbox 310 2604 1748 2654; baseline -0.005 -12"><span class='ocrx_word' id='word_1_330' title='bbox 310 2607 416 2654; x_wconf 87' lang='lat' dir='ltr'><strong>probi</strong></span> <span class='ocrx_word' id='word_1_331' title='bbox 443 2610 480 2641; x_wconf 88' lang='lat' dir='ltr'><strong>in</strong></span> <span class='ocrx_word' id='word_1_332' title='bbox 507 2619 542 2641; x_wconf 85' lang='lat' dir='ltr'><em>se</em></span> <span class='ocrx_word' id='word_1_333' title='bbox 569 2608 737 2648; x_wconf 85' lang='lat' dir='ltr'><strong>fuissent,</strong></span> <span class='ocrx_word' id='word_1_334' title='bbox 760 2618 780 2639; x_wconf 90' lang='lat' dir='ltr'><em>a</em></span> <span class='ocrx_word' id='word_1_335' title='bbox 807 2607 899 2640; x_wconf 83' lang='lat' dir='ltr'><strong>dolis</strong></span> <span class='ocrx_word' id='word_1_336' title='bbox 937 2611 973 2640; x_wconf 85' lang='lat' dir='ltr'><em>et</em></span> <span class='ocrx_word' id='word_1_337' title='bbox 1011 2607 1200 2639; x_wconf 82' lang='lat' dir='ltr'><strong>calumniis</strong></span> <span class='ocrx_word' id='word_1_338' title='bbox 1228 2611 1483 2650; x_wconf 85' lang='lat' dir='ltr'><strong>temperantes,</strong></span> <span class='ocrx_word' id='word_1_339' title='bbox 1510 2604 1604 2638; x_wconf 86' lang='lat' dir='ltr'><strong>inire</strong></span> <span class='ocrx_word' id='word_1_340' title='bbox 1627 2607 1748 2636; x_wconf 81' lang='lat' dir='ltr'><strong>sec&#39;u&#39;m</strong></span> 
     </span>
     <span class='ocr_line' id='line_1_41' title="bbox 314 2650 1749 2696; baseline -0.004 -10"><span class='ocrx_word' id='word_1_341' title='bbox 314 2654 540 2688; x_wconf 85' lang='lat' dir='ltr'><strong>concordiam</strong></span> <span class='ocrx_word' id='word_1_342' title='bbox 583 2656 805 2695; x_wconf 82' lang='lat' dir='ltr'><strong>voluissent,</strong></span> <span class='ocrx_word' id='word_1_343' title='bbox 828 2665 896 2687; x_wconf 89' lang='lat' dir='ltr'><em>nec</em></span> <span class='ocrx_word' id='word_1_344' title='bbox 930 2652 969 2686; x_wconf 86' lang='lat' dir='ltr'><strong>in</strong></span> <span class='ocrx_word' id='word_1_345' title='bbox 993 2663 1203 2692; x_wconf 85' lang='lat' dir='ltr'><strong>commune,</strong></span> <span class='ocrx_word' id='word_1_346' title='bbox 1239 2662 1306 2685; x_wconf 88' lang='lat' dir='ltr'><em>nec</em></span> <span class='ocrx_word' id='word_1_347' title='bbox 1337 2653 1375 2684; x_wconf 90' lang='lat' dir='ltr'><strong>in</strong></span> <span class='ocrx_word' id='word_1_348' title='bbox 1414 2653 1510 2696; x_wconf 76' lang='lat' dir='ltr'><strong>ipsos</strong></span> <span class='ocrx_word' id='word_1_349' title='bbox 1546 2650 1749 2696; x_wconf 76' lang='lat' dir='ltr'><strong>quidquam</strong></span> 
     </span>
     <span class='ocr_line' id='line_1_42' title="bbox 313 2694 1749 2746; baseline -0.005 -12"><span class='ocrx_word' id='word_1_350' title='bbox 313 2701 521 2734; x_wconf 72' lang='lat' dir='ltr'><strong>acerbitatis</strong></span> <span class='ocrx_word' id='word_1_351' title='bbox 561 2704 807 2741; x_wconf 77' lang='lat' dir='ltr'><strong>ostensurum,</strong></span> <span class='ocrx_word' id='word_1_352' title='bbox 842 2711 962 2746; x_wconf 85' lang='lat' dir='ltr'><strong>neque</strong></span> <span class='ocrx_word' id='word_1_353' title='bbox 995 2705 1051 2732; x_wconf 89' lang='lat' dir='ltr'><em>tot</em></span> <span class='ocrx_word' id='word_1_354' title='bbox 1073 2700 1296 2732; x_wconf 82' lang='lat' dir='ltr'><strong>miseriarum</strong></span> <span class='ocrx_word' id='word_1_355' title='bbox 1322 2697 1420 2732; x_wconf 86' lang='lat' dir='ltr'><strong>bello</strong></span> <span class='ocrx_word' id='word_1_356' title='bbox 1446 2697 1491 2731; x_wconf 87' lang='lat' dir='ltr'><em>ab</em></span> <span class='ocrx_word' id='word_1_357' title='bbox 1518 2698 1562 2730; x_wconf 80' lang='lat' dir='ltr'><strong>iis</strong></span> <span class='ocrx_word' id='word_1_358' title='bbox 1588 2694 1749 2729; x_wconf 69' lang='lat' dir='ltr'><strong>invecta-</strong></span> 
     </span>
     <span class='ocr_line' id='line_1_43' title="bbox 313 2743 1752 2787; baseline -0.004 -7"><span class='ocrx_word' id='word_1_359' title='bbox 313 2758 392 2781; x_wconf 82' lang='lat' dir='ltr'><strong>rum</strong></span> <span class='ocrx_word' id='word_1_360' title='bbox 429 2745 719 2787; x_wconf 80' lang='lat' dir='ltr'><strong>recordaturum,</strong></span> <span class='ocrx_word' id='word_1_361' title='bbox 759 2747 822 2780; x_wconf 89' lang='lat' dir='ltr'><strong>scd</strong></span> <span class='ocrx_word' id='word_1_362' title='bbox 854 2748 966 2780; x_wconf 80' lang='lat' dir='ltr'><strong>amice</strong></span> <span class='ocrx_word' id='word_1_363' title='bbox 1006 2752 1043 2779; x_wconf 87' lang='lat' dir='ltr'><em>et</em></span> <span class='ocrx_word' id='word_1_364' title='bbox 1075 2743 1233 2779; x_wconf 78' lang='lat' dir='ltr'><strong>iucunde</strong></span> <span class='ocrx_word' id='word_1_365' title='bbox 1269 2755 1330 2778; x_wconf 84' lang='lat' dir='ltr'><em>eos</em></span> <span class='ocrx_word' id='word_1_366' title='bbox 1362 2747 1522 2779; x_wconf 81' lang='lat' dir='ltr'><strong>visurum</strong></span> <span class='ocrx_word' id='word_1_367' title='bbox 1559 2743 1752 2787; x_wconf 79' lang='lat' dir='ltr'><strong>veterique·</strong></span> 
     </span>
     <span class='ocr_line' id='line_1_44' title="bbox 314 2789 1751 2839; baseline -0.003 -11"><span class='ocrx_word' id='word_1_368' title='bbox 314 2793 583 2828; x_wconf 73' lang='lat' dir='ltr'><strong>necessitudine</strong></span> <span class='ocrx_word' id='word_1_369' title='bbox 632 2804 672 2825; x_wconf 87' lang='lat' dir='ltr'><em>ac</em></span> <span class='ocrx_word' id='word_1_370' title='bbox 710 2793 956 2828; x_wconf 75' lang='lat' dir='ltr'><strong>familiaritate</strong></span> <span class='ocrx_word' id='word_1_371' title='bbox 1004 2792 1233 2839; x_wconf 76' lang='lat' dir='ltr'><strong>dignaturum</strong></span> <span class='ocrx_word' id='word_1_372' title='bbox 1277 2791 1399 2827; x_wconf 76' lang='lat' dir='ltr'><strong>fuisse.</strong></span> <span class='ocrx_word' id='word_1_373' title='bbox 1480 2791 1614 2824; x_wconf 76' lang='lat' dir='ltr'><strong>Contra</strong></span> <span class='ocrx_word' id='word_1_374' title='bbox 1649 2789 1751 2834; x_wconf 60' lang='lat' dir='ltr'><strong>ips&amp;</strong></span> 
     </span>
    </p>
   </div>
  </div>
 </body>
</html>
