1800 3138
291 210 400 263 226
777 239 781 242 ·
817 223 1183 268 CANTACUZENI

95 331 183 367 A-C.
201 323 332 376 ι342ἔκ
359 338 469 372 τινος
499 325 614 380 αὕτῷ
639 323 844 375 κομίζειν,
881 322 1070 363 τοιοῦτόν
1094 338 1135 363 τι
1166 320 1269 378 πρὸς
1296 320 1371 377 τήν
1395 323 1551 365 ἐκείνου
1590 340 1713 380 nmen-

286 388 383 443 ρίαν
410 389 715 442 ἀντιτεχνᾶται.
771 388 854 428 τῶν
883 388 1163 440 στρατιωτῶν
1183 388 1283 429 δυσί
1317 385 1391 429 τόν
1427 390 1505 441 μὲν
1531 390 1714 432 ἐκέλευεν

286 450 550 496 ἅποδυθέντα
594 452 666 494 καί
690 452 1070 508 περιαγκωνίσαντα
1096 447 1243 493 ἑαυτὸν
1270 445 1447 506 ἄγεσθαι
1476 453 1714 509 δεσμώτην,

285 517 356 561 τὸν
393 521 534 572 ἕτερον
562 520 607 560 δὲ
637 513 764 572 ἄγειν.
830 518 943 575 εἰδὲ
973 515 1010 557 οἱ
1039 515 1115 565 τὰς
1144 514 1268 565 ὁδούς
1296 520 1517 571 τηροῦντες
1544 518 1713 574 περιτύ-

243 583 428 638 1)χοιεν,
457 581 525 624 τὸν
554 578 706 637 ἄγοντα
734 579 932 638 φάσκειν,
962 581 1019 630 (ὃς
1046 579 1118 623 τόν
1145 581 1268 622 ἵππον
1295 581 1564 632 ἀπολωλεκώς
1583 615 1594 633 ,
1640 582 1738 625 τὸν5

283 650 360 701 μὲν
382 649 460 701 οὐχ
488 644 616 702 εὕροι,
643 646 715 689 τὸν
731 645 900 701 χαλινὸν
920 648 966 688 δὲ
999 644 1112 701 παρὰ
1140 645 1288 701 τάνδρὶ
1301 649 1472 689 τουτωΐ·
1494 648 1716 689 οἷπαιτοῦν-

283 730 336 755 τα
364 714 409 755 δὲ
431 711 508 754 ,καί
533 711 604 754 τόν
631 714 769 766 ἵππον,
796 710 853 766 μὴ
884 709 1155 763 α’ποδιδόναι,
1200 708 1306 752 ἀλλὰ
1334 710 1406 754 τὸν
1431 710 1605 765 χαλινὸν
1634 711 1714 765 μό-

283 793 354 820 νον
382 778 601 832 εὑρηκέναι
627 776 741 832 παρά
772 776 844 831 την
873 775 970 817 ὁδόν
999 774 1351 830 διισχυρίζεσθαι.
1405 771 1452 817 οὗ
1492 775 1542 830 δὴ
1586 776 1714 831 χάριν

286 843 485 898 δήσαντα,
516 840 630 896 ἄγειν
662 841 766 896 πρὸς
793 840 863 883 τὸν
889 841 1094 894 βασιλέως
1123 844 1264 893 θεῖον,
1294 837 1405 891 ὅπως
1429 844 1530 896 παρ’
1556 843 1712 883 ἐκεινου

284 908 605 959 βασανιζόμενος
641 903 812 961 ἀποδοίη
853 907 924 946 καί
964 903 1037 947 τόν
1075 906 1212 946 ἵππον.
1278 906 1440 947 ἐκέλευε
1471 908 1518 947 δὲ
1545 904 1617 947 καὶ
1640 904 1766 947 τὸνιο

153 976 195 1010 V.
208 978 274 1012 380
289 972 500 1026 δεσμώτην
538 973 594 1028 τῷ
634 967 776 1024 ἄγοντι
814 970 866 1011 τοὶ
908 968 978 1011 ἴσα
1017 973 1316 1023 συνομολογεῖν.
1382 971 1526 1012 τοῦτον
1553 971 1600 1013 δὲ
1641 968 1715 1013 τόν

280 1037 433 1092 τρόπον
473 1035 757 1090 παρελθόντας
796 1034 892 1085 τούς
934 1033 1249 1091 φυλάσσοντας,
1290 1032 1432 1076 ἔπειτα
1462 1037 1634 1078 ἕκαστον
1674 1031 1722 1078 οἷ

281 1103 579 1156 προσετέτακτο
616 1101 865 1156 ἀποχωρεῖν.
928 1098 967 1141 οἱ
997 1102 1076 1153 μὲν
1115 1095 1189 1142 οὖν
1227 1100 1394 1142 ἐποίουν
1432 1099 1539 1142 κατὰ
1566 1099 1617 1141 τὰ
1647 1115 1714 1141 κε-

282 1168 530 1218 κελευσμένα
570 1166 643 1206 καί
668 1166 942 1213 διαλαθόντες
979 1164 1077 1213 τούς
1105 1163 1176 1206 ἔπί
1198 1162 1272 1218 τὴν
1299 1162 1489 1220 φυλακην
1513 1165 1713 1218 τεταγμέ-

282 1247 378 1281 νους
419 1232 503 1272 τῶν
544 1230 676 1281 ὁδῶν,
708 1223 807 1283 ἧκον
835 1227 939 1285 πρὸς
964 1226 1312 1285 πρωτοστροὶτορα
1342 1232 1386 1270 ἐν
1415 1229 1766 1287 Θεσσαλονικῃαό

161 1304 195 1338 P.
213 1294 488 1350 ήςαβασιλεύς
516 1297 578 1349 δὲ,
607 1294 664 1343 ὥς
688 1293 872 1346 μάλιστα
900 1296 998 1348 ἐνῆν
1008 1327 1021 1346 ,
1047 1292 1092 1336 τὸ
1123 1296 1198 1336 νῦν
1222 1297 1300 1347 μὲν
1327 1293 1626 1348 Πολύστυλον,
1667 1297 1712 1338 ἐν

282 1367 369 1410 τοῖς
389 1361 632 1414 Ἑλληνικοῖς
660 1361 706 1400 δὲ
733 1357 902 1413 χρόνοις
920 1354 1138 1414 ’Ἀβδηραν
1167 1360 1476 1413 ω’νομασμένον,
1502 1361 1713 1413 πολίχνιον

281 1423 483 1480 παράλιον
521 1419 591 1473 ὃν,
634 1423 709 1464 ὑπ’
733 1420 866 1464 αὐτοῦ
892 1438 938 1464 τε
969 1422 1279 1480 ᾠκοδομημένον
1306 1421 1504 1477 πρότερον
1532 1425 1604 1465 καί
1626 1422 1713 1466 τότε

284 1489 353 1531 διὰ
399 1488 473 1543 τήν
515 1485 699 1542 ἆρχαίαν
740 1483 906 1530 εὔνοιαν
935 1488 1010 1528 οὐκ
1038 1487 1234 1540 α’ποστάν,
1261 1490 1413 1542 πολλῆς
1438 1491 1633 1543 προνοίας
1663 1489 1715 1530 οἷ-

263 1553 460 1606 Δξιιόσας,
507 1550 621 1596 σῖτόν
661 1568 707 1593 τε
737 1553 874 1603 αὐτοῖς
902 1549 1204 1607 ἔπιχορηγήσας
1232 1552 1303 1593 καί
1328 1553 1584 1607 στρατιώτας
1609 1552 1767 1608 πρόςαο

283 1621 547 1673 ἐπικουρίαν,
596 1615 723 1665 αὐτὸς
766 1615 838 1670 τήν
877 1612 1003 1671 ἄλλην
1030 1615 1138 1670 ἔχων
1166 1616 1393 1672 στρατιὰν,
1424 1616 1470 1659 τὸ
1500 1616 1612 1672 παρὰ
1639 1616 1713 1673 τῆν

284 1680 598 1737 Χριστούπολιν
625 1683 820 1735 τείχισμα
848 1679 1026 1723 διελθών
1045 1712 1057 1734 ,
1087 1682 1461 1735 ἐστρατοπέδευσεν
1487 1684 1536 1738 ἐν,
1560 1685 1713 1724 meam-

284 1763 392 1796 ποις.
462 1746 599 1788 ἔπειτα
637 1747 694 1795 ὥς
735 1749 893 1788 ἐκεῖθεν
919 1743 1105 1795 οἷναστοὶς
1133 1746 1267 1799 εἴχετο
1294 1739 1366 1802 τῆς
1393 1745 1504 1799 ὁδοῦ,
1534 1763 1708 1801 συντυγ-

283 1810 402 1866 χάνει
444 1813 502 1868 τῷ
541 1827 583 1852 τε
622 1811 720 1866 παρ’
756 1808 1017 1865 αὖτοιῦπρὸς
1041 1812 1387 1867 πρωτοστροίτορα
1415 1811 1708 1868 ἀπεσταλμένα)

336 1942 345 1952 ι,
375 1923 415 1990 1ινῙ
434 1911 577 1990 κομίζξι
605 1910 643 1966 P:
748 1911 792 1989 Ri,
808 1912 1160 1955 περιαγγωνίσαντα
1184 1910 1218 1942 P.
1248 1915 1284 1943 et
1309 1909 1357 1942 Μ.
1453 1922 1505 1954 ¹7·
1526 1908 1708 1955 Λῦδηραν

416 1980 424 1988 .
518 1969 538 1990 2
565 1980 572 1988 .
597 1967 660 1998 της
683 1967 752 1989 om.
798 1980 807 1988 .
1449 1974 1452 1978 ,

285 2056 327 2084 ut
349 2049 508 2085 vestibus
534 2053 661 2082 exutus
686 2053 723 2080 et
746 2047 910 2080 manibus
928 2052 1010 2091 post
1026 2051 1124 2092 terga
1147 2047 1336 2086 revinctis,
1367 2046 1576 2090 ‹luceretur;
1602 2051 1709 2084 alteri

284 2108 390 2136 vero,
417 2102 458 2129 ut
482 2095 638 2131 duceret.
687 2093 723 2125 Si
756 2095 819 2138 qui
843 2094 918 2127 vias
945 2093 1164 2133 insidebant,
1189 2099 1430 2134 occurrerent,
1447 2095 1615 2129 affin-'mare
1641 2098 1709 2130 du-

285 2147 436 2182 centem,
464 2152 500 2174 se
526 2152 618 2185 equo
644 2138 784 2183 perdito
811 2139 910 2171 illum
935 2140 1080 2184 quidem
1099 2149 1170 2171 non
1196 2139 1377 2178 invenire,
1405 2140 1564 2173 fraenum
1587 2148 1708 2176 autem

285 2189 381 2232 apud
403 2188 499 2221 hunc
528 2188 642 2219 virum
667 2187 859 2229 reperisse;
897 2187 960 2231 qui
985 2196 1116 2230 equum
1140 2184 1209 2217 sibi
1235 2186 1433 2228 reposcenti
1460 2198 1533 2219 non
1557 2188 1708 2231 reddat,

285 2234 348 2267 sed
375 2236 536 2267 fraenum
565 2231 749 2263 dumtaxat
774 2232 811 2263 in
835 2232 891 2263 via
918 2230 987 2264 sibi
1013 2234 1190 2273 repertum
1215 2230 1370 2263 affirmet.
1420 2231 1534 2275 Quam
1558 2234 1604 2266 ob
1627 2245 1710 2268 cau-

287 2291 360 2313 sam
392 2290 428 2311 se
461 2280 563 2311 illum
597 2278 753 2310 vinctum
787 2275 834 2308 ad
865 2276 1088 2320 imperatoris
1121 2275 1256 2308 affinem
1289 2276 1441 2318 ducere,
1476 2284 1516 2311 ut
1553 2280 1598 2312 ab
1627 2281 1705 2325 ipso

288 2326 492 2370 quaestioni
519 2323 718 2362 subiectus,
760 2323 866 2355 etiam
892 2333 1020 2368 equum
1047 2322 1234 2354 restituat:
1268 2324 1363 2367 quod
1386 2329 1422 2356 et
1444 2325 1599 2357 vinctum
1625 2337 1707 2360 cum

287 2372 434 2404 ductore
470 2370 639 2402 affirmare
673 2368 834 2402 iubebat.
881 2368 957 2401 Hoc
991 2371 1107 2400 autem
1141 2366 1246 2400 modo
1276 2371 1477 2411 praeteritis
1513 2371 1706 2414 custodiis,

287 2423 489 2461 utrumque,
517 2427 587 2459 quo
613 2415 818 2447 mandatum
847 2419 934 2454 erat,
959 2412 1069 2445 abire.
1117 2412 1177 2444 Illi
1210 2413 1387 2446 mandatis
1418 2416 1606 2461 morigeri,
1636 2418 1705 2452 de-

286 2465 398 2505 ceptis
422 2462 561 2494 itineris
586 2460 811 2500 custodibus,
837 2459 881 2491 ad
915 2463 1203 2503 protostratorem
1231 2458 1520 2495 Thessalonicam
1543 2463 1703 2498 veniunt.

286 2508 483 2550 Imperator
509 2512 626 2539 autem
663 2517 765 2551 quam
808 2504 958 2537 maxime
982 2509 1140 2548 poterat,
1165 2504 1273 2538 hodie
1299 2507 1443 2551 quidem
1476 2509 1703 2553 Polystylon,

288 2553 506 2595 temporibus
532 2554 744 2586 Graecorum
771 2550 943 2583 Abderam
969 2551 1207 2587 nominatam,
1243 2553 1451 2595 oppidulum
1477 2555 1703 2596 maritimum,

285 2610 303 2630 a
331 2609 366 2630 se
392 2600 488 2641 prius
512 2599 744 2631 instauratum
773 2596 887 2641 (quod
911 2601 996 2628 tunc
1021 2606 1082 2639 pro
1107 2597 1215 2629 veteri
1242 2599 1278 2629 in
1306 2610 1408 2631 suum
1431 2600 1702 2634 instauratorem

285 2643 536 2676 benevolentia
562 2646 600 2676 in
625 2644 694 2676 lide
724 2646 918 2681 manserat)
954 2641 1064 2674 multa
1090 2653 1170 2674 cura
1197 2643 1384 2686 (lignatus,
1423 2646 1527 2691 eique
1559 2656 1702 2680 annona

285 2689 330 2721 ad
353 2690 483 2721 victum
511 2694 546 2720 et
569 2689 744 2721 militibus
767 2688 812 2721 ad
835 2687 1050 2731 praesidium
1075 2689 1334 2732 suppeditatis,
1359 2692 1436 2736 ipse
1461 2703 1536 2724 cum
1561 2692 1700 2738 reliquo

285 2736 442 2767 exercitu
484 2735 719 2767 munitionem
757 2733 852 2777 apud
879 2732 1132 2777 Christopolim
1165 2737 1358 2777 transiens,
1391 2736 1485 2781 apud
1517 2736 1700 2782 Philippos

285 2785 398 2814 castra
425 2779 556 2825 posuit..
583 2779 670 2813 inde
694 2791 860 2821 movens,
886 2780 924 2812 in
948 2790 1008 2813 eos
1032 2779 1173 2822 incidit,
1198 2792 1286 2826 quos
1309 2784 1408 2826 prius
1432 2782 1478 2815 ad
1501 2788 1700 2828 protostra-
