1820 3138
300 159 413 225 442
834 176 1205 220 CANTACUZENJ

103 282 184 319 Λ-(ἶ-
203 283 287 329 ¹343
298 282 525 339 πράγματα
566 286 847 340 λογιζομένου.
913 287 1017 330 πολύ
1052 288 1132 343 γὰρ
1158 288 1318 340 μᾶλλον
1342 282 1486 338 αὖτοῖς
1513 289 1584 331 τὸν
1614 289 1732 331 πόλε-

297 366 378 403 μον
412 355 663 404 λυσιτελεῖν,
709 347 735 406 ἢ
772 350 848 406 τήν
874 352 1052 408 εἰρήνην.
1107 355 1333 406 πολεμοῦσι
1360 355 1437 407 μὲν
1462 353 1542 410 γὰρ
1571 356 1733 406 ἐξέσται

299 416 585 466 διασώζεσθαι
620 419 748 471 μέχρι
785 417 940 467 παντὸς
976 421 1048 460 καί
1075 413 1221 472 ἄρχειν
1246 420 1625 474 τῶνπραγμάτων.
1680 415 1734 462 ἂν

299 483 340 522 δ’
362 480 524 523 ἐλάσσω
546 483 739 536 γίνωνται
758 484 840 524 τῶν
868 476 1007 535 ὄντων,
1039 483 1090 524 οὕ
1117 482 1202 538 χρὴ
1231 482 1301 526 διὰ
1330 487 1452 526 τοῦτο
1484 483 1560 540 τήν
1579 486 1733 528 οἰκείαν

299 545 454 595 αὐτούς
484 550 812 603 καταπροΐεσθαι
839 551 1060 605 σωτηρίαν.
1113 549 1274 603 βέλτιον
1286 548 1367 606 γὰρ
1397 546 1546 605 ὄλίγων
1571 546 1760 606 ἄρχει-νβ

299 608 328 666 ἢ
356 614 522 654 ἐκείνων
551 613 841 666 αὐξανομένων
870 614 941 655 ὑπ’
971 610 1112 664 ἄλλοις
1139 611 1264 667 εἰναι,
1293 613 1446 666 αὐτούς
1473 617 1520 658 δὲ
1548 611 1734 670 ἀποθνή-

300 694 414 732 σκειν
452 678 622 728 ἀκλεῶς.
654 678 819 734 εἰρήνην
849 680 895 721 δὲ
921 678 1020 735 πρὸς
1048 683 1200 722 ἐκεῖνον
1224 682 1507 735 ποιουμένους,
1537 681 1612 722 οὔκ
1638 679 1732 723 ἔσθ’

254 740 377 796 Βὸ,τι
411 746 497 786 ταῖν
522 743 720 787 κινδύνων
748 745 1023 801 ἐξαιρήσεται.
1081 745 1354 799 συνεβούλευέ
1379 761 1422 787 τε
1455 748 1570 803 αὐτῷ
1601 762 1733 803 προσ-

295 811 474 862 θέμενον
514 804 640 861 αὖθις
669 808 743 852 τὸν
773 810 955 864 πόλεμον
999 812 1204 854 ἀνακινεῖν
1246 811 1318 853 καὶ
1357 809 1456 860 τούς
1499 809 1648 868 ὅρκους
1668 811 1731 853 ιῖ-

292 877 466 917 νανεοῧν
502 874 602 925 τούς
641 874 743 931 πρὸς
782 877 1011 932 ἀλλήλους,
1059 875 1285 931 λαμβάνειν
1313 893 1358 920 τε
1383 875 1460 932 τήν
1491 879 1624 919 αὐτοῦ’
1651 878 1787 918 θυ-ῐο

293 943 448 995 γατέρα
476 939 581 995 πρὸς
607 941 741 996 γάμον
787 941 860 983 καί
884 945 1002 1000 κοινῇ
1028 942 1101 984 τόν
1150 958 1195 984 τε
1235 942 1409 995 πόλεμον
1448 939 1733 995 ἀναδέχεσθαι

293 1005 367 1047 καί
404 1005 478 1061 τήν
497 1005 716 1060 Ῥωμαίων
743 1006 882 1063 ἀρχὴν
909 1007 1083 1050 ἰθύνειν.
1150 1006 1222 1050 ἐπὶ
1256 1007 1417 1056 τούτοις
1452 1006 1616 1060 ἔπειθε,
1662 1005 1734 1049 καί

294 1073 557 1127 ἐψηφίσαντο
597 1075 712 1129 κοινῇ
753 1070 828 1115 τὸν
869 1073 1065 1126 πόλεμον,
1118 1069 1283 1125 α’)’μνυόν
1327 1089 1373 1115 τε
1411 1071 1511 1121 τούς
1562 1069 1731 1128 ὅρκους,

291 1135 399 1179 ὥστε
428 1141 468 1180 Γ
467 1141 628 1191 αβαλᾶν
654 1141 733 1191 μὲν
770 1138 876 1195 πρὸς
901 1137 969 1182 τὸν
994 1138 1173 1193 πόλεμον
1201 1140 1260 1196 τῷ
1271 1137 1435 1195 μεγάλῳ
1456 1137 1734 1194 συναίρεσθαι

290 1202 432 1257 (ronne,
474 1204 546 1246 καί
571 1205 779 1260 μηδέποτε
806 1206 906 1260 περὶ
930 1203 1096 1260 εἰρήνης
1122 1204 1218 1260 μήτ’
1250 1203 1378 1247 αὐτὸν
1405 1200 1785 1258 βουλεύσεσθαι,15

159 1266 284 1316 V-479
295 1267 398 1323 μήθ’
423 1267 551 1327 ἑτέρῳ
579 1271 734 1324 λέγοντι
763 1270 1090 1326 πεισθήσεσθαι·
1144 1272 1295 1312 ἐκεῖνον
1327 1270 1374 1311 δὲ
1401 1269 1515 1326 αὐτῷ
1541 1269 1733 1311 ἐκδοῦναι

296 1332 373 1388 τήν
409 1337 649 1390 θυγατέρα,
686 1337 758 1377 καί
780 1334 881 1378 κατὰ
907 1335 1116 1391 μηδεμίαν
1143 1334 1358 1391 πρόφασιν
1386 1332 1459 1376 τὸν
1491 1333 1623 1388 γάμον
1649 1349 1731 1375 κω-

295 1402 505 1454 λυθῆναι,
560 1400 667 1443 ἄλλα
697 1397 775 1442 κᾶν
804 1400 887 1443 ’ὑπὸ
915 1403 990 1457 τῆς
1016 1400 1133 1458 ἱερᾶς
1157 1399 1281 1443 νόσου
1309 1399 1362 1442 τὰ
1390 1393 1497 1453 μέλη
1525 1400 1731 1454 διαλωβη-

296 1466 377 1522 θῇ,
404 1461 482 1507 κᾶν
509 1467 713 1521 ἑπιληψία
741 1461 768 1521 ἢ
796 1469 1051 1521 μελαγχολιά
1078 1463 1106 1522 ἢ
1141 1462 1422 1520 ὄποιαδήποτε
1447 1461 1565 1514 νόσος
1591 1465 1730 1519 ἐπιγέ-

294 1547 413 1587 νηται
447 1530 583 1587 αὐτῷ,
608 1533 739 1587 μηδὲν
767 1528 873 1573 εἶναι
900 1534 982 1574 τῶν
1008 1529 1204 1574 τοιούτων
1231 1528 1405 1583 κώλυμα
1432 1531 1487 1588 τῷ
1512 1529 1645 1587 γάμῳ.
1729 1541 1783 1568 20

165 1590 288 1641 Ρ·598
403 1595 474 1650 ογ’.
527 1597 640 1638 Ἐπεὶ
682 1598 729 1639 δὲ
769 1598 842 1639 καί
879 1597 930 1640 τοὶ
967 1596 1072 1640 κατὰ
1103 1600 1142 1639 Γ
1140 1599 1302 1651 αβαλᾶν
1331 1595 1466 1653 διῴκει
1492 1590 1518 1651 ᾗ
1545 1592 1729 1648 μάλιστα

290 1660 504 1715 ἐβούλετο,
540 1660 753 1717 συστήσας
790 1665 845 1721 τῷ
887 1663 1150 1720 πατριάρχῃ,
1191 1662 1348 1716 ἔπεμπε
1385 1659 1490 1716 πρὸς
1517 1662 1726 1714 βασιλίδα.

293 1725 331 1768 οἱ
362 1728 409 1769 δὲ
437 1726 627 1777 ἐλθόντες
683 1731 828 1783 πρῶτα
853 1731 931 1782 μὲν
978 1725 1231 1784 ἀπήγγελλον
1258 1726 1355 1776 τοὺς
1391 1727 1549 1768 ἐκείνου
1581 1724 1728 1781 λόγους

249 1791 492 1847 Ββασιλίδι,
538 1791 683 1836 ἔπειτα
710 1792 1024 1850 συνεβούλευον,
1056 1794 1113 1844 ὥς
1145 1796 1284 1836 δικαία
1314 1791 1376 1848 εἴη
1404 1792 1430 1847 ἦ
1457 1793 1626 1843 ιῖξίωσις
1655 1792 1729 1834 καὶ

289 1900 478 1932 tiocinari:
511 1898 617 1945 longe
642 1901 739 1933 enim
764 1901 918 1946 amplius
946 1900 1086 1934 bellum
1117 1900 1208 1945 ipsis
1254 1909 1362 1944 quam
1403 1908 1543 1943 pacem,
1565 1908 1726 1942 cqmmo-

291 1945 470 1983 daturum,
536 1947 626 1981 Nam
660 1947 690 1979 si
729 1947 867 1981 bellum
902 1951 1048 1991 gerant,
1086 1947 1201 1980 salvos
1237 1956 1375 1989 semper
1417 1950 1454 1978 et
1483 1945 1725 1989 imperaturos

289 1991 379 2025 sore.
451 1994 593 2040 Quodsi
627 1994 674 2027 ob
721 1994 760 2025 id
796 1995 941 2038 imperii
970 1993 1261 2026 imminutionem
1296 1991 1502 2036 patiantur,
1540 2001 1614 2024 non
1639 1991 1724 2024 ideo

290 2039 444 2072 salutem
486 2040 756 2086 negligendam,
800 2039 1095 2085 quandoquidem
1130 2039 1242 2072 satius
1278 2038 1326 2071 sit
1364 2039 1543 2082 imperare
1584 2037 1723 2081 paucis,

290 2096 401 2131 quam
440 2098 482 2120 eo
521 2087 739 2132 amplificato
771 2088 918 2119 subesse
954 2087 1035 2119 aliis
1060 2091 1097 2119 et
1130 2085 1282 2129 ingloria
1307 2089 1422 2117 morte
1449 2083 1608 2129 defungi.
1657 2084 1723 2117 Et-

291 2133 389 2165 enim
415 2133 444 2164 si
470 2144 594 2178 pacem
619 2144 697 2166 cum
722 2133 787 2166 illo
811 2133 1062 2177 paciscantur,
1085 2143 1158 2166 non
1184 2142 1258 2164 esse
1284 2130 1383 2176 quod
1406 2130 1489 2163 illos
1515 2142 1535 2163 a
1559 2130 1721 2175 periculo

289 2183 387 2211 tutos
412 2186 571 2224 praestet
596 2184 633 2213 et
657 2179 868 2213 incolumes.
917 2178 1137 2212 Hortabatur
1162 2178 1287 2222 itaque
1311 2177 1511 2216 Gabalam‚
1539 2186 1576 2209 se
1601 2175 1724 2210 denuo

290 2234 410 2258 secum
435 2226 686 2271 coniungeret,
712 2225 845 2258 bellum
871 2226 1100 2259 resuscitaret
1121 2229 1157 2257 et
1181 2228 1343 2256 mutuum
1378 2227 1635 2256 sacramentum
1659 2234 1722 2257 re·

290 2277 460 2314 novaret;
487 2273 599 2305 filiam
627 2272 704 2304 eius
732 2281 877 2304 uxorem
906 2271 1071 2312 duceret3
1098 2270 1233 2314 pariter
1251 2269 1296 2302 ad
1311 2269 1447 2302 bellum
1470 2270 1723 2303 incumberent

292 2321 330 2350 et
359 2318 556 2364 R‘omanum
591 2318 782 2362 imperium
819 2317 1122 2351 administrarent.
1182 2316 1244 2349 His
1277 2314 1395 2349 verbis
1430 2316 1536 2349 illum
1563 2315 1724 2349 irretivit

292 2368 330 2396 et
365 2364 591 2398 concorditer
616 2364 752 2397 bellum
778 2363 1022 2398 decreverunt.
1080 2361 1254 2396 Iurabant
1279 2367 1419 2402 autem,
1451 2362 1610 2397 Gabalas
1635 2362 1719 2407 qui-

290 2409 385 2450 dem,
409 2410 456 2442 ad
482 2411 619 2444 bellum
643 2421 771 2456 magno
797 2410 879 2443 duci
906 2420 1009 2455 opem
1031 2409 1189 2442 laturum
1206 2414 1243 2442 et
1263 2408 1307 2441 de
1335 2419 1421 2453 pace
1444 2419 1512 2442 nec
1535 2419 1572 2442 se
1595 2408 1721 2453 aliquo

289 2455 397 2488 modo
423 2460 684 2502 cogitaturum,
707 2468 774 2490 nec
798 2456 879 2490 aliis
903 2456 948 2489 de
977 2466 1019 2488 ea
1043 2454 1304 2488 disserentibus
1326 2465 1570 2497 assensurum3
1617 2454 1719 2499 Apo-

285 2502 442 2535 cauchas
466 2514 570 2543 vero,
596 2503 707 2535 filiam
734 2503 766 2536 ei
795 2512 941 2535 uxorem
966 2501 1145 2542 daturum,
1169 2502 1344 2546 nulloque
1365 2507 1553 2546 praetextu
1572 2501 1719 2546 nuptias

285 2547 501 2590 impeditum
535 2550 603 2589 iri,
647 2550 807 2594 quamvis
847 2559 944 2582 sacer
986 2548 1132 2581 morbus
1165 2548 1325 2581 membra
1362 2547 1612 2591 depasceretur
1653 2552 1719 2580 aut

285 2593 462 2638 epilepsia
493 2600 557 2628 aut
593 2595 734 2630 insania
766 2599 829 2629 aut
859 2594 1120 2640 qualecumque
1146 2593 1288 2627 demum
1320 2593 1580 2629 invaletudinis
1606 2604 1720 2638 genus

285 2649 324 2672 se
348 2639 545 2679 invaderet,

381 2689 435 2730 73.
487 2688 532 2720 Ut
565 2698 642 2721 cum
678 2687 818 2722 Gabala
857 2697 1002 2733 quoque
1038 2697 1093 2720 res
1129 2687 1162 2719 ei
1208 2685 1253 2718 ad
1288 2687 1508 2720 voluntatem
1534 2685 1716 2724 successit,

291 2742 373 2765 cum
399 2733 623 2775 patriarchae
652 2733 880 2770 commendat
903 2733 1098 2778 ambosque
1121 2732 1165 2765 ad
1193 2733 1458 2777 imperatricem
1482 2731 1604 2765 mittit.
1641 2730 1717 2775 Qui

290 2777 444 2825 primum
469 2779 578 2814 verba
605 2780 807 2825 Apocauchi
834 2780 1015 2820 referunt,
1039 2789 1223 2827 mundrein
1249 2779 1379 2814 iustam
1405 2779 1450 2816 ab
1477 2778 1603 2814 eodem
1637 2779 1716 2825 peti
