1812 3132
297 184 317 221 ι
337 184 355 221 1
371 186 400 222 2
822 164 1192 226 CANTAbUzENI

92 289 270 335 A.c.1341
288 285 338 341 δὴ
370 280 453 327 οὔτ’
483 283 580 338 ἐμοὶ
609 284 774 340 πρῶτον
785 317 797 337 ,
844 279 927 327 οὔτ’
955 287 1124 334 ἐκείνοις
1154 283 1296 338 οἴομαι
1324 289 1560 328 λυσιτελεῖν.
1620 281 1724 330 ἀλλὰ

291 354 385 394 δέον
411 349 513 406 πρὸς
541 356 626 399 τοῖς
655 347 785 391 ἔτεσιν
804 381 816 403 ,
845 345 905 399 οἷς
933 350 1162 406 εἴργονται,
1192 351 1265 392 καί
1293 350 1430 405 ὅλίγον
1456 350 1549 392 τινά
1577 351 1728 407 χρόνον

290 417 641 472 διακαρτερῆσαι,
671 415 817 470 καίπερ
847 411 1121 468 ἀνιωμένους,
1153 411 1277 471 όίχρις
1317 411 1369 457 ἂν
1405 419 1508 457 θεοῦ
1546 417 1729 467 διδόντος

291 480 484 537 ἐπανήξω
517 483 587 536 τῆς
607 481 835 536 στρατείας.
876 480 968 523 τότε
998 483 1043 523 δὲ
1071 485 1143 536 τῆς
1170 483 1387 535 βασιλίδος
1412 481 1576 536 δεηθείς
1604 482 1730 532 αὐτὸς

290 547 395 603 ὑπὲρ
427 548 594 589 ἐκείνων
623 547 718 598 καί,
761 546 800 586 εἰ
835 547 947 596 δέοι,
988 545 1061 588 καί
1101 545 1250 601 ἐγγύας
1278 546 1532 601 παρασχών,
1578 550 1656 589 τοῦ
1684 551 1756 593 τεό

257 611 584 667 Βδεσμωτηρίου
630 610 935 666 παρασκευάσω
974 614 1155 662 ἐξελθεῖν
1191 611 1264 654 καί
1297 611 1401 667 πρὸς
1436 611 1509 668 τὴν
1548 612 1730 666 α’ρχαίαν

290 676 560 731 εὐδαιμονίαν
585 675 840 732 πειράσομαι
869 675 1107 730 ἐπανάγειν.
1137 677 1232 719 νυνὶ
1258 679 1303 719 δὲ
1325 678 1399 732 τῆς
1426 679 1621 732 στρατιᾶς
1648 673 1728 732 ἤδη

290 743 685 799 παρεσκευασμένης
713 738 838 796 οιῖἷσης
867 740 968 796 πρὸς
993 741 1069 796 τήν
1096 740 1261 794 ἔξοδον,
1292 743 1342 783 οὕ
1361 741 1490 798 σχολή
1520 743 1619 799 περὶ
1642 758 1728 784 τοι-

292 811 400 850 αῦτα
428 807 683 864 διατρίβειν,
713 807 871 863 χρόνου
902 804 1077 860 δεόμενα
1105 806 1207 863 πρὸς
1233 807 1308 862 την
1334 808 1603 862 κατασκευήν.
1641 809 1748 859 ἀλλ’,

290 874 533 928 ἐπειγόντων
561 875 642 916 τῶν
668 870 948 926 πραγμάτων,
988 875 1064 914 νῦν
1100 875 1178 924 μὲν
1219 872 1320 914 κατὰ
1348 872 1549 929 πάροδον,
1589 870 1784 929 ὥσπεριο

290 942 364 981 καί
389 937 585 993 πρότερον
613 937 833 990 πολλάκις,
863 936 970 992 πρὸς
999 937 1152 988 αὐτούς
1191 938 1546 993 παραγενόμενος,
1576 935 1626 980 οὗ
1651 955 1730 980 πα-

293 1004 597 1060 ραμυθήσομαι
622 1001 750 1056 μόνον
780 1002 849 1044 διὰ
879 1001 952 1057 τήν
980 1004 1203 1058 ἐπιδημίαν
1239 1003 1314 1044 καί
1338 1003 1536 1060 προνοίας
1564 1003 1729 1055 ιίξιιόσω

290 1071 362 1125 τῆς
392 1068 588 1124 δεούσης,
632 1067 739 1111 ἄλλα
769 1069 841 1110 καί
875 1070 1163 1124 χρηστοτέρων
1191 1067 1388 1123 ἐμπλήσω
1417 1072 1500 1111 τῶν
1526 1070 1730 1121 ἐλπίδων,

291 1134 366 1190 τὴν
393 1137 640 1190 ἐλευθερίαν
668 1136 750 1177 τῶν
780 1137 942 1187 δεσμῶν
984 1133 1327 1188 ἐπαγγειλάμενος
1361 1133 1556 1187 βεβαίως.
1611 1131 1634 1175 ὃ
1661 1133 1734 1176 καὶ

158 1199 365 1243 V-328vdv
405 1199 560 1254 μεταξὺ
600 1198 755 1255 χρόνον
795 1201 935 1248 αὐτοῖς
963 1197 1256 1256 ἀνεκτότερον,
1286 1199 1314 1254 ἢ
1341 1197 1544 1255 πρότερον
1571 1199 1785 1256 ἧμέραςι5

250 1263 456 1321 ῦποιήσει
486 1265 693 1322 διάστημα
724 1267 863 1319 μιᾶς.”
923 1265 947 1306 ὅ
986 1268 1063 1318 μὲν
1091 1261 1164 1307 οὖν
1192 1261 1333 1319 ἠγάπα
1359 1267 1404 1308 τὲ
1441 1270 1532 1313 ταῖς
1559 1266 1732 1319 ἐπαγγε-

291 1333 402 1382 λίαις
431 1334 504 1374 καί
527 1331 703 1388 χάριτας
730 1327 823 1388 ᾔδει
852 1330 1007 1380 πολλάς
1035 1331 1138 1386 ὑπὲρ
1171 1332 1324 1376 αὐτῶν.

404 1397 470 1452 ιη’.
503 1394 891 1453 Παρακοιμιόμειός
918 1397 963 1438 δὲ
993 1395 1266 1449 αἰσθόμενος,
1303 1391 1388 1444 οἷος
1416 1388 1467 1449 ἦν
1497 1396 1650 1443 ἐκεῖνος
1677 1393 1731 1436 τὰ

292 1465 463 1507 τοιαῦτα
485 1465 659 1520 ἐρευνᾷν
672 1497 684 1516 ,
715 1464 789 1503 καί
815 1461 1058 1518 προσελθών
1077 1459 1236 1518 Ἀσάνῃ
1251 1495 1263 1514 ,
1285 1463 1427 1516 πρῶτα
1441 1462 1518 1513 μὲν
1540 1458 1732 1501 δουλείαν

293 1529 478 1586 α’ρχαίαν
515 1526 747 1582 ὡμολόγει,
785 1530 858 1569 καί
901 1529 1008 1582 μηδὲ
1047 1526 1124 1581 τήν
1151 1529 1306 1582 τύχην,
1351 1528 1394 1568 ἐν
1432 1520 1459 1582 ᾗ
1497 1527 1785 1580 καθέστηκε2ο

293 1597 388 1638 νυνί
406 1627 418 1649 ,
459 1595 532 1649 τῆς
573 1593 672 1649 πρίν
717 1589 925 1641 εὐτελείας
953 1595 1226 1647 ἐπιλελῆσθαι
1254 1599 1395 1634 πεῖσαι
1426 1593 1733 1644 διεβεβαιοῦτο,

245 1662 384 1703 Βᾶλλ’
417 1656 549 1708 οὕτως
576 1658 739 1701 οἴεσθαι
769 1656 897 1700 αὖτόν
929 1655 998 1701 οἶα
1032 1656 1082 1712 δὴ
1118 1660 1189 1699 ἕνα
1230 1659 1314 1698 τῶν
1345 1657 1500 1699 ἐκείνου
1540 1658 1734 1709 οἰκετῶν,

293 1725 367 1768 καί
391 1723 467 1781 τὴν
495 1723 788 1781 προσήκουσαν
818 1718 983 1766 εὔνοιαν
1024 1723 1173 1780 ἀγαθῷ
1219 1721 1396 1780 δεσπότῃ
1443 1721 1556 1778 παρὰ
1597 1719 1732 1780 δούλῳ

386 1832 441 1866 23.
471 1830 617 1866 δούλων
641 1832 676 1865 P.

293 1941 404 1989 Quod
431 1952 498 1975 nec
521 1941 637 1982 mihi,
673 1950 741 1974 nec
772 1941 845 1974 illis
882 1940 1112 1985 profuturum
1139 1939 1316 1973 existimo.
1364 1939 1420 1972 Ad
1457 1949 1569 1973 annos
1600 1940 1736 1982 igitur,

293 1989 427 2035 quibus
453 1989 492 2021 in
521 1998 662 2021 carcere
688 1992 792 2027 sunt,
827 1986 944 2019 adhuc
969 1986 1075 2019 breve
1100 1991 1263 2029 tempus,
1298 1996 1516 2031 quamquam
1550 1985 1733 2027 dolentes,

291 2036 510 2080 perdurent,
538 2035 655 2068 donec
681 2034 804 2066 divino
828 2044 976 2066 munere
1008 2033 1052 2065 ab
1079 2032 1309 2077 expeditione
1334 2033 1486 2065 rediero.
1536 2033 1628 2065 Tum
1654 2033 1733 2076 ipse

292 2083 557 2126 imperatricem
583 2091 705 2113 eorum
736 2079 883 2112 nomine
906 2085 1091 2124 precatus,
1120 2080 1246 2118 etiam,
1271 2079 1301 2110 si
1326 2089 1416 2123 opus
1442 2079 1533 2118 crit,
1558 2084 1732 2123 concepto

292 2127 499 2161 vadimonio
517 2150 528 2165 ,
557 2126 600 2159 de
630 2126 794 2159 custodia
820 2127 917 2158 exire
940 2125 1068 2158 faciam
1085 2149 1095 2164 ,
1127 2130 1163 2158 et
1188 2125 1225 2157 ln
1249 2131 1404 2159 veterem
1432 2135 1492 2158 eos
1517 2124 1733 2169 dignitatem

293 2176 548 2219 fortunamque
577 2172 733 2206 conabor
757 2182 926 2204 asserere.
975 2171 1081 2204 Nune
1107 2172 1277 2216 quoniam
1316 2171 1361 2203 ad
1397 2172 1467 2203 iter
1497 2177 1643 2215 paratus
1678 2176 1734 2204 est

294 2222 496 2262 exercitus,
535 2218 591 2252 his
617 2217 830 2251 immorandi
863 2229 936 2250 non
962 2223 1015 2250 est
1040 2218 1178 2251 otium:
1215 2228 1306 2261 quae
1343 2222 1384 2250 ut
1418 2219 1527 2257 fiant,
1569 2223 1732 2262 tempore

294 2267 469 2312 indigent.
519 2265 590 2299 Sed
615 2264 700 2310 quia
725 2264 907 2308 negotium
933 2269 1054 2307 urget,
1086 2274 1181 2296 nunc
1208 2264 1244 2295 in
1272 2264 1448 2304 transitu,
1475 2268 1517 2296 ut
1541 2264 1630 2296 alias
1654 2275 1732 2296 sae-

292 2325 360 2360 pe,
385 2316 482 2358 ipsos
507 2311 638 2353 adibo,
663 2321 729 2342 nec
751 2310 955 2354 praesentia
981 2310 1095 2342 solum
1125 2320 1203 2343 mea
1227 2310 1440 2343 consolabor
1463 2315 1496 2343 et
1523 2309 1733 2343 necessitati

294 2371 413 2393 rerum
439 2358 647 2398 consulam,
669 2368 793 2391 verum
819 2358 928 2389 etiam
956 2356 1051 2389 laeta
1081 2366 1143 2400 spe
1169 2355 1351 2400 implebo,
1377 2356 1603 2390 vinculorum
1633 2357 1732 2389 solu-

294 2407 434 2439 tionem
474 2405 645 2438 affirmate
684 2403 906 2447 promittens
968 2402 1075 2445 Quod
1118 2402 1264 2447 quidem
1296 2403 1370 2435 illis
1402 2402 1471 2436 hoc
1501 2402 1732 2435 intervallum

294 2451 548 2492 tolerabilius,
584 2460 688 2496 quam
721 2450 818 2494 prius
857 2449 913 2481 vel
942 2450 1048 2481 unius
1080 2447 1154 2481 diei
1178 2449 1335 2492 spatium
1359 2449 1496 2483 reddet.
1545 2449 1610 2483 His
1642 2458 1732 2494 pro-

297 2498 414 2531 missis
441 2502 658 2537 contentus,
680 2497 812 2529 Asanes
840 2495 968 2538 gratias
992 2495 1155 2538 ingentes
1187 2496 1267 2539 egit.

394 2545 443 2578 18.
494 2543 664 2576 Cubiculi
688 2541 890 2587 praefectus
927 2552 1006 2574 cum
1042 2541 1132 2574 haec
1166 2541 1406 2574 intellexisset
1443 2541 1539 2585 (erat
1565 2541 1658 2574 enim
1690 2541 1731 2575 in

295 2591 353 2625 his
384 2589 594 2635 indagandis
637 2588 803 2633 impiger)
834 2598 911 2620 cum
946 2587 1061 2620 Asane
1097 2587 1337 2633 congreditur.
1394 2587 1547 2620 Primum
1583 2586 1730 2632 quidem

298 2648 336 2670 se
372 2637 458 2669 olim
495 2636 573 2669 eius
610 2636 721 2668 fuisse
754 2644 892 2667 servum
927 2633 1140 2667 confitetur:
1190 2644 1256 2666 nec
1290 2634 1468 2666 fortunam
1505 2638 1734 2677 praesentem*

297 2682 513 2717 abiectionis
539 2692 624 2714 suae
650 2682 780 2725 prioris
809 2681 1016 2713 memoriam
1041 2680 1111 2712 sibi
1139 2680 1331 2713 abstulisse
1356 2685 1548 2718 asseverat,
1586 2679 1648 2711 sed
1673 2690 1731 2712 se-

298 2733 372 2762 met
405 2738 592 2761 numerare
629 2728 667 2767 in
705 2727 849 2760 famulis
880 2727 982 2766 eius,
1022 2737 1190 2772 quaeque
1224 2738 1287 2771 par
1318 2732 1372 2759 est
1404 2725 1501 2760 bono
1537 2725 1683 2758 domino
1703 2735 1730 2757 ,a

300 2785 400 2813 servo
425 2779 551 2820 parata
575 2785 651 2809 esse
683 2773 822 2816 studia,
858 2772 983 2808 eadem
1007 2783 1044 2806 se
1068 2773 1145 2814 illi,
1181 2774 1211 2806 si
1237 2785 1292 2807 res
1318 2773 1498 2816 exegerit,
1536 2770 1732 2817 praestitu-
