1800 3138
498 193 874 237 HlSTORlARUM
914 195 986 234 ΠΙ.
1018 196 1084 238 31.
1405 187 1500 242 191

74 302 254 343 πεύοντα
284 295 519 343 Θεσσαλίας
546 295 620 334 καί
644 290 886 346 Συναδηνόν
923 291 993 332 τὸν
1023 289 1374 343 πρωτοστράτορα
1405 287 1701 342 Θεσ-Δ.(Σ.134ι

75 366 295 419 σαλονίκης
319 363 414 405 τότε
453 355 636 414 ἄρχοντα
665 360 738 399 καί
763 356 930 411 Συργὴν
958 357 1261 406 Ντελενουζιάν
1287 352 1359 396 τὸν
1386 356 1511 406 βασι-

74 435 179 480 λέως
212 427 476 483 Ἀνδρονίκου
499 423 691 476 α’νεψιὸν,
721 421 796 464 τὸν
829 421 1012 475 Κύπρου
1043 419 1170 476 ῥηγὸς
1196 418 1317 472 υἱὸν,
1366 419 1515 473 Φερῶν

75 495 148 538 καὶ
174 493 301 537 αὐτὸν
328 485 593 547 ἄρχοντα,οὗ
620 491 694 531 καί
719 487 796 543 τήν
822 489 1049 540 θυγατέρα,
1078 489 1153 527 τοῦ
1178 487 1383 539 βασιλέως
1403 479 1634 527 Ἀν-.Ρ·45ι

49 560 268 618 5δρονίκου
293 556 506 613 περιόντος
533 554 619 607 ἔτι,
650 558 709 612 τῷ
735 554 814 610 υἱῷ
834 551 1046 606 Μανουηλ
1076 549 1096 593 ὃ
1121 551 1214 592 τότε
1239 552 1370 604 μέγας
1390 549 1517 603 δομέ-

76 642 216 674 στικος
247 622 528 678 κατηγγύησε,
558 621 786 676 πρεσβείαν
812 621 1030 674 πέπομφεν
1059 616 1080 658 ὁ
1112 614 1338 670 βασιλευς,
1378 615 1516 664 αἰτίας

75 689 229 734 ἑαυτὸν
257 689 329 730 ἐπὶ
353 693 440 736 τοῖς
469 687 748 741 γεγενημένοις
776 682 996 734 ἀπολύων,
1037 681 1094 732 ὥς
1124 681 1199 722 οὐκ
1227 678 1310 722 ἀπὸ
1350 679 1517 736 γνώμης

76 753 301 808 ἐπιβούλου
330 755 403 794 καί
428 754 611 806 πονηρᾶς
628 784 642 804 ,
688 750 777 790 οὐδ’
804 747 1010 804 ἐπιθυμίᾳ
1050 750 1175 801 τιμῆς
1201 746 1418 800 βασιλικῆς
1459 742 1529 786 τά-

76 822 252 862 τοιαῧτα
290 818 608 871 νεωτερισθείη,
652 815 741 856 ἀλλ’
774 811 855 855 ὑπὸ
883 815 966 854 ταῖν
992 814 1039 854 έν
1075 813 1298 868 Βυζαντίῳ
1337 808 1528 863 πόλεμον.

29 883 311 940 ιοιίκήρυκτον
338 880 629 936 ἐξενεγκάντων
661 883 750 921 κατ’
777 881 911 920 αὐτοῦ
925 911 937 932 ,
967 879 1040 919 καί
1063 872 1176 918 ιῖκων
1193 878 1253 925 εἷς
1268 878 1402 918 ταῦτα
1429 874 1519 926 ἐξε-

77 952 317 1005 νηνεγμένος
335 965 347 977 ·
382 945 481 989 ὅθεν
507 946 580 987 καὶ
602 948 684 987 τῶν
712 943 967 999 πραγμάτων
1004 940 1272 996 ἐπειγόντων,
1310 940 1384 983 καί
1419 938 1519 994 πρὶν

78 1015 220 1063 αὐτοῖς
258 1010 543 1055 κοινώσασθαι
570 1009 647 1065 την
674 1009 862 1065 γνώμην,
909 1008 938 1049 ἂ
965 1008 1076 1064 αὐτῷ
1118 1022 1164 1048 τε
1192 1005 1264 1048 καὶ
1299 1008 1404 1049 πᾶσι
1431 1011 1516 1054 τοῖς

78 1081 253 1122 συνοῦσι
286 1082 513 1120 λυσιτελεῖν
540 1074 676 1117 ἐδόκει
706 1072 1075 1129 καταπεπράχθαι.
1130 1073 1247 1128 η’ξίου
1278 1087 1322 1114 τε
1348 1071 1407 1127 μή
1439 1070 1657 1124 dui-vem

78 1147 132 1187 τὰ
170 1146 347 1186 τοιαῦτα
388 1143 680 1196 δυσχεραίνειν
717 1138 774 1189 ὦς
812 1142 1145 1194 περιοφθέντας,
1183 1134 1274 1180 ἀλλ’
1301 1136 1345 1179 εἴ
1365 1153 1408 1179 τι
1447 1136 1553 1180 καί-Β

32 1212 163 1256 ιότῶν
193 1209 250 1264 μὴ
283 1206 459 1251 δεόντων
485 1209 668 1261 γένοιτο,
711 1205 870 1263 ἀνάγκῃ
899 1207 981 1246 τῶν
1015 1203 1274 1258 πραγμάτων
1301 1205 1522 1259 προσλογί-

81 1277 244 1326 ζεσθαι.
297 1272 479 1328 ἔπαρχος
519 1274 598 1325 μὲν
636 1268 712 1313 οὖν
738 1266 832 1312 οὔτε
858 1270 935 1325 τὴν
965 1271 1191 1324 πρεσβείαν
1220 1271 1523 1326 προσεδέξατο,

81 1337 171 1382 οὔτ’
199 1341 329 1388 εὐθὺς
356 1337 463 1393 πρὸς
490 1336 672 1390 πόλεμον
700 1337 896 1392 ἐκινήθη,
927 1334 1035 1378 ἀλλὰ
1065 1334 1142 1390 την
1162 1334 1379 1377 κοινωνίαν
1396 1333 1523 1388 μόνον

81 1405 350 1461 ἀπηγόρευεν.
406 1402 560 1456 ὁμοίως
598 1405 644 1445 δὲ
673 1402 745 1443 καί
772 1399 1105 1457 πρωτοστράτωρ
1140 1399 1299 1456 πολλὴν
1340 1404 1417 1443 ’τοῦ
1443 1404 1522 1454 βα-

83 1474 230 1519 σιλέως
277 1468 570 1524 ἀμνημοσύνην
610 1470 691 1510 τῶν
741 1469 876 1523 φίλων
907 1464 1151 1521 κατηγόρει,
1198 1463 1260 1508 ὅτι
1300 1466 1351 1521 δὴ
1392 1463 1523 1508 αὐτὸν

33 1535 242 1590 2οπολλὴν
270 1538 341 1589 τῆς
362 1537 422 1585 εἷς
449 1535 602 1575 ἐκεῖνον
622 1529 784 1582 εὐνοίας
813 1535 858 1574 ἐκ
886 1535 1050 1574 πολλῶν
1078 1535 1181 1574 ἐτῶν
1201 1532 1415 1582 ἀπόδειξιν
1431 1534 1522 1574 ἐπι-

82 1604 367 1655 δεδειγμένον,
398 1597 456 1648 αῗς
481 1614 572 1639 τινα
603 1600 686 1639 τῶν
712 1600 875 1639 πολλῶν
897 1594 1034 1651 ὄλίγον
1055 1599 1307 1653 διαφέροντα
1325 1598 1522 1652 περιεῖδε,

82 1668 154 1708 καί
180 1669 313 1708 ταῦτα
339 1662 540 1712 τοιούτοις
565 1665 727 1715 μέλλων
766 1665 982 1717 ἐγχειρεῖν.
1038 1660 1163 1704 οὐδὲν
1203 1665 1346 1715 μέντοι
1387 1659 1525 1703 δεινὸν

81 1730 272 1785 εἴργαστο
312 1729 386 1771 τὸν
420 1728 700 1785 πρεσβευτὴν,
743 1724 834 1769 ἀλλ’
865 1729 1051 1769 ἐκέλευεν
1083 1722 1211 1776 αὖθις
1248 1726 1523 1782 ἀναστρέφειν

83 1795 185 1852 πρὸς
213 1795 282 1838 τὸν
308 1797 549 1848 πέμψαντα.
577 1792 741 1849 Συργὴς
774 1795 820 1835 δὲ
851 1793 934 1834 εἴτε
963 1795 1035 1834 καί
1063 1793 1108 1834 ἐκ
1126 1789 1384 1849 προφάσειός
1411 1807 1524 1841 τινος

86 1960 272 1989 stratorem
307 1952 559 1997 Synadenum‚
598 1951 876 1986 Thessalonicae
911 1958 986 1986 tum
1021 1953 1270 1998 praefectum,
1305 1958 1342 1987 et
1375 1953 1522 1998 Syrgem

84 2001 358 2037 Ntelenuziam,
386 2000 613 2044 imperatoris
637 1998 834 2032 Andronici
867 2000 1146 2041 consobrinum,
1179 1999 1393 2045 Cypriorum
1427 2001 1522 2044 regis

88 2048 220 2088 filium,
245 2046 435 2080 Pherarum
459 2050 497 2079 et
519 2046 636 2090 ipsum
659 2046 900 2091 praesectum,
927 2049 1029 2080 cuius
1057 2048 1164 2079 etiam
1189 2047 1314 2087 filiam,
1327 2047 1523 2092 superstite

86 2094 206 2128 adhuc
242 2095 472 2138 imperatore,
495 2091 661 2126 Mauueli
695 2092 770 2125 filio
799 2103 945 2135 magnus
973 2097 1050 2125 tum
1075 2094 1292 2127 domesticus
1317 2092 1525 2137 desponde-

87 2146 163 2180 rat,
191 2141 326 2184 legatos
350 2140 545 2184 imperator
568 2138 689 2178 misit,
715 2138 852 2182 culpam
877 2139 1052 2173 factorum
1088 2151 1108 2172 a
1139 2151 1177 2173 se
1209 2149 1416 2180 removens,
1451 2139 1522 2172 ista

87 2187 228 2220 scilicet
258 2196 331 2219 non
361 2185 538 2218 insidiose
578 2189 616 2218 et
642 2185 796 2230 maligna
824 2191 968 2226 mente,
1007 2195 1074 2218 nec
1097 2185 1298 2230 cupiditate
1322 2185 1523 2219 maiestatis

85 2233 339 2278 imperatoriae
376 2231 566 2270 molitum,
602 2230 666 2264 sed
700 2235 847 2276 propter
881 2233 1120 2276 Byzantinos,
1156 2232 1291 2265 bellum
1325 2243 1398 2265 non
1437 2237 1524 2265 ante

89 2278 340 2313 denuntiatum
366 2277 437 2310 sibi
462 2276 757 2317 inferentes,huc
780 2287 818 2310 se
843 2278 1086 2323 compulsum,
1121 2284 1158 2311 et
1186 2277 1292 2312 rebus
1317 2278 1368 2311 ita
1394 2283 1525 2323 postu-

88 2326 270 2364 lantibus,
295 2329 487 2369 antequam
513 2334 593 2356 cum
618 2323 705 2367 ipsis
730 2328 851 2370 posset
882 2326 1145 2358 communicare
1179 2324 1390 2364 consilium,
1455 2333 1523 2357 uae

88 2373 165 2405 visa
190 2375 310 2404 essent
334 2369 406 2403 sibi
433 2374 472 2402 et
490 2369 597 2403 sociis
626 2370 794 2403 omnibus
823 2370 1037 2411 conducere,
1062 2371 1226 2404 confecta
1251 2379 1345 2412 esse3
1376 2380 1438 2403 ora
1466 2374 1523 2403 nt·-

90 2429 181 2465 que,
212 2429 258 2450 ne
296 2415 429 2449 idcirco
453 2416 557 2461 quasi
593 2414 751 2460 despecti
788 2417 1083 2461 indignarentur,
1118 2416 1181 2449 sed
1209 2415 1239 2448 si
1265 2415 1355 2461 quid
1377 2416 1522 2456 factum,

91 2465 188 2510 quod
215 2464 346 2496 sactum
371 2472 443 2494 non
469 2463 712 2506 oportuisset,
735 2473 854 2496 rerum
879 2464 1085 2497 necessitati
1114 2462 1369 2496 adscriberent.
1417 2462 1523 2496 Prae-

90 2517 149 2544 tor
187 2510 296 2555 igitur
327 2519 394 2541 nec
434 2507 650 2552 legationem
683 2508 858 2551 admisit,
892 2521 960 2544 nec
992 2509 1036 2543 ad
1071 2509 1209 2542 bellum
1234 2509 1424 2554 prorupit3
1459 2508 1525 2542 sed

92 2557 381 2590 communionem
404 2555 651 2588 tantummodo
676 2557 866 2591 recusavit.
913 2555 1064 2591 Perinde
1088 2559 1325 2600 protostrator
1366 2555 1524 2599 impera-

91 2609 207 2636 torem
235 2608 276 2634 ut
297 2602 494 2634 amicorum
518 2599 623 2635 valde
649 2601 894 2636 immemorem
931 2601 1190 2640 insimulabat,
1223 2600 1320 2646 quod
1350 2601 1524 2634 nimirum

94 2659 154 2689 se,
193 2648 255 2693 qui
286 2653 357 2680 tam
394 2645 514 2679 multis
546 2647 649 2680 annis
686 2652 822 2681 tautam
859 2649 893 2682 ei
927 2648 1216 2681 benevolentiam
1253 2652 1446 2688 navasset,
1482 2653 1523 2681 ut

95 2695 298 2740 quempiam
324 2704 453 2738 paene,
465 2693 646 2738 vulgarem
671 2704 713 2726 ac
746 2694 931 2738 plebeium
969 2694 1265 2738 contempsisset,
1297 2693 1410 2738 idque
1442 2705 1522 2727 cum

94 2751 170 2773 rem
195 2746 265 2773 tam
291 2739 435 2773 arduam
463 2738 718 2783 meditaretur3
761 2740 854 2773 nihil
890 2747 1010 2774 tamen
1037 2741 1155 2783 legato
1191 2739 1278 2772 fecit
1310 2739 1420 2780 mali,
1451 2740 1523 2773 nisi

95 2786 195 2832 quod
216 2797 300 2821 mox
324 2785 370 2819 ad
393 2786 580 2820 dominum
603 2795 707 2819 suum
730 2788 860 2822 reverti
887 2783 1001 2820 iussit.
1066 2787 1113 2820 At
1137 2786 1264 2831 Syrges
1289 2787 1363 2821 sive
1388 2797 1432 2820 ex
1455 2797 1521 2819 an-
