1820 3152
514 175 891 219 His‘romARuM
932 178 1003 217 111.
1030 178 1100 225 93.
1366 200 1371 207 ,
1406 153 1510 229 571

82 279 346 333 μοσαμένους
371 276 416 320 τὸ
447 274 662 331 βάπτισμα
690 275 760 318 διὰ
791 274 867 331 τήν
895 274 1054 318 ἐκείνου
1083 275 1322 317 κοινωνίαν·
1353 271 1451 322 τούς
1475 281 1611 315 τεΑ.Ο.
1631 281 1717 327 1346

82 347 310 401 παριόντας
337 345 526 387 ἐκέλευον
552 340 751 399 ἄργύριον
779 340 899 399 ῥητὸν
927 342 1233 384 κατατίθεσθαι
1259 341 1319 390 εἷς
1335 338 1412 396 την
1431 336 1525 396 ἑορ-

82 408 170 467 τήν.
221 410 295 453 καὶ
332 405 385 464 ἦν
423 410 581 464 α’νάγκη
609 406 805 464 πράττειν
833 408 938 450 κατὰ
966 407 1012 449 τὸ
1041 406 1208 449 ἐκείνων
1235 407 1468 459 κέλευσμα,
1495 399 1654 460 ἢν.538

81 474 392 520 ὑποπτεύεσθαι
421 471 574 517 αὕτίκα
602 470 679 528 ἦν,
726 474 783 523 ὥς
822 472 873 515 τὰ
911 474 1270 528 Καντακουζηνοῧ
1297 473 1373 514 τοῦ
1402 475 1564 526 βασι-Β

59 545 188 592 5λέως
222 542 428 600 ᾑρημένον
452 539 542 595 ,καὶ
583 539 822 594 ἀχθόμενον
859 538 965 595 πρὸς
992 538 1070 594 τὴν
1106 537 1365 594 ἐρεσχελίαν.
1419 535 1527 591 μετὰ

83 610 204 650 τοῦτο
231 608 277 649 δὲ
306 604 531 661 μεθύοντες
559 608 604 648 ἐν
632 606 898 661 καπηλείοις,
939 606 1012 646 καί
1048 604 1100 647 τοὶ
1131 600 1238 646 ἄλλα
1270 605 1529 658 ἑξωρχοόντο

83 675 164 716 τῶν
194 674 464 728 Χριστιανῶν
501 669 738 728 μυστήρια,
782 673 856 726 τῆς
893 671 1008 725 δίκης
1037 667 1289 725 ἇνεχομένης
1328 671 1402 711 καί
1427 671 1531 722 α’με-

86 736 266 781 λούντων
290 733 372 781 τῶν
398 739 625 794 κεραυνῶν.
682 731 742 780 ὧν
782 735 859 792 την
887 738 1064 779 ἀτοπίαν
1091 736 1275 792 μισήσας
1306 737 1380 777 καί
1406 734 1427 777 ὃ
1458 736 1533 790 δῆ-

85 821 191 859 μος,
238 803 444 860 πρότερόν
471 820 517 847 τε
547 802 592 846 ἔκ
619 820 744 846 τινων
772 804 918 846 αἰτιῶν
946 804 1232 858 κεκινημένος,
1275 803 1358 844 τῶν
1385 804 1535 856 Ζηλω-

39 873 171 915 muana
202 887 318 920 τινας
359 871 404 912 ἐν
447 871 506 928 τῷ
546 872 619 926 τῆς
660 869 857 911 θεοτόκου
900 872 976 924 τῆς
1019 866 1339 925 ἆχειροποιήτου
1371 868 1535 920 τεμένει

87 936 183 986 τούς
222 937 299 990 μὲν
338 936 587 992 ἀπέσφαξαν
619 932 824 990 οἷνηλεῶς,
867 936 939 977 ἕνα
978 936 1025 977 δὲ
1058 933 1131 976 καὶ
1172 933 1241 976 διὰ
1273 935 1346 990 τῆς
1377 930 1535 989 οἷγορᾶς

90 1005 349 1056 κατέσυραν,
381 1002 518 1050 λίθοις
544 999 769 1056 βάλλοντες
797 999 870 1044 καί
896 1000 1033 1052 ξύλοις
1074 1006 1159 1050 τοῖς
1199 1002 1531 1056 προστυχοῦσιν,

88 1071 168 1118 ἕως
210 1069 444 1110 ἀπέπνευσε
483 1065 738 1123 συρόμενος·
786 1065 858 1108 καί
897 1064 992 1109 τότε
1032 1067 1133 1109 οὐδὲ
1175 1063 1432 1121 ἠγανάκτησε
1463 1065 1535 1106 διὰ

86 1134 159 1176 τὸν
192 1131 492 1187 Παλαιολόγου
534 1132 688 1188 φόνον,
731 1131 836 1175 ἀλλὰ
878 1134 1000 1188 δῆλος
1039 1128 1092 1188 ἦν
1135 1130 1338 1187 ἡδόμενος
1378 1131 1450 1173 ἔπί
1475 1124 1539 1188 τῷ

40 1197 453 1251 ιὸἄποσκευιὲζεσθαι
491 1198 592 1248 τούς
633 1197 848 1254 Ζηλωτάς.
897 1195 1156 1247 ’Λπόκαυκος
1197 1200 1244 1240 δὲ
1272 1193 1352 1253 ἤδη
1387 1197 1570 1239 πᾶσανῦ

89 1265 198 1319 ἔχων
226 1263 305 1320 τήν
339 1264 478 1321 α’ρχήν
506 1263 649 1318 αὐτὸς,
693 1264 935 1320 παῤῥησίας
959 1280 1005 1307 τε
1023 1266 1254 1318 μετέδωκεν
1283 1266 1336 1304 ου’
1360 1265 1433 1318 τῆς
1460 1279 1536 1305 τυ-

89 1331 248 1386 χούσης
276 1335 363 1380 τοῖς
390 1329 442 1372 τοὶ
471 1333 678 1385 βασιλέως
704 1330 960 1385 πράττουσι,
998 1329 1074 1372 καί
1100 1329 1231 1379 αϋτός
1259 1324 1312 1391 ἧν
1351 1327 1538 1385 φανερὸς

91 1395 144 1439 τὰ
178 1397 337 1438 ἐκείνου
365 1395 571 1453 ᾑρημένος
581 1429 594 1449 ,
623 1394 695 1438 καί
720 1398 802 1438 τῶν
830 1399 1062 1452 Ζηλωτιὸν,
1105 1391 1197 1438 ὅσοι
1223 1397 1302 1449 μὲν
1345 1396 1390 1437 ἐν
1429 1392 1537 1452 λόγῳ

95 1458 219 1517 ἦσαν,
249 1462 508 1502 κατέκλεισεν
535 1462 579 1502 ἐν
610 1460 906 1518 δεσμωτηρίῳ,
931 1459 1033 1517 πρὸς
1062 1463 1338 1514 Πλαταμῶνα
1365 1461 1540 1513 πέμψας

38 1529 164 1569 2Οκαί
178 1525 256 1576 τὰς
284 1521 413 1575 ἄλλας
441 1527 654 1580 πολίχνας,
684 1523 783 1568 ὅσαι
809 1523 1011 1583 ὖπάὗτῷ
1039 1528 1231 1568 ἐτέλουν·
1253 1524 1327 1567 τὸν
1344 1527 1391 1568 δὲ
1412 1521 1540 1567 ἄλλον

92 1591 304 1650 συρφετὸν
342 1591 516 1646 ἐξήλασε
550 1593 623 1646 τῆς
668 1590 842 1640 πόλεως.
894 1593 1045 1641 ἐκεῖνος
1082 1593 1128 1633 δὲ
1161 1590 1243 1633 εἴτε
1285 1590 1352 1633 τὸν
1379 1591 1540 1645 πατέρα

93 1656 320 1711 δεδοικώς,
356 1657 438 1700 εἴτε
466 1663 550 1706 τοῖς
574 1658 778 1699 ’συνοῦσιν
805 1653 997 1699 ἀπιστῶν
1014 1691 1027 1711 ,
1073 1656 1177 1713 πρὸς
1206 1656 1283 1713 τὴν
1316 1654 1539 1712 ἀκρόπολιν

94 1724 231 1768 ἐλθών
259 1725 396 1780 διῆγε·
430 1725 503 1765 καί
531 1724 894 1776 Θεσσαλονικέων,
923 1719 1013 1765 ὅσοι
1043 1722 1095 1765 τὰ
1123 1726 1330 1777 βασιλέως
1359 1722 1540 1778 έξαρχῆς

94 1792 292 1848 ᾑροῦντο,
322 1789 459 1832 οὐκέτι
487 1789 813 1843 ὖπεστέλλοντο,
856 1787 961 1832 ἄλλα
991 1788 1098 1843 μετὰ
1128 1789 1365 1847 παρ’ῥησίας
1391 1789 1539 1845 προσί-

189 1881 244 1904 20.
274 1867 399 1903 ἄλλων
423 1870 460 1904 Ρ.

97 1939 161 1984 qui
191 1938 440 1971 Cantacuzeno
473 1938 593 1974 favere
627 1937 869 1980 videbantur,
909 1938 1208 1983 comprehensos,
1243 1938 1344 1972 velut
1385 1939 1449 1984 qui
1475 1948 1541 1984 per

99 1986 176 2018 eius
214 1985 505 2018 communionem
553 1986 771 2028 baptismum
814 1987 1038 2026 eim-assent,
1080 1985 1200 2018 denuo
1239 1982 1462 2019 lustrabant:
1499 1995 1542 2017 ac

98 2037 372 2076 praetereuntes
400 2033 635 2066 constitutum
663 2033 821 2077 pretium
847 2033 892 2066 ad
918 2033 1024 2066 serias
1047 2031 1231 2077 agitandas
1259 2031 1438 2065 iubebant
1454 2043 1541 2076 per-

71 2114 78 2125 ι
99 2079 251 2114 solvere.
301 2078 374 2124 Qui
411 2079 442 2111 si
475 2080 699 2120 abnuerent,
742 2080 862 2112 statim
897 2080 934 2112 in
960 2078 1199 2123 suspicionem
1229 2078 1542 2112 Cantacuzenismi

99 2125 331 2166 incidebant,
366 2129 404 2158 et
430 2125 599 2159 ludibriis
634 2126 708 2159 illis
735 2126 870 2159 offendi
898 2127 1131 2171 putabantur.
1179 2125 1366 2158 Praeterea
1390 2126 1428 2159 in
1456 2137 1541 2159 cau-

98 2172 204 2216 ponis
229 2183 343 2217 usque
368 2171 413 2204 ad
437 2173 652 2206 ebrietatem
678 2178 932 2217 perpotantes‚
964 2171 1176 2205 Christianis
1201 2173 1380 2216 mysteriis
1404 2172 1543 2206 illude.

98 2218 212 2259 bant,
258 2219 420 2264 patiente
457 2225 494 2253 et
518 2219 671 2252 fulmina
699 2221 912 2252 continente
938 2218 1060 2253 divina
1086 2219 1235 2251 iustitia.
1286 2219 1450 2264 Quorum
1474 2229 1543 2251 ne-

100 2265 211 2298 fanda
238 2265 373 2298 scelera
400 2267 556 2310 populus
581 2276 709 2299 exosus
726 2292 735 2306 ‚
761 2271 798 2298 et
821 2265 974 2299 antehac
999 2265 1171 2311 quasdam
1209 2265 1256 2299 ob
1294 2276 1418 2299 causas
1455 2276 1543 2299 exa·

99 2310 279 2350 cerbatus‚
298 2312 435 2345 Zelotas
451 2313 647 2347 nonnullos
666 2314 704 2344 in
725 2313 902 2356 Deiparae
919 2324 992 2346 non
1011 2312 1212 2346 manufacto
1236 2313 1372 2358 templo
1405 2312 1543 2358 absque

99 2357 348 2392 misericordia
373 2358 534 2393 occidit:
559 2371 671 2394 unum
693 2370 757 2403 per
783 2360 900 2393 forum
926 2359 1059 2400 traxit,
1083 2358 1342 2405 lapidibusque
1368 2365 1406 2393 et
1431 2360 1541 2404 lignis

101 2404 219 2438 obviis
246 2405 386 2438 tamdiu
413 2406 594 2450 impetivit
619 2417 660 2439 ac
688 2406 864 2446 contudit,
890 2405 1005 2439 donec
1030 2406 1188 2439 animam
1214 2407 1406 2451 expiraret.
1437 2407 1542 2440 Tunc

100 2452 228 2496 itaque
269 2451 316 2485 ob
346 2452 504 2484 occisum
540 2453 791 2497 Palaeologum
829 2452 927 2486 haud
964 2452 1208 2486 irascebatur:
1255 2452 1320 2486 sed
1355 2453 1470 2487 libere
1504 2458 1543 2488 et

99 2497 220 2542 palam
250 2503 399 2543 propter
437 2504 631 2533 summotos
671 2500 808 2532 Zelotas
852 2499 1004 2533 laetitiis
1045 2498 1247 2532 incedebat.
1306 2498 1542 2545 Apocauchus

101 2545 200 2577 solus
228 2545 299 2577 iam
327 2544 543 2590 praefectus,
563 2547 687 2578 amicis
716 2547 942 2589 imperatoris
968 2557 1041 2579 non
1065 2557 1209 2589 parvam
1240 2546 1448 2580 libertatem
1474 2549 1544 2580 im-

102 2589 309 2636 pertiebat,
343 2591 496 2636 ipseque
521 2593 726 2625 earumdem
750 2602 788 2625 se
823 2593 981 2636 partium
1006 2602 1082 2624 esse
1111 2604 1186 2626 non
1210 2592 1483 2634 dissimulabat,
1507 2599 1545 2627 et

105 2637 245 2671 Zelotas
271 2637 486 2683 insigniores
511 2638 556 2672 ad
590 2639 833 2672 Platamonem
859 2643 970 2683 atque
1004 2638 1051 2670 ad
1075 2640 1146 2672 alia
1172 2639 1346 2684 oppidula
1372 2641 1460 2673 iuris
1488 2641 1544 2672 sui

105 2684 276 2724 mittens,
312 2684 351 2717 in
384 2695 558 2718 carcerem
591 2686 777 2724 tradebat,
814 2685 990 2730 reliquam
1023 2686 1213 2719 colluviem
1241 2698 1284 2720 ex
1306 2686 1397 2720 urbe
1423 2692 1546 2719 exter-

106 2729 282 2766 minabat.
331 2730 474 2764 Deinde
496 2741 579 2764 vero
606 2733 682 2766 sive
707 2738 843 2776 patrem
870 2731 1020 2773 timens,
1047 2733 1122 2767 sive
1151 2731 1316 2767 diflidens
1343 2733 1438 2773 suis,
1472 2732 1546 2765 arci

108 2785 146 2810 sc
174 2777 307 2819 credit,
343 2782 381 2812 et
409 2776 773 2821 Thessalonicenses,
812 2783 994 2828 quotquot
1026 2778 1072 2812 ab
1106 2779 1213 2815 initio
1248 2780 1294 2813 ab
1328 2780 1545 2826 imperatore
