1820 3152
524 158 902 202 HlsTOmARUM
943 160 1014 199 111.
1041 157 1118 203 85.
1429 134 1539 190 523

97 259 147 306 ἂν
169 260 233 306 ἔτι
260 262 453 316 εὐπορεῖν
482 253 579 301 οὔτε
600 255 841 314 χρημάτων,
874 252 935 307 οἷς
949 257 1163 312 χρώμενοι
1186 260 1400 310 πολεμοῖεν
1419 258 1540 309 βασι·
1557 251 1639 295 Ᾱ-Ο-
1654 256 1738 300 1345

98 334 186 381 λεῖ,
230 328 455 383 τρέψονται
479 323 585 380 πρὸς
603 322 681 379 τὴν
709 321 891 379 εἰρήνην,
919 323 1125 377 ἐσκέψατο
1151 322 1359 379 ἐξαπατᾷν
1382 320 1455 362 καί
1469 335 1545 376 φε-

95 395 287 445 νακίζειν.
326 390 399 434 καί
411 388 658 447 α’ναφανδὸν
676 386 940 445 ἐδημηγόρει,
961 388 1019 438 ὦς
1035 387 1164 445 πόρον
1178 387 1408 444 χρημάτων
1428 388 1542 440 μέγι-

98 476 196 502 στον
227 457 403 515 ἐξεύροι,
433 458 477 508 ἐξ
504 451 562 498 ὧν
592 457 646 497 ου’
658 457 994 514 Καντακουζηνῷ
1021 455 1173 509 μόνον,
1204 452 1312 495 ἄλλα
1341 454 1414 494 καί
1439 457 1543 494 πᾶσι

70 524 310 579 5πολεμίοις
347 520 618 573 ἀντιτάξαιτο.
695 523 800 563 πᾶσι
840 520 919 577 γάρ
964 526 1049 571 τοῖς
1094 518 1379 575 ὄθενδήποθεν
1418 515 1542 571 ἐμπό-
1554 523 1679 558 v.516

98 608 188 648 ροις
215 589 374 648 φόρους
402 586 620 644 ἐπιθήσειν
647 586 752 643 πρὸς
770 586 964 643 α’νάγκην,
993 588 1037 639 ἐξ
1061 581 1118 630 ὧν
1146 584 1309 628 ἔσονται
1320 584 1545 638 Ῥωμαίοις

99 655 302 713 πρόσοδοι
334 653 673 704 πολλαπλασίους
710 655 792 696 τῶν
830 652 993 696 πώποτε
1032 655 1182 696 ου’σῶν.
1236 649 1544 712 καίιιίφικόμε-

98 739 166 773 νος
195 721 301 782 πρὸς
323 720 469 777 Ἱερὸν,
497 721 567 763 ἵνα
608 721 821 763 διαπλέειν
860 721 1011 775 μηδενί
1046 720 1141 777 ἐξῇ,
1187 714 1241 760 ἂν
1282 715 1341 772 μὴ
1379 718 1584 774 παρέχῃῦ

98 789 328 845 χρήματα,
378 787 533 829 ὁλκάδα
561 786 829 843 μυριοφόρον
864 787 930 828 ἐπ’
975 788 1167 841 ἀγκυρῶν
1208 783 1388 839 ὁρμίσας
1441 783 1543 825 κατὰ

52 859 227 909 ,ομέσον
253 853 301 896 τὸ
332 854 497 910 ῥεῦμα,
526 852 699 901 ὁπλίτας
740 852 1020 907 ἐγκαθιδρυσε
1061 849 1240 900 πολλοὺς
1278 850 1353 892 καί
1381 852 1546 893 ἐκέλευε

100 918 304 976 χρήματα
331 917 560 973 λαμβάνειν
587 916 702 974 παρὰ
737 920 819 959 ταῖν
849 919 1059 973 ἐμπόρων.
1134 916 1173 960 οἱ
1222 919 1260 959 δ’
1298 918 1422 960 οὐδὲν
1439 919 1548 971 μᾶλ-

105 991 178 1030 λον
201 982 229 1041 ἢ
268 983 471 1042 πρότερον
495 983 744 1038 ἐλάμβανον.
806 982 1094 1037 ἀναλωμάτων
1120 981 1198 1039 γὰρ
1224 982 1427 1040 πρότερον
1448 988 1550 1026 πολ-

104 1053 188 1095 λῶν
226 1051 299 1094 καί
334 1054 537 1107 τριήρεων
583 1050 610 1105 ἦ
653 1053 910 1106 ἐπιχείρησις
961 1051 1118 1103 ἐδεῖτο,
1163 1046 1269 1093 αῗστε
1307 1045 1455 1106 ἄρχειν
1480 1051 1553 1106 τῆς

107 1117 348 1173 θαλάσσης,
387 1118 494 1171 μέγα
533 1117 786 1171 δυνηθέντας
825 1116 901 1158 καί
934 1115 1145 1172 κρείττους
1184 1118 1431 1170 γενομένους
1472 1118 1553 1158 τίῆν

54 1184 329 1235 εόπλεὸντων·
370 1180 431 1237 μὴ
461 1181 612 1240 ῥᾳδίας
644 1185 691 1224 δὲ
721 1177 849 1237 οὔσης
876 1180 982 1235 πρὸς
1008 1183 1141 1224 ταῦτα
1169 1184 1242 1237 τῆς
1268 1184 1552 1238 παρασκευῆς,

100 1253 176 1294 καί
202 1250 240 1293 οἱ
277 1247 524 1303 θαυμαστοὶ
552 1249 700 1290 ἐκεῖνοι
729 1247 855 1303 πόροι
885 1249 959 1289 καί
984 1247 1031 1290 αἱ
1058 1247 1260 1303 πρόσοδοι
1290 1249 1547 1291 ἀπώλλυντο.

101 1318 186 1360 τῶν
213 1316 493 1370 συγκλητικῶν
522 1315 568 1356 δὲ
597 1312 634 1357 οἱ
663 1316 822 1367 πολλοὶ,
855 1310 948 1356 ὅσοι
976 1312 1036 1369 μή
1068 1312 1139 1356 διὰ
1168 1313 1213 1357 τὸ
1246 1313 1346 1370 πρὸς
1373 1316 1551 1368 βασιλέα

102 1381 248 1437 ἔχθος,
279 1379 421 1436 ὥσπερ
452 1382 497 1423 ἐν
525 1379 713 1436 ὀνείροις,
746 1381 964 1423 ἐπείθοντο
990 1385 1205 1434 πλουτεῖν,
1235 1379 1389 1430 εἰδότες
1417 1381 1474 1430 ὥς
1501 1381 1554 1423 a’-

105 1446 295 1503 νηνύτοις
322 1448 555 1502 ἐπιχειρεῖ,
596 1445 674 1501 τὴν
700 1449 992 1502 μεγαλοφυΐαν
1026 1444 1272 1499 ἐθαύμαζον
1298 1447 1401 1503 πρὸς
1428 1449 1550 1503 εἴρω-

53 1517 218 1559 αονείαν
254 1513 329 1554 καί
364 1513 449 1554 τῶν
483 1509 613 1554 πάλαι
641 1514 848 1566 βασιλέων
882 1513 1180 1566 κατεγίνωσκον
1203 1510 1362 1567 πολλὴν
1389 1511 1679 1569 κυφά-[646

106 1597 238 1636 τητα,
288 1575 352 1620 ὅτι
381 1579 572 1620 τοσοῦτον
605 1579 649 1619 ἐν
678 1576 804 1633 χερσὶ
834 1578 1013 1619 πλοῦτον
1044 1575 1206 1631 ἔχοντες
1242 1576 1432 1633 ἠγνόουν.
1475 1582 1554 1632 βα-

107 1645 250 1695 σιλευς
279 1646 326 1687 δὲ
352 1643 374 1685 ὅ
406 1642 754 1699 Καντακουζηνὸς
791 1638 869 1684 οὔκ
903 1644 1046 1697 ὀλίγας
1077 1644 1360 1699 διατρίψαντα
1396 1643 1556 1700 ἡμέρας

107 1715 208 1764 παρ’
242 1707 355 1768 αὖτῷ
389 1711 566 1765 Ἀρῆγον
595 1704 725 1760 αὖθις
758 1707 900 1751 οἴκαδε
929 1710 1172 1763 α’πέπεμπε,
1222 1708 1422 1758 κελεύσας
1451 1709 1553 1750 ἄπο-

108 1779 326 1834 κρίνεσθαι
351 1778 483 1832 μηδὲν
524 1782 610 1825 τοῖς
650 1779 869 1831 πέμψασι·
924 1773 1038 1833 μόνῳ
1076 1777 1123 1818 δὲ
1160 1778 1219 1833 τῷ
1249 1774 1422 1834 μεγάλῳ
1462 1778 1555 1818 δου.

202 1858 258 1903 24.
280 1858 405 1904 μόνον
429 1857 463 1890 Ρ.

109 1943 231 1978 neque
264 1930 457 1977 pecunias,
498 1928 630 1975 quibus
668 1927 838 1962 adversus
872 1938 953 1961 eum
988 1932 1198 1968 uterentur,
1220 1928 1265 1962 ad
1297 1939 1419 1974 pacem
1446 1929 1554 1963 incli-

111 1984 265 2018 narent,
296 1978 443 2011 modum
479 1980 700 2010 commentus
726 1981 800 2016 est,
825 1987 898 2022 quo
924 1985 985 2008 eos
1013 1974 1299 2009 circumduceret
1321 1987 1362 2009 ac
1384 1975 1551 2010 ludifica-

112 2031 179 2059 ret.
237 2025 327 2058 Nam
365 2024 482 2069 palam
522 2022 826 2063 concionabatur,
865 2023 1040 2056 rationem
1083 2022 1261 2066 pecuniae
1306 2023 1552 2062 conficiendae

112 2072 436 2106 commodissimam
459 2081 497 2104 se
522 2070 726 2109 invenisse,
751 2080 822 2115 qua
847 2080 920 2102 non
949 2068 1199 2103 cantacuzeno
1225 2069 1358 2111 solum,
1379 2070 1442 2103 sed
1467 2070 1552 2103 uui-

111 2120 224 2153 versis
247 2117 414 2152 hostibus
438 2118 662 2151 resisterent.
687 2115 864 2150 Omnibus
889 2116 985 2150 enim
1012 2116 1264 2163 undecumque
1291 2117 1554 2157 mercatoribus

113 2166 253 2199 tributa
278 2166 480 2199 necessaria
505 2165 770 2208 impositurum,
815 2163 867 2195 Ex
891 2174 963 2208 quo
988 2164 1164 2197 Romanos
1189 2163 1381 2208 vectigalia
1402 2165 1554 2205 maiora,

114 2224 226 2259 quam
265 2223 426 2257 unquam
467 2211 633 2250 antehac,
649 2215 902 2255 percepturos:
941 2210 1198 2255 profectusque
1222 2210 1402 2251 Hierum„
1423 2217 1464 2244 ut
1488 2222 1552 2244 ne-

114 2260 204 2292 mini
239 2259 311 2292 nisi
345 2259 544 2304 portorium
583 2257 738 2290 solventi
775 2257 904 2290 liceret
928 2256 1118 2296 traiicere,
1153 2259 1354 2291 onerariam
1382 2257 1553 2302 grandem

116 2311 154 2339 et
185 2307 223 2338 in
256 2305 424 2338 anchoris
459 2309 633 2346 stantem,
656 2305 779 2338 multis
806 2305 839 2336 ei
864 2303 976 2349 gravis
1003 2309 1206 2337 armaturae
1230 2304 1413 2338 militibus
1433 2304 1554 2348 impo-

116 2353 219 2392 sitis,
250 2352 290 2384 in
321 2351 458 2385 medios
489 2351 618 2385 fluctus
650 2351 836 2395 provexit,
878 2351 1056 2396 iussitque
1083 2362 1103 2382 a
1129 2351 1416 2394 negotiatoribus
1440 2362 1554 2396 pecu-

115 2400 212 2432 niam
239 2398 411 2443 accipere.
459 2397 591 2431 Verum
617 2397 735 2431 nihilo
760 2398 884 2442 magis,
907 2409 1014 2443 quem
1046 2403 1142 2436 ante,
1156 2397 1396 2442 accipiebant.
1445 2398 1552 2432 Sum-

116 2451 183 2492 ptu
222 2456 349 2490 magno
386 2449 424 2478 et
454 2443 662 2478 triremibus
694 2445 820 2478 multis
854 2456 943 2488 opus
979 2449 1082 2485 erat,
1123 2449 1163 2476 ut
1197 2444 1336 2478 domini
1374 2445 1482 2479 maris
1516 2451 1554 2480 ct

115 2493 343 2537 potentiores
378 2491 423 2524 iis
449 2497 582 2530 essent,
605 2491 668 2537 qui
694 2492 916 2537 navigarent⁴
973 2491 1030 2524 Ob
1057 2492 1156 2524 cuius
1182 2496 1374 2535 apparatus
1397 2491 1556 2525 difficul-

119 2544 230 2572 tatem
256 2537 488 2572 admirabiles
514 2538 571 2571 illi
596 2537 732 2572 reditus
767 2544 804 2571 et
838 2538 1028 2581 vectigalia
1054 2537 1330 2573 evanescebant.
1377 2539 1554 2584 Complu-

118 2596 174 2619 res
207 2596 316 2630 porro
345 2595 534 2631 proceres,
572 2586 634 2629 qui
658 2597 731 2618 non
757 2583 977 2624 eredebant,
1014 2589 1161 2629 propter
1185 2585 1307 2618 odium
1334 2586 1372 2618 in
1397 2586 1556 2630 impera-

118 2638 231 2667 torem
260 2632 362 2665 velut
398 2632 438 2664 in
474 2633 606 2666 somnis
643 2631 676 2664 ei
710 2632 854 2665 divitias
886 2631 1102 2671 affluxuras,
1136 2642 1215 2664 cum
1246 2632 1380 2666 scirent
1404 2637 1554 2666 conatus

119 2680 197 2712 sore
232 2679 382 2718 irritos,
424 2689 490 2723 per
523 2679 789 2712 simulationem
824 2678 901 2711 eius
934 2678 1045 2711 animi
1080 2678 1368 2723 magnitudinem
1392 2678 1554 2711 admira-

119 2725 273 2767 bantur3
298 2730 509 2771 veteresque
537 2726 771 2769 imperatores
800 2724 960 2758 levitatis
984 2730 1022 2758 ct
1045 2725 1301 2769 incogitantiae
1327 2738 1401 2759 non
1423 2736 1553 2770 parvae

122 2771 387 2819 coarguebant,
422 2769 486 2819 qui
522 2781 560 2807 se
592 2777 713 2810 tantos
752 2771 936 2807 thesaurus
970 2772 1008 2806 iu
1030 2772 1197 2810 manibus
1219 2771 1355 2810 habere
1381 2771 1552 2806 nescivis-
