1812 3132
275 164 293 200 1
311 145 381 215 54
801 162 1172 210 CANTACUZENI

64 272 244 320 A;C.1341
268 261 295 321 ἢ
324 266 498 308 τοιαῦτα
528 258 805 318 ἀνασχέσθαι.
835 263 921 309 ἀλλ’
941 269 979 310 οῖ
1005 269 1081 321 μὲν
1108 269 1280 320 αὐτίκα,
1311 265 1387 322 ὅση
1415 267 1592 321 δύναμις
1620 286 1699 310 πα-

260 332 354 386 ρείη
367 364 379 383 ,
409 327 695 383 πολεμήσομεν
727 332 971 387 ἀναφανδὸν
986 365 997 387 ,
1027 329 1086 374 ὧν
1103 329 1288 388 ἄρχομεν
1307 332 1466 374 πόλεων
1486 333 1557 374 καί
1575 351 1701 388 στρα-

259 399 356 443 τιᾶς
392 396 563 443 ἕκαστος
592 394 679 452 ἰδία
706 397 974 450 ποιούμενος·
1017 397 1056 440 οἱ
1095 400 1142 439 δὲ
1171 399 1365 454 φέροντες
1392 395 1567 447 ἑαυτούς
1611 396 1701 451 ἅμα

261 459 456 512 πόλεσιν,
498 459 537 501 οἱ
574 462 651 513 μὲν
692 457 955 520 Ἀλεξάνδρῳ
997 466 1055 521 τῷ
1086 465 1254 505 Μυσῶν
1283 467 1469 516 βασιλεῖ,
1508 457 1625 505 ἄλλοι
1655 465 1700 504 δὲ

261 528 460 582 Στεφάνῳ
500 524 786 580 ἐγχειρισομεν
821 529 879 585 τῷ
918 528 1213 570 δυναστεύοντι
1262 529 1505 583 Τριβαλιῧν,
1543 525 1729 581 βέλτιοιό

260 589 477 644 ἡγούμενοι
506 589 739 647 βαρβάροις
767 591 1005 648 ἀνθρώποις
1030 595 1218 647 μᾶλλον,
1249 593 1473 643 δυνάσταις
1500 595 1545 635 δὲ
1576 590 1702 646 ὅμως,

259 652 288 710 ἢ
316 662 398 706 τοῖς
422 657 527 709 χθὲς
571 655 642 697 καί
668 657 811 712 πρώην
841 661 1251 714 καταφρονουμένοις
1279 657 1352 714 ὑφ’
1381 657 1500 713 ἡμῶν
1530 660 1702 700 δουλεύ-

261 737 345 762 ειν·
388 717 498 762 ὥστε
540 719 799 777 συμβήσεται
838 724 883 764 ἐκ
919 722 1080 765 τούτων
1124 723 1175 763 οὗ
1213 724 1391 776 πόλεμος
1428 722 1555 776 μόνον
1596 722 1703 778 πρὸς

226 783 467 840 (Σοῖλλήλους
497 783 638 840 ἧμαῖν,
679 784 841 829 πάντων
870 785 1051 842 ἀγόντων
1087 789 1160 829 καί
1197 786 1410 843 φερόντων
1435 787 1485 830 τοὶ
1516 787 1703 844 οἲλλὴλων

260 851 332 892 καί
357 854 442 892 τῶν
480 849 634 902 ἔξωθεν
674 853 879 906 πολεμίων
919 849 1042 895 οὐδὲν
1070 848 1195 908 ἧττον
1217 884 1228 905 ,
1268 855 1308 895 εἰ
1331 852 1390 910 μὴ
1418 853 1491 895 καί
1515 855 1672 906 μᾶλλον
1686 864 1757 907 ,ιο

259 916 311 959 τοὶ
337 917 556 970 Ῥωμαίων
584 915 808 973 πράγματα
839 918 1197 974 διαφθειρόντων,
1223 915 1306 976 ὅσῳ
1336 921 1409 961 κατ’
1433 918 1483 961 τά
1514 919 1702 974 ἀλλήλων

261 983 559 1038 ἀκριβέστερον
587 981 706 1036 ἴσμεν
735 983 879 1035 αὐτοί,
910 982 1017 1025 α’λλὰ
1047 982 1120 1024 καί
1137 982 1362 1038 συμπάσης
1388 986 1463 1038 τῆς
1483 983 1703 1037 Ῥωμαίων

260 1044 753 1101 κατάλυσις,ἦγεμονιας,
783 1044 832 1088 οὗ
863 1048 1022 1089 πόλεων
1049 1047 1179 1101 μόνον
1206 1051 1370 1091 πολλῶν
1396 1049 1468 1091 καί
1490 1051 1702 1105 στρατιᾶς,

261 1111 367 1152 ἀλλὰ
397 1115 469 1154 καί
503 1109 722 1167 προσόδων
758 1111 952 1166 μεγάλων
980 1113 1344 1169 ἀποτετμημένων,
1381 1115 1424 1164 ἐξ
1463 1108 1522 1156 ὧν
1548 1111 1597 1156 τοὶ
1625 1128 1706 1158 πο-.

260 1180 414 1230 λεμίων
440 1178 518 1230 μὲν
547 1172 709 1230 αὔξειν,
740 1180 873 1220 καίτοι
900 1180 974 1220 καί
1000 1178 1204 1235 πρότερον
1233 1176 1463 1235 οἷντίῤῥοπα
1491 1185 1579 1228 τοῖς
1599 1179 1754 1234 ἤμεε-,15

258 1244 394 1297 τέροις
434 1237 534 1284 ὄντα
551 1273 563 1295 ,
609 1241 663 1283 τὰ
696 1243 919 1296 Ῥωμαίων
948 1244 994 1284 δὲ
1022 1245 1308 1286 ἐλασσοῦσθαι
1336 1245 1579 1298 περιέσται,
1608 1245 1700 1293 δέος

261 1309 331 1359 δὲ,
359 1305 418 1361 μή
448 1309 522 1348 καί
548 1306 788 1349 παντάπασι
816 1309 1039 1365 διαφθαρῇ
1069 1308 1142 1350 καί
1169 1307 1195 1363 ἦ
1218 1308 1438 1361 Ῥωμαίων
1466 1306 1701 1364 περιμάχη-

259 1389 328 1420 τος
354 1371 427 1413 καί
452 1369 674 1427 διαβόητος
701 1375 893 1426 βασιλεία
922 1377 1093 1422 ΙΗυσοῖς
1119 1370 1149 1429 ἢ
1175 1370 1316 1422 ἄλλοις
1348 1374 1399 1429 δή
1425 1390 1510 1416 τισι
1535 1376 1700 1428 χείροσι

258 1435 491 1493 βαρβάροις
520 1437 759 1490 δουλεύσει,
788 1440 869 1481 τῶν
904 1437 1022 1482 ἔνδον
1056 1441 1133 1492 μὲν
1162 1436 1470 1490 στασιαζόντων
1495 1441 1570 1481 καί
1607 1441 1700 1483 δια-ι

260 1501 523 1557 φθειρόντων
553 1501 785 1557 ἀλλήλους,
818 1503 875 1552 ὥς
903 1503 1021 1558 ἐνὸν,
1057 1505 1137 1546 ταῖν
1174 1502 1331 1555 ἔξωθεν
1360 1505 1406 1545 δὲ
1434 1499 1757 1557 ἐπἰκειμὲνωναο

215 1567 465 1620 Βπολεμίων
492 1566 567 1608 καὶ
594 1570 657 1624 τῷ
682 1569 812 1625 καιρῷ
839 1568 1048 1626 συμμάχῳ
1076 1571 1304 1624 χρωμένων
1333 1569 1620 1627 δυνατωτάτῳ.
1670 1566 1707 1614 ἃ,

259 1632 393 1674 πάντα
422 1631 472 1687 δή
502 1628 739 1693 ἐννοοῦντες
770 1633 842 1675 καί
867 1632 921 1676 τὰ
949 1634 1273 1690 προσδοκώμενα
1302 1630 1586 1690 ὄρῥωδοῧντες
1615 1635 1702 1676 δει-

258 1695 333 1751 νά,
366 1695 509 1740 καινόν
536 1699 614 1751 μὲν
643 1699 767 1741 οὐδὲν
798 1697 981 1755 ἐροῦμεν
1000 1733 1011 1752 ,
1044 1699 1143 1742 οὐδὲ
1170 1699 1564 1755 συμβουλεύσομεν·
1595 1698 1624 1742 εἳ
1651 1702 1699 1744 δὲ

356 1826 367 1848 ι
376 1827 408 1860 9.
437 1812 596 1860 doni-6153
619 1813 668 1847 Μ.

259 1917 363 1961 copia
389 1919 579 1961 praesente
605 1917 729 1960 aperto
755 1917 872 1950 Marte
897 1917 1176 1958 rebellabimus‚
1203 1921 1452 1964 unusquisque
1477 1929 1575 1953 suam
1592 1946 1602 1961 ,
1639 1921 1696 1952 cui

257 1969 426 2009 praeest,
452 1962 579 1994 urbem
604 1973 669 1994 suo
694 1963 876 2007 praesidio
902 1963 1143 2005 defensando,
1178 1965 1241 1997 alii
1273 1976 1338 1999 nos
1363 1965 1567 2000 Alexandro
1591 1966 1696 2000 Moe-

258 2021 378 2043 sorum
406 2009 504 2053 regi,
529 2009 593 2041 alii
618 2006 802 2054 Stepliano
826 2008 1071 2042 Triballorum
1097 2011 1252 2055 principi
1278 2011 1470 2052 dedemus,
1498 2014 1703 2046 consultius-

257 2058 347 2096 rati,
381 2054 542 2088 barbaris
570 2057 682 2100 magis
710 2051 959 2100 (regnantibus
984 2056 1124 2099 tamen)
1159 2068 1266 2102 quam
1294 2057 1375 2090 heri
1411 2063 1448 2091 et
1482 2058 1697 2092 nudiuster-

256 2104 330 2136 tius
355 2103 393 2133 in
417 2106 623 2145 contemptu
658 2107 780 2134 nostro
805 2102 1030 2135 versantibus
1062 2103 1204 2137 servire.
1254 2104 1344 2148 Ergo
1371 2103 1457 2137 hinc
1481 2116 1554 2137 non
1579 2105 1695 2138 solum

258 2148 398 2181 bellum
427 2151 591 2179 mutuum
617 2147 850 2189 conflabitur,
877 2149 1045 2182 omnibus
1070 2150 1165 2182 inter
1199 2161 1236 2182 se
1270 2150 1530 2194 populantibus
1564 2156 1599 2184 et
1633 2152 1694 2184 iu—

259 2202 332 2229 star
354 2194 511 2227 hostium
537 2197 760 2234 exterorum,
795 2195 825 2226 si
853 2205 926 2227 non
951 2196 1060 2227 etiam
1083 2195 1237 2239 amplius
1264 2195 1426 2241 (quando
1452 2196 1591 2230 scilicet
1613 2208 1696 2229 mu-

259 2247 319 2275 tua
346 2239 452 2272 nobis
478 2240 719 2284 exploratiora
746 2241 844 2286 sunt)
870 2243 1043 2274 Romanas
1070 2241 1272 2285 provincias
1303 2242 1591 2276 devastantibus:
1630 2242 1694 2276 sed

262 2289 375 2320 totius
411 2297 555 2330 quoque
591 2287 740 2318 Romani
773 2286 918 2330 imperii
951 2288 1134 2321 subversio
1178 2294 1437 2333 consequetur,
1478 2301 1551 2322 non
1587 2288 1694 2322 modo

258 2334 385 2366 multis
412 2332 583 2372 urbibus,
611 2332 675 2365 sed
699 2333 857 2366 exercitu
879 2334 987 2366 etiam
1012 2339 1049 2367 et
1072 2335 1300 2378 amplissimis
1326 2335 1560 2380 vectigalibus
1586 2335 1696 2367 amis·

258 2379 319 2412 sis.
369 2379 420 2411 Ex
445 2377 577 2423 quibus
602 2379 760 2413 hostium
784 2380 968 2423 potentia,
994 2391 1214 2425 quamquam
1247 2386 1283 2413 et
1313 2381 1412 2424 prius
1446 2386 1586 2414 vestrae
1618 2392 1693 2414 non

258 2425 400 2468 impar,
444 2431 629 2468 augescet3
667 2426 902 2459 Romanorum
937 2432 1060 2459 contra
1095 2426 1279 2459 minuetur
1314 2427 1608 2473 timendumque,
1645 2437 1692 2459 ne

257 2469 458 2504 invidiosus
484 2482 526 2504 ac
551 2471 767 2504 declamatas
785 2471 849 2504 ille
873 2473 1111 2505 Romanorum
1135 2472 1356 2516 principatus
1385 2473 1532 2506 omnino
1557 2478 1693 2517 pereat,

256 2517 465 2560 Moesisque
491 2522 552 2550 aut
577 2518 817 2551 deterioribus
841 2517 1001 2551 barbaris
1031 2520 1182 2561 serviat3
1219 2518 1303 2551 dum
1328 2519 1520 2563 indigenae
1545 2520 1692 2552 intesti-

256 2563 314 2595 nis
341 2562 529 2596 discordiis
555 2575 594 2596 ac
630 2563 877 2598 deditionibus
904 2575 980 2597 sese
1016 2565 1193 2609 perdunt,
1239 2571 1414 2609 quantum
1447 2570 1616 2609 possunt,
1651 2570 1695 2599 et*

258 2607 378 2641 hostes
404 2610 539 2643 auxilio
565 2612 736 2654 temporis
762 2616 926 2650 utentes,
959 2622 1029 2656 quo
1054 2612 1194 2643 nullum
1220 2617 1274 2643 est
1296 2611 1471 2649 validius,
1507 2611 1594 2643 foris
1627 2611 1687 2644 in·-

258 2654 441 2690 cumbunt.
491 2655 621 2688 Omnia
651 2658 761 2701 igitur
785 2657 1112 2701 circumspicientes
1143 2657 1445 2703 imminentesque
1477 2655 1594 2689 clades
1628 2667 1687 2689 re-

257 2700 515 2741 formidantes,
552 2702 644 2735 nihil
669 2703 752 2736 novi
778 2702 937 2736 dicemus
963 2708 1025 2736 aut
1049 2703 1295 2737 consulemus:
1331 2714 1454 2738 verum
1486 2713 1578 2747 quae
1611 2702 1689 2745 ipse

258 2747 451 2790 imperator
475 2748 515 2781 in
547 2759 620 2782 rem
653 2760 875 2783 communem
906 2749 983 2783 fore
1017 2749 1232 2794 opinabatur
1270 2753 1306 2783 et
1337 2753 1514 2794 superstes
1549 2747 1687 2789 adhuc,
