<?xml version="1.0" encoding="UTF-8"?>
<!DOCTYPE html PUBLIC "-//W3C//DTD XHTML 1.0 Transitional//EN"
    "http://www.w3.org/TR/xhtml1/DTD/xhtml1-transitional.dtd">
<html xmlns="http://www.w3.org/1999/xhtml" xml:lang="en" lang="en">
 <head>
  <title>
</title>
<meta http-equiv="Content-Type" content="text/html;charset=utf-8" />
  <meta name='ocr-system' content='tesseract 3.04.00' />
  <meta name='ocr-capabilities' content='ocr_page ocr_carea ocr_par ocr_line ocrx_word'/>
</head>
<body>
  <div class='ocr_page' id='page_1' title='image "./corpusscriptorum24niebuoft_0536.png"; bbox 0 0 1820 3152; ppageno 0'>
   <div class='ocr_carea' id='block_1_1' title="bbox 320 161 1215 229">
    <p class='ocr_par' dir='ltr' id='par_1_1' title="bbox 320 161 1215 229">
     <span class='ocr_line' id='line_1_1' title="bbox 320 161 1215 229; baseline 0.008 -12"><span class='ocrx_word' id='word_1_1' title='bbox 320 161 432 229; x_wconf 70' lang='lat'>524</span> <span class='ocrx_word' id='word_1_2' title='bbox 845 167 1215 224; x_wconf 73' lang='lat' dir='ltr'>CANTACUZEM</span> 
     </span>
    </p>
   </div>
   <div class='ocr_carea' id='block_1_2' title="bbox 116 276 1795 1715">
    <p class='ocr_par' dir='ltr' id='par_1_2' title="bbox 116 276 1771 603">
     <span class='ocr_line' id='line_1_2' title="bbox 116 276 1748 343; baseline 0.006 -23"><span class='ocrx_word' id='word_1_3' title='bbox 116 283 356 335; x_wconf 71' lang='lat' dir='ltr'>A.C.1345m&#39;</span> <span class='ocrx_word' id='word_1_4' title='bbox 381 284 534 333; x_wconf 82' lang='grc' dir='ltr'><em>εἰπεῖν,</em></span> <span class='ocrx_word' id='word_1_5' title='bbox 573 281 628 330; x_wconf 77' lang='grc' dir='ltr'>ὥς</span> <span class='ocrx_word' id='word_1_6' title='bbox 659 276 755 323; x_wconf 68' lang='grc' dir='ltr'><em>οὔτε</em></span> <span class='ocrx_word' id='word_1_7' title='bbox 786 282 998 337; x_wconf 83' lang='grc' dir='ltr'><em>πρότερον,</em></span> <span class='ocrx_word' id='word_1_8' title='bbox 1034 277 1130 324; x_wconf 64' lang='grc' dir='ltr'><em>οὔτε</em></span> <span class='ocrx_word' id='word_1_9' title='bbox 1157 286 1229 325; x_wconf 78' lang='grc' dir='ltr'>νῦν</span> <span class='ocrx_word' id='word_1_10' title='bbox 1253 284 1495 327; x_wconf 75' lang='grc' dir='ltr'><em>ἐπιλάθοιτο</em></span> <span class='ocrx_word' id='word_1_11' title='bbox 1522 287 1596 340; x_wconf 79' lang='grc' dir='ltr'><em>τῆς</em></span> <span class='ocrx_word' id='word_1_12' title='bbox 1624 289 1748 343; x_wconf 71' lang='grc' dir='ltr'><em>φίλης</em></span> 
     </span>
     <span class='ocr_line' id='line_1_3' title="bbox 309 343 1748 408; baseline 0.004 -21"><span class='ocrx_word' id='word_1_13' title='bbox 309 343 469 402; x_wconf 69' lang='grc' dir='ltr'><em>ἀπάτης</em></span> <span class='ocrx_word' id='word_1_14' title='bbox 521 345 594 388; x_wconf 71' lang='grc' dir='ltr'><em>καὶ</em></span> <span class='ocrx_word' id='word_1_15' title='bbox 626 349 877 402; x_wconf 76' lang='grc' dir='ltr'><strong><em>πανουργίας</em></strong></span> <span class='ocrx_word' id='word_1_16' title='bbox 917 350 989 389; x_wconf 82' lang='grc' dir='ltr'><em>καί</em></span> <span class='ocrx_word' id='word_1_17' title='bbox 1037 347 1345 405; x_wconf 79' lang='grc' dir='ltr'><em>στρεβλότητος,</em></span> <span class='ocrx_word' id='word_1_18' title='bbox 1389 347 1494 392; x_wconf 79' lang='grc' dir='ltr'><em>ἀλλὰ</em></span> <span class='ocrx_word' id='word_1_19' title='bbox 1536 354 1595 408; x_wconf 74' lang='grc' dir='ltr'><em>τῷ</em></span> <span class='ocrx_word' id='word_1_20' title='bbox 1636 367 1748 407; x_wconf 84' lang='grc' dir='ltr'><em>περι-</em></span> 
     </span>
     <span class='ocr_line' id='line_1_4' title="bbox 308 413 1746 468; baseline 0.004 -15"><span class='ocrx_word' id='word_1_21' title='bbox 308 413 391 453; x_wconf 86' lang='grc' dir='ltr'><em>όντι</em></span> <span class='ocrx_word' id='word_1_22' title='bbox 417 414 490 467; x_wconf 81' lang='grc' dir='ltr'><em>τῆς</em></span> <span class='ocrx_word' id='word_1_23' title='bbox 521 414 618 466; x_wconf 75' lang='grc' dir='ltr'><em>περὶ</em></span> <span class='ocrx_word' id='word_1_24' title='bbox 651 413 784 454; x_wconf 77' lang='grc' dir='ltr'><em>ταῦτα</em></span> <span class='ocrx_word' id='word_1_25' title='bbox 812 415 995 467; x_wconf 83' lang='grc' dir='ltr'><em>σχέσεως</em></span> <span class='ocrx_word' id='word_1_26' title='bbox 1022 416 1094 456; x_wconf 83' lang='grc' dir='ltr'><em>καί</em></span> <span class='ocrx_word' id='word_1_27' title='bbox 1119 413 1220 456; x_wconf 82' lang='grc' dir='ltr'><em>θεὸν</em></span> <span class='ocrx_word' id='word_1_28' title='bbox 1251 414 1410 467; x_wconf 78' lang='grc' dir='ltr'><em>νομίζοι</em></span> <span class='ocrx_word' id='word_1_29' title='bbox 1441 414 1650 458; x_wconf 80' lang='grc' dir='ltr'><em>δύνασθαι</em></span> <span class='ocrx_word' id='word_1_30' title='bbox 1679 418 1746 468; x_wconf 75' lang='grc' dir='ltr'>ἐξ·</span> 
     </span>
     <span class='ocr_line' id='line_1_5' title="bbox 308 476 1744 536; baseline 0.005 -19"><span class='ocrx_word' id='word_1_31' title='bbox 308 479 487 533; x_wconf 81' lang='grc' dir='ltr'><em>απατᾷν.</em></span> <span class='ocrx_word' id='word_1_32' title='bbox 546 476 618 518; x_wconf 84' lang='grc' dir='ltr'><em>καί</em></span> <span class='ocrx_word' id='word_1_33' title='bbox 635 477 716 533; x_wconf 78' lang='grc' dir='ltr'>γὰρ</span> <span class='ocrx_word' id='word_1_34' title='bbox 754 476 889 520; x_wconf 77' lang='grc' dir='ltr'><em>πάντα</em></span> <span class='ocrx_word' id='word_1_35' title='bbox 930 482 1087 531; x_wconf 79' lang='grc' dir='ltr'><em>μᾶλλον</em></span> <span class='ocrx_word' id='word_1_36' title='bbox 1119 480 1410 532; x_wconf 79' lang='grc' dir='ltr'><em>διανοούμενος</em></span> <span class='ocrx_word' id='word_1_37' title='bbox 1420 515 1433 534; x_wconf 91' lang='grc'><em>,</em></span> <span class='ocrx_word' id='word_1_38' title='bbox 1465 476 1493 536; x_wconf 78' lang='grc' dir='ltr'><em>ἢ</em></span> <span class='ocrx_word' id='word_1_39' title='bbox 1520 482 1567 522; x_wconf 80' lang='grc' dir='ltr'>ἐκ</span> <span class='ocrx_word' id='word_1_40' title='bbox 1606 498 1744 536; x_wconf 86' lang='grc' dir='ltr'><em>παροι-</em></span> 
     </span>
     <span class='ocr_line' id='line_1_6' title="bbox 305 540 1771 603; baseline 0.003 -20"><span class='ocrx_word' id='word_1_41' title='bbox 305 540 458 592; x_wconf 77' lang='grc' dir='ltr'><em>τάξεως</em></span> <span class='ocrx_word' id='word_1_42' title='bbox 491 542 707 597; x_wconf 80' lang='grc' dir='ltr'><em>μάχεσθαι</em></span> <span class='ocrx_word' id='word_1_43' title='bbox 741 541 845 598; x_wconf 84' lang='grc' dir='ltr'><em>πρὸς</em></span> <span class='ocrx_word' id='word_1_44' title='bbox 874 542 1016 596; x_wconf 76' lang='grc' dir='ltr'><em>αὐτὸν,</em></span> <span class='ocrx_word' id='word_1_45' title='bbox 1056 544 1213 593; x_wconf 70' lang='grc' dir='ltr'><em>ἱκεσίας</em></span> <span class='ocrx_word' id='word_1_46' title='bbox 1238 545 1312 587; x_wconf 70' lang='grc' dir='ltr'>καί</span> <span class='ocrx_word' id='word_1_47' title='bbox 1342 545 1550 599; x_wconf 74' lang='grc' dir='ltr'><em>ἱλασμούς</em></span> <span class='ocrx_word' id='word_1_48' title='bbox 1583 547 1771 603; x_wconf 78' lang='grc' dir='ltr'><em>παραγ-5</em></span> 
     </span>
    </p>

    <p class='ocr_par' dir='ltr' id='par_1_3' title="bbox 269 606 1795 1258">
     <span class='ocr_line' id='line_1_7' title="bbox 269 606 1746 664; baseline 0.003 -17"><span class='ocrx_word' id='word_1_49' title='bbox 269 609 464 661; x_wconf 80' lang='grc' dir='ltr'><em>Βγέλλειν</em></span> <span class='ocrx_word' id='word_1_50' title='bbox 497 606 603 664; x_wconf 86' lang='grc' dir='ltr'><em>πρὸς</em></span> <span class='ocrx_word' id='word_1_51' title='bbox 646 606 748 650; x_wconf 84' lang='grc' dir='ltr'><em>θεὸν</em></span> <span class='ocrx_word' id='word_1_52' title='bbox 779 613 865 658; x_wconf 87' lang='grc' dir='ltr'><em>τοῖς</em></span> <span class='ocrx_word' id='word_1_53' title='bbox 898 607 1078 664; x_wconf 79' lang='grc' dir='ltr'><em>ἱερεῦσιν</em></span> <span class='ocrx_word' id='word_1_54' title='bbox 1115 606 1220 664; x_wconf 72' lang='grc' dir='ltr'><em>ὑπὲρ</em></span> <span class='ocrx_word' id='word_1_55' title='bbox 1260 607 1403 664; x_wconf 78' lang='grc' dir='ltr'><em>αὕτοῦ,</em></span> <span class='ocrx_word' id='word_1_56' title='bbox 1437 611 1493 661; x_wconf 77' lang='grc' dir='ltr'>ὥς</span> <span class='ocrx_word' id='word_1_57' title='bbox 1523 614 1746 664; x_wconf 82' lang='grc' dir='ltr'><em>μέλλοντος</em></span> 
     </span>
     <span class='ocr_line' id='line_1_8' title="bbox 298 670 1747 731; baseline 0.003 -19"><span class='ocrx_word' id='word_1_58' title='bbox 298 675 550 725; x_wconf 80' lang='grc' dir='ltr'><em>μαχεῖσθαι.</em></span> <span class='ocrx_word' id='word_1_59' title='bbox 603 670 857 716; x_wconf 75' lang='grc' dir='ltr'><em>ἆλλέῖδέναι</em></span> <span class='ocrx_word' id='word_1_60' title='bbox 886 677 1054 729; x_wconf 75' lang='grc' dir='ltr'><em>σαφῶς,</em></span> <span class='ocrx_word' id='word_1_61' title='bbox 1077 674 1135 724; x_wconf 70' lang='grc' dir='ltr'>αἱς</span> <span class='ocrx_word' id='word_1_62' title='bbox 1167 671 1260 717; x_wconf 73' lang='grc' dir='ltr'><em>οὔτε</em></span> <span class='ocrx_word' id='word_1_63' title='bbox 1287 674 1393 729; x_wconf 79' lang='grc' dir='ltr'><em>θεὸς,</em></span> <span class='ocrx_word' id='word_1_64' title='bbox 1425 675 1454 718; x_wconf 72' lang='grc' dir='ltr'><strong><em>ἃ</em></strong></span> <span class='ocrx_word' id='word_1_65' title='bbox 1474 675 1646 731; x_wconf 76' lang='grc' dir='ltr'><em>πράττει</em></span> <span class='ocrx_word' id='word_1_66' title='bbox 1671 677 1747 717; x_wconf 75' lang='grc' dir='ltr'><em>καὶ</em></span> 
     </span>
     <span class='ocr_line' id='line_1_9' title="bbox 301 737 1754 797; baseline 0.003 -19"><span class='ocrx_word' id='word_1_67' title='bbox 301 739 540 792; x_wconf 75' lang='grc' dir='ltr'><em>διανοεῖται,</em></span> <span class='ocrx_word' id='word_1_68' title='bbox 570 741 727 793; x_wconf 77' lang='grc' dir='ltr'><em>α’γνοεϊ,</em></span> <span class='ocrx_word' id='word_1_69' title='bbox 747 738 819 781; x_wconf 78' lang='grc' dir='ltr'>καί</span> <span class='ocrx_word' id='word_1_70' title='bbox 857 739 894 782; x_wconf 83' lang='grc' dir='ltr'>οἱ</span> <span class='ocrx_word' id='word_1_71' title='bbox 920 737 1132 795; x_wconf 75' lang='grc' dir='ltr'><em>ἄνθρωποι</em></span> <span class='ocrx_word' id='word_1_72' title='bbox 1169 741 1227 794; x_wconf 75' lang='grc' dir='ltr'>δὲ,</span> <span class='ocrx_word' id='word_1_73' title='bbox 1248 743 1287 782; x_wconf 83' lang='grc' dir='ltr'><em>εἰ</em></span> <span class='ocrx_word' id='word_1_74' title='bbox 1314 739 1373 796; x_wconf 75' lang='grc' dir='ltr'>μή</span> <span class='ocrx_word' id='word_1_75' title='bbox 1400 741 1621 797; x_wconf 81' lang='grc' dir='ltr'><em>πρότερον,</em></span> <span class='ocrx_word' id='word_1_76' title='bbox 1651 737 1754 783; x_wconf 66' lang='grc' dir='ltr'>ἀλλ”</span> 
     </span>
     <span class='ocr_line' id='line_1_10' title="bbox 300 800 1744 861; baseline 0.003 -17"><span class='ocrx_word' id='word_1_77' title='bbox 300 800 478 858; x_wconf 65' lang='grc' dir='ltr'><em>’ὕστερόν</em></span> <span class='ocrx_word' id='word_1_78' title='bbox 498 821 543 859; x_wconf 79' lang='grc' dir='ltr'><em>γε</em></span> <span class='ocrx_word' id='word_1_79' title='bbox 568 804 644 855; x_wconf 72' lang='grc' dir='ltr'>τας</span> <span class='ocrx_word' id='word_1_80' title='bbox 665 804 828 854; x_wconf 73' lang='grc' dir='ltr'><em>ἀπάτας</em></span> <span class='ocrx_word' id='word_1_81' title='bbox 864 806 995 847; x_wconf 79' lang='grc' dir='ltr'><em>αὐτοῦ</em></span> <span class='ocrx_word' id='word_1_82' title='bbox 1020 809 1093 848; x_wconf 83' lang='grc' dir='ltr'><em>καί</em></span> <span class='ocrx_word' id='word_1_83' title='bbox 1108 805 1183 855; x_wconf 79' lang='grc' dir='ltr'>τοὶς</span> <span class='ocrx_word' id='word_1_84' title='bbox 1207 807 1461 861; x_wconf 70' lang='grc' dir='ltr'><strong><em>πανουργίας</em></strong></span> <span class='ocrx_word' id='word_1_85' title='bbox 1482 808 1617 858; x_wconf 80' lang='grc' dir='ltr'><em>πάσας</em></span> <span class='ocrx_word' id='word_1_86' title='bbox 1641 808 1744 850; x_wconf 70' lang='grc' dir='ltr'><em>συν-’</em></span> 
     </span>
     <span class='ocr_line' id='line_1_11' title="bbox 299 869 1795 929; baseline 0.005 -19"><span class='ocrx_word' id='word_1_87' title='bbox 299 871 441 923; x_wconf 77' lang='grc' dir='ltr'><em>ορῶσι.</em></span> <span class='ocrx_word' id='word_1_88' title='bbox 508 869 554 911; x_wconf 80' lang='grc' dir='ltr'><em>τί</em></span> <span class='ocrx_word' id='word_1_89' title='bbox 580 871 660 926; x_wconf 76' lang='grc' dir='ltr'>γὰρ</span> <span class='ocrx_word' id='word_1_90' title='bbox 707 870 765 927; x_wconf 70' lang='grc' dir='ltr'>μὴ</span> <span class='ocrx_word' id='word_1_91' title='bbox 811 873 861 929; x_wconf 84' lang='grc' dir='ltr'><em>τῇ</em></span> <span class='ocrx_word' id='word_1_92' title='bbox 893 871 1118 929; x_wconf 67' lang='grc' dir='ltr'><em>προτεραίᾳ</em></span> <span class='ocrx_word' id='word_1_93' title='bbox 1149 871 1223 927; x_wconf 75' lang='grc' dir='ltr'><em>τὴν</em></span> <span class='ocrx_word' id='word_1_94' title='bbox 1262 872 1465 926; x_wconf 75' lang='grc' dir='ltr'><em>στρατιὰν</em></span> <span class='ocrx_word' id='word_1_95' title='bbox 1493 874 1610 929; x_wconf 78' lang='grc' dir='ltr'><em>ἐξῆγε</em></span> <span class='ocrx_word' id='word_1_96' title='bbox 1637 871 1795 928; x_wconf 82' lang='grc' dir='ltr'><em>πρόςιο</em></span> 
     </span>
     <span class='ocr_line' id='line_1_12' title="bbox 297 933 1742 996; baseline 0.001 -15"><span class='ocrx_word' id='word_1_97' title='bbox 297 936 370 994; x_wconf 73' lang='grc' dir='ltr'><em>τὴν</em></span> <span class='ocrx_word' id='word_1_98' title='bbox 406 933 574 991; x_wconf 78' lang='grc' dir='ltr'><em>μάχην,</em></span> <span class='ocrx_word' id='word_1_99' title='bbox 620 936 727 980; x_wconf 73' lang='grc' dir='ltr'><em>ἀλλὰ</em></span> <span class='ocrx_word' id='word_1_100' title='bbox 766 936 871 991; x_wconf 74' lang='grc' dir='ltr'><em>μετὰ</em></span> <span class='ocrx_word' id='word_1_101' title='bbox 905 937 948 980; x_wconf 86' lang='grc' dir='ltr'><em>τὸ</em></span> <span class='ocrx_word' id='word_1_102' title='bbox 995 941 1210 980; x_wconf 83' lang='grc' dir='ltr'><em>πυθέσθαι</em></span> <span class='ocrx_word' id='word_1_103' title='bbox 1257 935 1382 981; x_wconf 73' lang='grc' dir='ltr'><em>αὐτὸν</em></span> <span class='ocrx_word' id='word_1_104' title='bbox 1413 939 1625 994; x_wconf 72' lang='grc' dir='ltr'><em>α’πάγοντα</em></span> <span class='ocrx_word' id='word_1_105' title='bbox 1667 939 1742 996; x_wconf 69' lang='grc' dir='ltr'>τὴν</span> 
     </span>
     <span class='ocr_line' id='line_1_13' title="bbox 296 1000 1742 1062; baseline -0.002 -13"><span class='ocrx_word' id='word_1_106' title='bbox 296 1005 524 1062; x_wconf 81' lang='grc' dir='ltr'><em>στρατιάν,·</em></span> <span class='ocrx_word' id='word_1_107' title='bbox 567 1003 659 1046; x_wconf 83' lang='grc' dir='ltr'><em>τότε</em></span> <span class='ocrx_word' id='word_1_108' title='bbox 691 1006 770 1057; x_wconf 78' lang='grc' dir='ltr'>μὲν</span> <span class='ocrx_word' id='word_1_109' title='bbox 802 1000 876 1046; x_wconf 72' lang='grc' dir='ltr'>οὖν</span> <span class='ocrx_word' id='word_1_110' title='bbox 908 1006 1181 1059; x_wconf 79' lang='grc' dir='ltr'><em>λελυπηκὲναι</em></span> <span class='ocrx_word' id='word_1_111' title='bbox 1224 1001 1335 1046; x_wconf 82' lang='grc' dir='ltr'><em>εἶπεν</em></span> <span class='ocrx_word' id='word_1_112' title='bbox 1370 1004 1516 1056; x_wconf 72' lang='grc' dir='ltr'><em>αΰτὸν,</em></span> <span class='ocrx_word' id='word_1_113' title='bbox 1549 1019 1742 1060; x_wconf 74' lang='grc' dir='ltr'><em>φυγομα-</em></span> 
     </span>
     <span class='ocr_line' id='line_1_14' title="bbox 294 1067 1740 1128; baseline 0 -16"><span class='ocrx_word' id='word_1_114' title='bbox 294 1070 427 1127; x_wconf 70' lang='grc' dir='ltr'><em>χὴσας</em></span> <span class='ocrx_word' id='word_1_115' title='bbox 457 1071 532 1110; x_wconf 71' lang='grc' dir='ltr'>οῦκ</span> <span class='ocrx_word' id='word_1_116' title='bbox 565 1067 706 1124; x_wconf 71' lang='grc' dir='ltr'><em>ὀλίγα·</em></span> <span class='ocrx_word' id='word_1_117' title='bbox 743 1071 809 1111; x_wconf 77' lang='grc' dir='ltr'><em>ἵνα</em></span> <span class='ocrx_word' id='word_1_118' title='bbox 845 1071 889 1111; x_wconf 76' lang='grc' dir='ltr'>δὲ</span> <span class='ocrx_word' id='word_1_119' title='bbox 923 1068 979 1124; x_wconf 70' lang='grc' dir='ltr'>μὴ</span> <span class='ocrx_word' id='word_1_120' title='bbox 1015 1070 1210 1112; x_wconf 59' lang='grc' dir='ltr'><em>ἐπιπλέοι]</em></span> <span class='ocrx_word' id='word_1_121' title='bbox 1240 1069 1311 1111; x_wconf 73' lang='grc' dir='ltr'>διὰ</span> <span class='ocrx_word' id='word_1_122' title='bbox 1339 1068 1416 1124; x_wconf 80' lang='grc' dir='ltr'>τὴν</span> <span class='ocrx_word' id='word_1_123' title='bbox 1451 1068 1589 1126; x_wconf 75' lang='grc' dir='ltr'><em>φυγὴν</em></span> <span class='ocrx_word' id='word_1_124' title='bbox 1612 1074 1740 1128; x_wconf 65' lang='grc' dir='ltr'>λυπῇῥ</span> 
     </span>
     <span class='ocr_line' id='line_1_15' title="bbox 295 1132 1742 1190; baseline 0.001 -13"><span class='ocrx_word' id='word_1_125' title='bbox 295 1134 392 1179; x_wconf 77' lang='grc' dir='ltr'><em>ὅσον</em></span> <span class='ocrx_word' id='word_1_126' title='bbox 419 1133 533 1177; x_wconf 67' lang='grc' dir='ltr'><em>οὔπω</em></span> <span class='ocrx_word' id='word_1_127' title='bbox 569 1135 694 1177; x_wconf 84' lang='grc' dir='ltr'><em>πάλιν</em></span> <span class='ocrx_word' id='word_1_128' title='bbox 730 1132 1032 1177; x_wconf 74' lang='grc' dir='ltr'><em>ἐπελεύσεσθαι</em></span> <span class='ocrx_word' id='word_1_129' title='bbox 1065 1134 1137 1176; x_wconf 80' lang='grc' dir='ltr'><em>καί</em></span> <span class='ocrx_word' id='word_1_130' title='bbox 1156 1134 1328 1190; x_wconf 75' lang='grc' dir='ltr'><em>μηνύειν</em></span> <span class='ocrx_word' id='word_1_131' title='bbox 1360 1134 1431 1178; x_wconf 71' lang='grc' dir='ltr'>διὰ</span> <span class='ocrx_word' id='word_1_132' title='bbox 1473 1138 1620 1188; x_wconf 82' lang='grc' dir='ltr'><em>τοῦτο,</em></span> <span class='ocrx_word' id='word_1_133' title='bbox 1669 1139 1742 1179; x_wconf 69' lang='grc' dir='ltr'>ἵνα</span> 
     </span>
     <span class='ocr_line' id='line_1_16' title="bbox 296 1199 1792 1258; baseline 0 -14"><span class='ocrx_word' id='word_1_134' title='bbox 296 1203 399 1258; x_wconf 77' lang='grc' dir='ltr'><em>μήτε</em></span> <span class='ocrx_word' id='word_1_135' title='bbox 430 1206 602 1243; x_wconf 81' lang='grc' dir='ltr'><em>λυποῖτο</em></span> <span class='ocrx_word' id='word_1_136' title='bbox 636 1202 829 1242; x_wconf 61' lang='grc' dir='ltr'><em>ἐπιπλέοι)</em></span> <span class='ocrx_word' id='word_1_137' title='bbox 863 1203 935 1240; x_wconf 85' lang='grc' dir='ltr'><strong><em>καί</em></strong></span> <span class='ocrx_word' id='word_1_138' title='bbox 963 1199 1320 1255; x_wconf 77' lang='grc' dir='ltr'><em>παρασκευάζοιτο</em></span> <span class='ocrx_word' id='word_1_139' title='bbox 1350 1200 1454 1256; x_wconf 86' lang='grc' dir='ltr'><em>πρὸς</em></span> <span class='ocrx_word' id='word_1_140' title='bbox 1474 1199 1630 1256; x_wconf 76' lang='grc' dir='ltr'><em>μάχην.</em></span> <span class='ocrx_word' id='word_1_141' title='bbox 1661 1202 1792 1244; x_wconf 72' lang='grc' dir='ltr'><em>’.Α-15</em></span> 
     </span>
    </p>

    <p class='ocr_par' dir='ltr' id='par_1_4' title="bbox 253 1260 1782 1715">
     <span class='ocr_line' id='line_1_17' title="bbox 253 1260 1735 1323; baseline 0.001 -15"><span class='ocrx_word' id='word_1_142' title='bbox 253 1270 418 1323; x_wconf 77' lang='grc' dir='ltr'><em>ορῆγος</em></span> <span class='ocrx_word' id='word_1_143' title='bbox 450 1268 528 1320; x_wconf 82' lang='grc' dir='ltr'>μὲν</span> <span class='ocrx_word' id='word_1_144' title='bbox 555 1262 628 1307; x_wconf 78' lang='grc' dir='ltr'>οὖν</span> <span class='ocrx_word' id='word_1_145' title='bbox 660 1260 789 1320; x_wconf 77' lang='grc' dir='ltr'><em>ἦλθεν</em></span> <span class='ocrx_word' id='word_1_146' title='bbox 821 1267 880 1313; x_wconf 87' lang='grc' dir='ltr'><em>εἰς</em></span> <span class='ocrx_word' id='word_1_147' title='bbox 903 1266 1099 1307; x_wconf 82' lang='grc' dir='ltr'><em>Γαλατᾶν</em></span> <span class='ocrx_word' id='word_1_148' title='bbox 1127 1267 1200 1307; x_wconf 81' lang='grc' dir='ltr'><em>καί</em></span> <span class='ocrx_word' id='word_1_149' title='bbox 1229 1267 1328 1308; x_wconf 74' lang='grc' dir='ltr'><em>ου’ὃὲ</em></span> <span class='ocrx_word' id='word_1_150' title='bbox 1362 1267 1486 1320; x_wconf 79' lang='grc' dir='ltr'><em>λόγου</em></span> <span class='ocrx_word' id='word_1_151' title='bbox 1507 1266 1619 1316; x_wconf 79' lang='grc' dir='ltr'><em>τινὸς</em></span> <span class='ocrx_word' id='word_1_152' title='bbox 1646 1267 1735 1323; x_wconf 75' lang='grc' dir='ltr'><em>ἠξί-</em></span> 
     </span>
     <span class='ocr_line' id='line_1_18' title="bbox 292 1330 1734 1388; baseline -0.002 -12"><span class='ocrx_word' id='word_1_153' title='bbox 292 1349 374 1376; x_wconf 90' lang='grc' dir='ltr'><em>ωσε</em></span> <span class='ocrx_word' id='word_1_154' title='bbox 398 1331 492 1381; x_wconf 80' lang='grc' dir='ltr'><em>τούς</em></span> <span class='ocrx_word' id='word_1_155' title='bbox 521 1333 780 1384; x_wconf 75' lang='grc' dir='ltr'><em>πέμψαντας.</em></span> <span class='ocrx_word' id='word_1_156' title='bbox 825 1330 923 1380; x_wconf 77' lang='grc' dir='ltr'>ὸόύξ</span> <span class='ocrx_word' id='word_1_157' title='bbox 952 1333 997 1372; x_wconf 75' lang='grc' dir='ltr'>δὲ</span> <span class='ocrx_word' id='word_1_158' title='bbox 1025 1330 1046 1372; x_wconf 83' lang='grc' dir='ltr'>ὅ</span> <span class='ocrx_word' id='word_1_159' title='bbox 1076 1333 1206 1385; x_wconf 83' lang='grc' dir='ltr'><em>μέγας</em></span> <span class='ocrx_word' id='word_1_160' title='bbox 1223 1365 1233 1382; x_wconf 83' lang='grc'><em>,</em></span> <span class='ocrx_word' id='word_1_161' title='bbox 1268 1334 1359 1374; x_wconf 78' lang='grc' dir='ltr'><em>ἐπεῖ</em></span> <span class='ocrx_word' id='word_1_162' title='bbox 1387 1330 1558 1374; x_wconf 82' lang='grc' dir='ltr'><em>πύθοιτο</em></span> <span class='ocrx_word' id='word_1_163' title='bbox 1582 1330 1734 1388; x_wconf 76' lang='grc' dir='ltr'><em>ἐπανή-</em></span> 
     </span>
     <span class='ocr_line' id='line_1_19' title="bbox 289 1395 1734 1452; baseline 0.001 -13"><span class='ocrx_word' id='word_1_164' title='bbox 289 1414 432 1451; x_wconf 84' lang='grc' dir='ltr'><em>κοντα,</em></span> <span class='ocrx_word' id='word_1_165' title='bbox 465 1400 683 1439; x_wconf 82' lang='grc' dir='ltr'><em>κατὲπλεεν</em></span> <span class='ocrx_word' id='word_1_166' title='bbox 721 1399 765 1446; x_wconf 79' lang='grc' dir='ltr'>ἐξ</span> <span class='ocrx_word' id='word_1_167' title='bbox 790 1395 923 1451; x_wconf 79' lang='grc' dir='ltr'><em>Ἱεροῦ</em></span> <span class='ocrx_word' id='word_1_168' title='bbox 951 1396 1023 1437; x_wconf 84' lang='grc' dir='ltr'><em>καί</em></span> <span class='ocrx_word' id='word_1_169' title='bbox 1058 1402 1319 1448; x_wconf 84' lang='grc' dir='ltr'><em>μετεκαλεῖτο</em></span> <span class='ocrx_word' id='word_1_170' title='bbox 1349 1395 1418 1438; x_wconf 83' lang='grc' dir='ltr'><em>τὸν</em></span> <span class='ocrx_word' id='word_1_171' title='bbox 1448 1399 1638 1452; x_wconf 53' lang='grc' dir='ltr'><em>Ἀρῆγον,</em></span> <span class='ocrx_word' id='word_1_172' title='bbox 1675 1397 1734 1448; x_wconf 81' lang='grc' dir='ltr'>ὥς</span> 
     </span>
     <span class='ocr_line' id='line_1_20' title="bbox 289 1457 1730 1519; baseline 0.001 -15"><span class='ocrx_word' id='word_1_173' title='bbox 289 1466 388 1519; x_wconf 69' lang='grc' dir='ltr'><em>περὶ</em></span> <span class='ocrx_word' id='word_1_174' title='bbox 407 1465 478 1518; x_wconf 78' lang='grc' dir='ltr'><em>τῆς</em></span> <span class='ocrx_word' id='word_1_175' title='bbox 505 1463 726 1518; x_wconf 76' lang='grc' dir='ltr'><em>πρεσβείας</em></span> <span class='ocrx_word' id='word_1_176' title='bbox 748 1463 983 1517; x_wconf 74' lang='grc' dir='ltr'><em>ἐρωτήσων.</em></span> <span class='ocrx_word' id='word_1_177' title='bbox 1043 1460 1066 1502; x_wconf 82' lang='grc' dir='ltr'>ὅ</span> <span class='ocrx_word' id='word_1_178' title='bbox 1097 1463 1132 1503; x_wconf 78' lang='grc' dir='ltr'>δ’</span> <span class='ocrx_word' id='word_1_179' title='bbox 1159 1457 1252 1504; x_wconf 70' lang='grc' dir='ltr'><em>οὔτε</em></span> <span class='ocrx_word' id='word_1_180' title='bbox 1281 1465 1524 1518; x_wconf 79' lang='grc' dir='ltr'><em>παρεγένετο</em></span> <span class='ocrx_word' id='word_1_181' title='bbox 1561 1462 1633 1505; x_wconf 74' lang='grc' dir='ltr'><em>καὶ</em></span> <span class='ocrx_word' id='word_1_182' title='bbox 1655 1468 1730 1505; x_wconf 81' lang='grc' dir='ltr'>κά-</span> 
     </span>
     <span class='ocr_line' id='line_1_21' title="bbox 287 1524 1782 1584; baseline 0 -14"><span class='ocrx_word' id='word_1_183' title='bbox 287 1526 450 1583; x_wconf 81' lang='grc' dir='ltr'><em>τηγὸρει</em></span> <span class='ocrx_word' id='word_1_184' title='bbox 488 1530 690 1584; x_wconf 70' lang='grc' dir='ltr'><em>φανεραῖς,</em></span> <span class='ocrx_word' id='word_1_185' title='bbox 722 1524 782 1569; x_wconf 80' lang='grc' dir='ltr'><em>ὅτι</em></span> <span class='ocrx_word' id='word_1_186' title='bbox 813 1526 886 1568; x_wconf 82' lang='grc' dir='ltr'><em>καί</em></span> <span class='ocrx_word' id='word_1_187' title='bbox 922 1527 1057 1583; x_wconf 81' lang='grc' dir='ltr'><em>φόβον</em></span> <span class='ocrx_word' id='word_1_188' title='bbox 1091 1527 1227 1570; x_wconf 80' lang='grc' dir='ltr'><em>πάντα</em></span> <span class='ocrx_word' id='word_1_189' title='bbox 1261 1529 1364 1569; x_wconf 77' lang='grc' dir='ltr'><em>θεοῦ</em></span> <span class='ocrx_word' id='word_1_190' title='bbox 1391 1528 1464 1570; x_wconf 77' lang='grc' dir='ltr'><em>καὶ</em></span> <span class='ocrx_word' id='word_1_191' title='bbox 1494 1527 1782 1584; x_wconf 64' lang='grc' dir='ltr'><em>ἀνθρώπωναο</em></span> 
     </span>
     <span class='ocr_line' id='line_1_22' title="bbox 288 1590 1726 1650; baseline 0.001 -14"><span class='ocrx_word' id='word_1_192' title='bbox 288 1592 540 1646; x_wconf 69' lang='grc' dir='ltr'><em>ἀποθέμενοι</em></span> <span class='ocrx_word' id='word_1_193' title='bbox 567 1593 687 1647; x_wconf 72' lang='grc' dir='ltr'><em>αἰδῶ,</em></span> <span class='ocrx_word' id='word_1_194' title='bbox 718 1595 892 1635; x_wconf 80' lang='grc' dir='ltr'><em>τοιαῦτα</em></span> <span class='ocrx_word' id='word_1_195' title='bbox 916 1591 1182 1648; x_wconf 74' lang='grc' dir='ltr'><em>πράττουσιν,</em></span> <span class='ocrx_word' id='word_1_196' title='bbox 1211 1590 1279 1636; x_wconf 80' lang='grc' dir='ltr'><em>οἷα</em></span> <span class='ocrx_word' id='word_1_197' title='bbox 1306 1597 1385 1643; x_wconf 82' lang='grc' dir='ltr'>πᾶς</span> <span class='ocrx_word' id='word_1_198' title='bbox 1412 1610 1475 1644; x_wconf 90' lang='grc' dir='ltr'><em>τις</em></span> <span class='ocrx_word' id='word_1_199' title='bbox 1503 1590 1555 1636; x_wconf 74' lang='grc' dir='ltr'>ἂν</span> <span class='ocrx_word' id='word_1_200' title='bbox 1581 1596 1726 1650; x_wconf 79' lang='grc' dir='ltr'><em>μισοίη</em></span> 
     </span>
     <span class='ocr_line' id='line_1_23' title="bbox 289 1657 1728 1715; baseline 0 -13"><span class='ocrx_word' id='word_1_201' title='bbox 289 1659 494 1702; x_wconf 78' lang='grc' dir='ltr'><em>συνιδών·</em></span> <span class='ocrx_word' id='word_1_202' title='bbox 520 1657 678 1715; x_wconf 80' lang='grc' dir='ltr'><em>ἔφασκέ</em></span> <span class='ocrx_word' id='word_1_203' title='bbox 702 1675 746 1701; x_wconf 83' lang='grc' dir='ltr'>τε</span> <span class='ocrx_word' id='word_1_204' title='bbox 764 1692 776 1712; x_wconf 92' lang='grc'><em>,</em></span> <span class='ocrx_word' id='word_1_205' title='bbox 808 1658 866 1708; x_wconf 76' lang='grc' dir='ltr'>ὥς</span> <span class='ocrx_word' id='word_1_206' title='bbox 891 1657 995 1715; x_wconf 86' lang='grc' dir='ltr'><em>πρὸς</em></span> <span class='ocrx_word' id='word_1_207' title='bbox 1030 1659 1102 1709; x_wconf 76' lang='grc' dir='ltr'><em>τὰς</em></span> <span class='ocrx_word' id='word_1_208' title='bbox 1128 1660 1326 1709; x_wconf 79' lang='grc' dir='ltr'><em>τοιαύτας</em></span> <span class='ocrx_word' id='word_1_209' title='bbox 1352 1660 1598 1715; x_wconf 77' lang='grc' dir='ltr'><em>α’πολογιάς,</em></span> <span class='ocrx_word' id='word_1_210' title='bbox 1634 1660 1728 1709; x_wconf 83' lang='grc' dir='ltr'><em>οἵας</em></span> 
     </span>
    </p>
   </div>
   <div class='ocr_carea' id='block_1_3' title="bbox 275 1787 1743 2809">
    <p class='ocr_par' dir='ltr' id='par_1_5' title="bbox 275 1787 1743 2809">
     <span class='ocr_line' id='line_1_24' title="bbox 287 1787 1725 1832; baseline 0 -11"><span class='ocrx_word' id='word_1_211' title='bbox 287 1793 378 1821; x_wconf 84' lang='lat' dir='ltr'>sent.</span> <span class='ocrx_word' id='word_1_212' title='bbox 429 1788 697 1822; x_wconf 85' lang='lat' dir='ltr'>Cantacuzenus</span> <span class='ocrx_word' id='word_1_213' title='bbox 733 1788 885 1832; x_wconf 81' lang='lat' dir='ltr'>Aregum</span> <span class='ocrx_word' id='word_1_214' title='bbox 911 1798 986 1820; x_wconf 89' lang='lat' dir='ltr'>non</span> <span class='ocrx_word' id='word_1_215' title='bbox 1012 1788 1135 1832; x_wconf 84' lang='lat' dir='ltr'>paucis</span> <span class='ocrx_word' id='word_1_216' title='bbox 1163 1787 1292 1820; x_wconf 86' lang='lat' dir='ltr'>diebus</span> <span class='ocrx_word' id='word_1_217' title='bbox 1319 1788 1417 1832; x_wconf 86' lang='lat' dir='ltr'>apud</span> <span class='ocrx_word' id='word_1_218' title='bbox 1441 1798 1478 1820; x_wconf 90' lang='lat' dir='ltr'>se</span> <span class='ocrx_word' id='word_1_219' title='bbox 1506 1787 1725 1822; x_wconf 81' lang='lat' dir='ltr'>diversatum</span> 
     </span>
     <span class='ocr_line' id='line_1_25' title="bbox 287 1833 1724 1879; baseline 0 -11"><span class='ocrx_word' id='word_1_220' title='bbox 287 1834 429 1868; x_wconf 79' lang='lat' dir='ltr'>dimisit</span> <span class='ocrx_word' id='word_1_221' title='bbox 470 1845 551 1868; x_wconf 88' lang='lat' dir='ltr'>cum</span> <span class='ocrx_word' id='word_1_222' title='bbox 590 1834 760 1868; x_wconf 85' lang='lat' dir='ltr'>mandato</span> <span class='ocrx_word' id='word_1_223' title='bbox 778 1859 786 1874; x_wconf 93' lang='lat'><strong>‚</strong></span> <span class='ocrx_word' id='word_1_224' title='bbox 825 1840 866 1867; x_wconf 86' lang='lat' dir='ltr'>ut</span> <span class='ocrx_word' id='word_1_225' title='bbox 894 1833 937 1866; x_wconf 81' lang='lat' dir='ltr'>iis</span> <span class='ocrx_word' id='word_1_226' title='bbox 954 1859 963 1875; x_wconf 87' lang='lat'>,</span> <span class='ocrx_word' id='word_1_227' title='bbox 989 1845 1008 1865; x_wconf 85' lang='lat' dir='ltr'>a</span> <span class='ocrx_word' id='word_1_228' title='bbox 1036 1834 1168 1878; x_wconf 80' lang='lat' dir='ltr'>quib&#39;us</span> <span class='ocrx_word' id='word_1_229' title='bbox 1194 1834 1375 1874; x_wconf 84' lang='lat' dir='ltr'>venisset,</span> <span class='ocrx_word' id='word_1_230' title='bbox 1401 1833 1500 1868; x_wconf 86' lang='lat' dir='ltr'>nihil</span> <span class='ocrx_word' id='word_1_231' title='bbox 1523 1833 1724 1879; x_wconf 84' lang='lat' dir='ltr'>responde-</span> 
     </span>
     <span class='ocr_line' id='line_1_26' title="bbox 286 1880 1723 1926; baseline 0 -12"><span class='ocrx_word' id='word_1_232' title='bbox 286 1886 362 1914; x_wconf 82' lang='lat' dir='ltr'>ret:</span> <span class='ocrx_word' id='word_1_233' title='bbox 395 1881 512 1914; x_wconf 89' lang='lat' dir='ltr'>solum</span> <span class='ocrx_word' id='word_1_234' title='bbox 549 1892 677 1926; x_wconf 84' lang='lat' dir='ltr'>magno</span> <span class='ocrx_word' id='word_1_235' title='bbox 712 1881 796 1915; x_wconf 87' lang='lat' dir='ltr'>duci</span> <span class='ocrx_word' id='word_1_236' title='bbox 824 1880 990 1921; x_wconf 83' lang='lat' dir='ltr'>diceret,</span> <span class='ocrx_word' id='word_1_237' title='bbox 1019 1880 1121 1913; x_wconf 88' lang='lat' dir='ltr'>illum</span> <span class='ocrx_word' id='word_1_238' title='bbox 1147 1890 1214 1913; x_wconf 89' lang='lat' dir='ltr'>nec</span> <span class='ocrx_word' id='word_1_239' title='bbox 1234 1887 1339 1914; x_wconf 81' lang='lat' dir='ltr'>antea</span> <span class='ocrx_word' id='word_1_240' title='bbox 1356 1905 1365 1921; x_wconf 92' lang='lat'>,</span> <span class='ocrx_word' id='word_1_241' title='bbox 1391 1891 1458 1914; x_wconf 91' lang='lat' dir='ltr'>nec</span> <span class='ocrx_word' id='word_1_242' title='bbox 1481 1881 1587 1914; x_wconf 85' lang='lat' dir='ltr'>modo</span> <span class='ocrx_word' id='word_1_243' title='bbox 1613 1880 1723 1914; x_wconf 84' lang='lat' dir='ltr'>fami-</span> 
     </span>
     <span class='ocr_line' id='line_1_27' title="bbox 285 1926 1735 1973; baseline -0.001 -14"><span class='ocrx_word' id='word_1_244' title='bbox 285 1928 385 1961; x_wconf 83' lang='lat' dir='ltr'>liaris</span> <span class='ocrx_word' id='word_1_245' title='bbox 410 1927 480 1960; x_wconf 91' lang='lat' dir='ltr'>sibi</span> <span class='ocrx_word' id='word_1_246' title='bbox 505 1928 740 1973; x_wconf 83' lang='lat' dir='ltr'>imposturae,</span> <span class='ocrx_word' id='word_1_247' title='bbox 764 1927 973 1960; x_wconf 85' lang='lat' dir='ltr'>calliditatis</span> <span class='ocrx_word' id='word_1_248' title='bbox 999 1938 1040 1960; x_wconf 86' lang='lat' dir='ltr'>ac</span> <span class='ocrx_word' id='word_1_249' title='bbox 1063 1927 1249 1972; x_wconf 81' lang='lat' dir='ltr'>pravitatis</span> <span class='ocrx_word' id='word_1_250' title='bbox 1274 1926 1438 1960; x_wconf 88' lang='lat' dir='ltr'>oblivisci</span> <span class='ocrx_word' id='word_1_251' title='bbox 1463 1937 1587 1971; x_wconf 86' lang='lat' dir='ltr'>posse:</span> <span class='ocrx_word' id='word_1_252' title='bbox 1614 1932 1735 1971; x_wconf 56' lang='grc' dir='ltr'>μήτι-τ</span> 
     </span>
     <span class='ocr_line' id='line_1_28' title="bbox 284 1973 1721 2020; baseline -0.001 -13"><span class='ocrx_word' id='word_1_253' title='bbox 284 1984 396 2019; x_wconf 86' lang='lat' dir='ltr'>reque</span> <span class='ocrx_word' id='word_1_254' title='bbox 420 1978 568 2020; x_wconf 85' lang='lat' dir='ltr'>propter</span> <span class='ocrx_word' id='word_1_255' title='bbox 591 1985 690 2008; x_wconf 87' lang='lat' dir='ltr'>suam</span> <span class='ocrx_word' id='word_1_256' title='bbox 717 1976 756 2008; x_wconf 92' lang='lat' dir='ltr'>in</span> <span class='ocrx_word' id='word_1_257' title='bbox 781 1973 837 2006; x_wconf 88' lang='lat' dir='ltr'>his</span> <span class='ocrx_word' id='word_1_258' title='bbox 864 1974 1116 2007; x_wconf 84' lang='lat' dir='ltr'>excellentiam</span> <span class='ocrx_word' id='word_1_259' title='bbox 1143 1974 1252 2006; x_wconf 85' lang='lat' dir='ltr'>etiam</span> <span class='ocrx_word' id='word_1_260' title='bbox 1278 1974 1347 2019; x_wconf 88' lang='lat' dir='ltr'>ipsi</span> <span class='ocrx_word' id='word_1_261' title='bbox 1375 1975 1448 2007; x_wconf 91' lang='lat' dir='ltr'>Deo</span> <span class='ocrx_word' id='word_1_262' title='bbox 1483 1983 1559 2007; x_wconf 79' lang='lat' dir='ltr'>sese</span> <span class='ocrx_word' id='word_1_263' title='bbox 1596 1973 1721 2006; x_wconf 84' lang='lat' dir='ltr'>sucum</span> 
     </span>
     <span class='ocr_line' id='line_1_29' title="bbox 283 2018 1722 2065; baseline -0.001 -11"><span class='ocrx_word' id='word_1_264' title='bbox 283 2021 472 2054; x_wconf 79' lang='lat' dir='ltr'>facturum.</span> <span class='ocrx_word' id='word_1_265' title='bbox 529 2020 618 2054; x_wconf 90' lang='lat' dir='ltr'>Nam</span> <span class='ocrx_word' id='word_1_266' title='bbox 652 2032 733 2054; x_wconf 90' lang='lat' dir='ltr'>cum</span> <span class='ocrx_word' id='word_1_267' title='bbox 768 2019 912 2065; x_wconf 85' lang='lat' dir='ltr'>quidvis</span> <span class='ocrx_word' id='word_1_268' title='bbox 949 2020 987 2053; x_wconf 91' lang='lat' dir='ltr'>in</span> <span class='ocrx_word' id='word_1_269' title='bbox 1020 2021 1140 2053; x_wconf 85' lang='lat' dir='ltr'>animo</span> <span class='ocrx_word' id='word_1_270' title='bbox 1164 2018 1315 2053; x_wconf 85' lang='lat' dir='ltr'>haberet</span> <span class='ocrx_word' id='word_1_271' title='bbox 1339 2020 1486 2064; x_wconf 85' lang='lat' dir='ltr'>potius,</span> <span class='ocrx_word' id='word_1_272' title='bbox 1511 2030 1618 2064; x_wconf 88' lang='lat' dir='ltr'>quam</span> <span class='ocrx_word' id='word_1_273' title='bbox 1642 2020 1722 2052; x_wconf 85' lang='lat' dir='ltr'>acie</span> 
     </span>
     <span class='ocr_line' id='line_1_30' title="bbox 283 2066 1722 2112; baseline 0 -11"><span class='ocrx_word' id='word_1_274' title='bbox 283 2068 451 2112; x_wconf 83' lang='lat' dir='ltr'>opposita</span> <span class='ocrx_word' id='word_1_275' title='bbox 487 2077 608 2101; x_wconf 86' lang='lat' dir='ltr'>secum</span> <span class='ocrx_word' id='word_1_276' title='bbox 642 2068 825 2112; x_wconf 84' lang='lat' dir='ltr'>congredi,</span> <span class='ocrx_word' id='word_1_277' title='bbox 852 2072 970 2100; x_wconf 87' lang='lat' dir='ltr'>tamen</span> <span class='ocrx_word' id='word_1_278' title='bbox 1004 2066 1284 2110; x_wconf 83' lang='lat' dir='ltr'>supplicationes</span> <span class='ocrx_word' id='word_1_279' title='bbox 1320 2071 1357 2099; x_wconf 80' lang='lat' dir='ltr'>et</span> <span class='ocrx_word' id='word_1_280' title='bbox 1379 2067 1580 2111; x_wconf 81' lang='lat' dir='ltr'>placamina</span> <span class='ocrx_word' id='word_1_281' title='bbox 1602 2075 1722 2100; x_wconf 84' lang='lat' dir='ltr'>sacer·</span> 
     </span>
     <span class='ocr_line' id='line_1_31' title="bbox 285 2112 1717 2158; baseline -0.001 -10"><span class='ocrx_word' id='word_1_282' title='bbox 285 2113 433 2148; x_wconf 84' lang='lat' dir='ltr'>dotibus</span> <span class='ocrx_word' id='word_1_283' title='bbox 466 2124 531 2158; x_wconf 87' lang='lat' dir='ltr'>pro</span> <span class='ocrx_word' id='word_1_284' title='bbox 567 2125 624 2155; x_wconf 87' lang='lat' dir='ltr'>se,</span> <span class='ocrx_word' id='word_1_285' title='bbox 656 2119 698 2147; x_wconf 89' lang='lat' dir='ltr'>ut</span> <span class='ocrx_word' id='word_1_286' title='bbox 731 2118 956 2158; x_wconf 86' lang='lat' dir='ltr'>pugnaturo,</span> <span class='ocrx_word' id='word_1_287' title='bbox 990 2112 1176 2145; x_wconf 71' lang='lat' dir='ltr'>indixisse.</span> <span class='ocrx_word' id='word_1_288' title='bbox 1230 2112 1379 2145; x_wconf 84' lang='lat' dir='ltr'>Interim</span> <span class='ocrx_word' id='word_1_289' title='bbox 1415 2123 1451 2145; x_wconf 80' lang='lat' dir='ltr'>se</span> <span class='ocrx_word' id='word_1_290' title='bbox 1490 2117 1586 2146; x_wconf 83' lang='lat' dir='ltr'>certo</span> <span class='ocrx_word' id='word_1_291' title='bbox 1611 2112 1717 2154; x_wconf 68' lang='lat' dir='ltr'>scire,</span> 
     </span>
     <span class='ocr_line' id='line_1_32' title="bbox 280 2158 1718 2205; baseline -0.001 -12"><span class='ocrx_word' id='word_1_292' title='bbox 280 2171 403 2205; x_wconf 87' lang='lat' dir='ltr'>neque</span> <span class='ocrx_word' id='word_1_293' title='bbox 435 2161 553 2194; x_wconf 89' lang='lat' dir='ltr'>Deum</span> <span class='ocrx_word' id='word_1_294' title='bbox 588 2161 726 2200; x_wconf 89' lang='lat' dir='ltr'>latere,</span> <span class='ocrx_word' id='word_1_295' title='bbox 768 2159 856 2205; x_wconf 87' lang='lat' dir='ltr'>quid</span> <span class='ocrx_word' id='word_1_296' title='bbox 888 2160 966 2204; x_wconf 89' lang='lat' dir='ltr'>ipse</span> <span class='ocrx_word' id='word_1_297' title='bbox 991 2164 1074 2203; x_wconf 80' lang='lat' dir='ltr'>agat</span> <span class='ocrx_word' id='word_1_298' title='bbox 1098 2164 1135 2191; x_wconf 86' lang='lat' dir='ltr'>et</span> <span class='ocrx_word' id='word_1_299' title='bbox 1158 2158 1305 2202; x_wconf 80' lang='lat' dir='ltr'>cogitet:</span> <span class='ocrx_word' id='word_1_300' title='bbox 1334 2164 1371 2191; x_wconf 79' lang='lat' dir='ltr'>et</span> <span class='ocrx_word' id='word_1_301' title='bbox 1395 2158 1560 2192; x_wconf 82' lang='lat' dir='ltr'>homines</span> <span class='ocrx_word' id='word_1_302' title='bbox 1587 2159 1616 2191; x_wconf 81' lang='lat' dir='ltr'>si</span> <span class='ocrx_word' id='word_1_303' title='bbox 1642 2170 1718 2192; x_wconf 85' lang='lat' dir='ltr'>non</span> 
     </span>
     <span class='ocr_line' id='line_1_33' title="bbox 282 2204 1718 2251; baseline 0 -12"><span class='ocrx_word' id='word_1_304' title='bbox 282 2213 393 2248; x_wconf 85' lang='lat' dir='ltr'>ante,</span> <span class='ocrx_word' id='word_1_305' title='bbox 425 2212 465 2240; x_wconf 84' lang='lat' dir='ltr'>at</span> <span class='ocrx_word' id='word_1_306' title='bbox 497 2211 593 2241; x_wconf 83' lang='lat' dir='ltr'>certe</span> <span class='ocrx_word' id='word_1_307' title='bbox 629 2212 734 2251; x_wconf 88' lang='lat' dir='ltr'>post,</span> <span class='ocrx_word' id='word_1_308' title='bbox 758 2205 901 2239; x_wconf 77' lang='lat' dir='ltr'><strong>fraudes</strong></span> <span class='ocrx_word' id='word_1_309' title='bbox 937 2206 1014 2238; x_wconf 87' lang='lat' dir='ltr'>eius</span> <span class='ocrx_word' id='word_1_310' title='bbox 1049 2204 1296 2248; x_wconf 81' lang='lat' dir='ltr'>versutiasque</span> <span class='ocrx_word' id='word_1_311' title='bbox 1336 2216 1460 2238; x_wconf 78' lang='lat' dir='ltr'>omnes</span> <span class='ocrx_word' id='word_1_312' title='bbox 1495 2206 1718 2249; x_wconf 70' lang='lat' dir='ltr'>cognituros-</span> 
     </span>
     <span class='ocr_line' id='line_1_34' title="bbox 282 2250 1716 2298; baseline -0.002 -13"><span class='ocrx_word' id='word_1_313' title='bbox 282 2252 354 2287; x_wconf 89' lang='lat' dir='ltr'>Cur</span> <span class='ocrx_word' id='word_1_314' title='bbox 377 2254 474 2287; x_wconf 90' lang='lat' dir='ltr'>enim</span> <span class='ocrx_word' id='word_1_315' title='bbox 499 2264 574 2287; x_wconf 92' lang='lat' dir='ltr'>non</span> <span class='ocrx_word' id='word_1_316' title='bbox 596 2253 734 2298; x_wconf 85' lang='lat' dir='ltr'>pridie,</span> <span class='ocrx_word' id='word_1_317' title='bbox 773 2251 837 2285; x_wconf 89' lang='lat' dir='ltr'>sed</span> <span class='ocrx_word' id='word_1_318' title='bbox 861 2257 1052 2297; x_wconf 83' lang='lat' dir='ltr'>postquam</span> <span class='ocrx_word' id='word_1_319' title='bbox 1075 2251 1279 2284; x_wconf 86' lang='lat' dir='ltr'>discessisse</span> <span class='ocrx_word' id='word_1_320' title='bbox 1305 2250 1547 2285; x_wconf 81' lang='lat' dir='ltr'>adversarium</span> <span class='ocrx_word' id='word_1_321' title='bbox 1577 2251 1716 2284; x_wconf 81' lang='lat' dir='ltr'>exerci-</span> 
     </span>
     <span class='ocr_line' id='line_1_35' title="bbox 276 2295 1715 2344; baseline -0.001 -12"><span class='ocrx_word' id='word_1_322' title='bbox 276 2303 355 2332; x_wconf 83' lang='lat' dir='ltr'>tum</span> <span class='ocrx_word' id='word_1_323' title='bbox 379 2299 557 2341; x_wconf 83' lang='lat' dir='ltr'>audierit,</span> <span class='ocrx_word' id='word_1_324' title='bbox 583 2300 703 2344; x_wconf 78' lang='lat' dir='ltr'>copias</span> <span class='ocrx_word' id='word_1_325' title='bbox 728 2309 809 2333; x_wconf 88' lang='lat' dir='ltr'>suas</span> <span class='ocrx_word' id='word_1_326' title='bbox 833 2298 879 2332; x_wconf 87' lang='lat' dir='ltr'>ad</span> <span class='ocrx_word' id='word_1_327' title='bbox 902 2298 1081 2343; x_wconf 82' lang='lat' dir='ltr'>proelium</span> <span class='ocrx_word' id='word_1_328' title='bbox 1106 2295 1294 2330; x_wconf 69' lang='lat' dir='ltr'>eduxerit?</span> <span class='ocrx_word' id='word_1_329' title='bbox 1352 2298 1445 2331; x_wconf 89' lang='lat' dir='ltr'>Tum</span> <span class='ocrx_word' id='word_1_330' title='bbox 1473 2308 1511 2331; x_wconf 76' lang='lat' dir='ltr'>se</span> <span class='ocrx_word' id='word_1_331' title='bbox 1535 2299 1603 2331; x_wconf 74' lang='lat' dir='ltr'>ista</span> <span class='ocrx_word' id='word_1_332' title='bbox 1628 2298 1715 2343; x_wconf 73' lang='lat' dir='ltr'>fuga</span> 
     </span>
     <span class='ocr_line' id='line_1_36' title="bbox 280 2342 1714 2390; baseline 0.001 -14"><span class='ocrx_word' id='word_1_333' title='bbox 280 2347 530 2380; x_wconf 85' lang='lat' dir='ltr'>contristatum</span> <span class='ocrx_word' id='word_1_334' title='bbox 565 2345 724 2386; x_wconf 84' lang='lat' dir='ltr'>dixisse,</span> <span class='ocrx_word' id='word_1_335' title='bbox 761 2356 842 2379; x_wconf 89' lang='lat' dir='ltr'>cum</span> <span class='ocrx_word' id='word_1_336' title='bbox 881 2346 1035 2390; x_wconf 88' lang='lat' dir='ltr'>ipsemet</span> <span class='ocrx_word' id='word_1_337' title='bbox 1079 2354 1236 2388; x_wconf 79' lang='lat' dir='ltr'>pugnam</span> <span class='ocrx_word' id='word_1_338' title='bbox 1287 2342 1520 2378; x_wconf 85' lang='lat' dir='ltr'>vehementer</span> <span class='ocrx_word' id='word_1_339' title='bbox 1559 2343 1714 2388; x_wconf 81' lang='lat' dir='ltr'>fugeret.</span> 
     </span>
     <span class='ocr_line' id='line_1_37' title="bbox 277 2390 1711 2437; baseline -0.001 -14"><span class='ocrx_word' id='word_1_340' title='bbox 277 2391 333 2424; x_wconf 90' lang='lat' dir='ltr'>Ne</span> <span class='ocrx_word' id='word_1_341' title='bbox 363 2403 472 2437; x_wconf 86' lang='lat' dir='ltr'>porro</span> <span class='ocrx_word' id='word_1_342' title='bbox 508 2392 646 2426; x_wconf 90' lang='lat' dir='ltr'>diutius</span> <span class='ocrx_word' id='word_1_343' title='bbox 680 2392 757 2434; x_wconf 84' lang='lat' dir='ltr'>eius</span> <span class='ocrx_word' id='word_1_344' title='bbox 788 2392 872 2436; x_wconf 80' lang='lat' dir='ltr'>fuga</span> <span class='ocrx_word' id='word_1_345' title='bbox 898 2390 1042 2429; x_wconf 81' lang='lat' dir='ltr'>doleat,</span> <span class='ocrx_word' id='word_1_346' title='bbox 1074 2390 1191 2433; x_wconf 84' lang='lat' dir='ltr'>primo</span> <span class='ocrx_word' id='word_1_347' title='bbox 1228 2401 1373 2435; x_wconf 90' lang='lat' dir='ltr'>quoque</span> <span class='ocrx_word' id='word_1_348' title='bbox 1399 2395 1561 2435; x_wconf 85' lang='lat' dir='ltr'>tempore</span> <span class='ocrx_word' id='word_1_349' title='bbox 1586 2400 1711 2423; x_wconf 78' lang='lat' dir='ltr'>rursus</span> 
     </span>
     <span class='ocr_line' id='line_1_38' title="bbox 279 2435 1714 2483; baseline -0.002 -13"><span class='ocrx_word' id='word_1_350' title='bbox 279 2441 495 2472; x_wconf 82' lang='lat' dir='ltr'>affuturum:</span> <span class='ocrx_word' id='word_1_351' title='bbox 521 2444 558 2472; x_wconf 86' lang='lat' dir='ltr'>et</span> <span class='ocrx_word' id='word_1_352' title='bbox 581 2438 628 2472; x_wconf 93' lang='lat' dir='ltr'>ob</span> <span class='ocrx_word' id='word_1_353' title='bbox 653 2439 692 2473; x_wconf 85' lang='lat' dir='ltr'>id</span> <span class='ocrx_word' id='word_1_354' title='bbox 715 2448 972 2483; x_wconf 81' lang='lat' dir='ltr'>praemonere,</span> <span class='ocrx_word' id='word_1_355' title='bbox 1000 2441 1040 2469; x_wconf 91' lang='lat' dir='ltr'>ut</span> <span class='ocrx_word' id='word_1_356' title='bbox 1066 2446 1132 2468; x_wconf 90' lang='lat' dir='ltr'>nec</span> <span class='ocrx_word' id='word_1_357' title='bbox 1156 2443 1315 2470; x_wconf 87' lang='lat' dir='ltr'>moereat</span> <span class='ocrx_word' id='word_1_358' title='bbox 1340 2437 1518 2481; x_wconf 65' lang='lat' dir='ltr'>amplum,</span> <span class='ocrx_word' id='word_1_359' title='bbox 1543 2441 1580 2470; x_wconf 85' lang='lat' dir='ltr'>et</span> <span class='ocrx_word' id='word_1_360' title='bbox 1603 2446 1640 2468; x_wconf 85' lang='lat' dir='ltr'>se</span> <span class='ocrx_word' id='word_1_361' title='bbox 1665 2435 1714 2471; x_wconf 79' lang='lat' dir='ltr'>ad</span> 
     </span>
     <span class='ocr_line' id='line_1_39' title="bbox 278 2482 1712 2530; baseline -0.001 -12"><span class='ocrx_word' id='word_1_362' title='bbox 278 2490 460 2519; x_wconf 79' lang='lat' dir='ltr'>certamen</span> <span class='ocrx_word' id='word_1_363' title='bbox 487 2484 664 2530; x_wconf 82' lang='lat' dir='ltr'>expediat.</span> <span class='ocrx_word' id='word_1_364' title='bbox 712 2487 846 2528; x_wconf 86' lang='lat' dir='ltr'>Aregus</span> <span class='ocrx_word' id='word_1_365' title='bbox 873 2483 1036 2517; x_wconf 80' lang='lat' dir='ltr'>Galatam</span> <span class='ocrx_word' id='word_1_366' title='bbox 1059 2483 1178 2523; x_wconf 88' lang='lat' dir='ltr'>venit,</span> <span class='ocrx_word' id='word_1_367' title='bbox 1202 2493 1269 2515; x_wconf 89' lang='lat' dir='ltr'>nec</span> <span class='ocrx_word' id='word_1_368' title='bbox 1294 2494 1367 2523; x_wconf 86' lang='lat' dir='ltr'>eos,</span> <span class='ocrx_word' id='word_1_369' title='bbox 1382 2495 1401 2516; x_wconf 76' lang='lat' dir='ltr'>a</span> <span class='ocrx_word' id='word_1_370' title='bbox 1427 2482 1560 2529; x_wconf 83' lang='lat' dir='ltr'>quibus</span> <span class='ocrx_word' id='word_1_371' title='bbox 1583 2482 1712 2516; x_wconf 73' lang='lat' dir='ltr'>missus</span> 
     </span>
     <span class='ocr_line' id='line_1_40' title="bbox 275 2528 1711 2576; baseline -0.002 -12"><span class='ocrx_word' id='word_1_372' title='bbox 275 2530 419 2572; x_wconf 83' lang='lat' dir='ltr'>fuerat,</span> <span class='ocrx_word' id='word_1_373' title='bbox 443 2532 561 2566; x_wconf 84' lang='lat' dir='ltr'>&#39;verbo</span> <span class='ocrx_word' id='word_1_374' title='bbox 597 2531 763 2576; x_wconf 82' lang='lat' dir='ltr'>dignatus</span> <span class='ocrx_word' id='word_1_375' title='bbox 799 2534 862 2564; x_wconf 90' lang='lat' dir='ltr'>est.</span> <span class='ocrx_word' id='word_1_376' title='bbox 910 2530 1057 2574; x_wconf 79' lang='lat' dir='ltr'>Magnus</span> <span class='ocrx_word' id='word_1_377' title='bbox 1083 2528 1155 2562; x_wconf 73' lang='lat' dir='ltr'>dux</span> <span class='ocrx_word' id='word_1_378' title='bbox 1170 2554 1179 2569; x_wconf 92' lang='lat'>‚</span> <span class='ocrx_word' id='word_1_379' title='bbox 1202 2534 1243 2561; x_wconf 83' lang='lat' dir='ltr'>ut</span> <span class='ocrx_word' id='word_1_380' title='bbox 1266 2531 1418 2573; x_wconf 84' lang='lat' dir='ltr'>Aregum</span> <span class='ocrx_word' id='word_1_381' title='bbox 1445 2539 1623 2563; x_wconf 87' lang='lat' dir='ltr'>reversum</span> <span class='ocrx_word' id='word_1_382' title='bbox 1647 2538 1711 2561; x_wconf 80' lang='lat' dir='ltr'>ac·-</span> 
     </span>
     <span class='ocr_line' id='line_1_41' title="bbox 276 2575 1707 2623; baseline -0.003 -13"><span class='ocrx_word' id='word_1_383' title='bbox 276 2578 394 2620; x_wconf 89' lang='lat' dir='ltr'>cepit,</span> <span class='ocrx_word' id='word_1_384' title='bbox 431 2578 539 2612; x_wconf 86' lang='lat' dir='ltr'>Hiero</span> <span class='ocrx_word' id='word_1_385' title='bbox 576 2579 786 2623; x_wconf 82' lang='lat' dir='ltr'>renavigans</span> <span class='ocrx_word' id='word_1_386' title='bbox 828 2587 910 2609; x_wconf 87' lang='lat' dir='ltr'>eum</span> <span class='ocrx_word' id='word_1_387' title='bbox 959 2576 1002 2609; x_wconf 90' lang='lat' dir='ltr'>de</span> <span class='ocrx_word' id='word_1_388' title='bbox 1038 2575 1219 2619; x_wconf 80' lang='lat' dir='ltr'>legatione</span> <span class='ocrx_word' id='word_1_389' title='bbox 1259 2576 1360 2610; x_wconf 87' lang='lat' dir='ltr'>obita</span> <span class='ocrx_word' id='word_1_390' title='bbox 1407 2579 1707 2620; x_wconf 74' lang='lat' dir='ltr'>percunctaturus</span> 
     </span>
     <span class='ocr_line' id='line_1_42' title="bbox 276 2623 1707 2669; baseline -0.001 -14"><span class='ocrx_word' id='word_1_391' title='bbox 276 2624 445 2657; x_wconf 75' lang='lat' dir='ltr'>accersitz</span> <span class='ocrx_word' id='word_1_392' title='bbox 473 2626 536 2669; x_wconf 89' lang='lat' dir='ltr'>qui</span> <span class='ocrx_word' id='word_1_393' title='bbox 561 2625 681 2659; x_wconf 88' lang='lat' dir='ltr'>nullus</span> <span class='ocrx_word' id='word_1_394' title='bbox 708 2625 827 2663; x_wconf 86' lang='lat' dir='ltr'>venit,</span> <span class='ocrx_word' id='word_1_395' title='bbox 861 2629 897 2656; x_wconf 87' lang='lat' dir='ltr'>et</span> <span class='ocrx_word' id='word_1_396' title='bbox 925 2623 1041 2665; x_wconf 82' lang='lat' dir='ltr'>ipsum</span> <span class='ocrx_word' id='word_1_397' title='bbox 1069 2633 1109 2654; x_wconf 82' lang='lat' dir='ltr'>ac</span> <span class='ocrx_word' id='word_1_398' title='bbox 1133 2623 1308 2656; x_wconf 86' lang='lat' dir='ltr'>satellites</span> <span class='ocrx_word' id='word_1_399' title='bbox 1335 2623 1411 2655; x_wconf 84' lang='lat' dir='ltr'>cius</span> <span class='ocrx_word' id='word_1_400' title='bbox 1437 2623 1556 2666; x_wconf 80' lang='lat' dir='ltr'>palam</span> <span class='ocrx_word' id='word_1_401' title='bbox 1582 2631 1707 2665; x_wconf 54' lang='lat' dir='ltr'>repre*</span> 
     </span>
     <span class='ocr_line' id='line_1_43' title="bbox 275 2667 1706 2715; baseline -0.001 -13"><span class='ocrx_word' id='word_1_402' title='bbox 275 2669 423 2709; x_wconf 85' lang='lat' dir='ltr'>hendit,</span> <span class='ocrx_word' id='word_1_403' title='bbox 458 2671 555 2715; x_wconf 85' lang='lat' dir='ltr'>quod</span> <span class='ocrx_word' id='word_1_404' title='bbox 586 2672 684 2703; x_wconf 89' lang='lat' dir='ltr'>omni</span> <span class='ocrx_word' id='word_1_405' title='bbox 709 2671 838 2703; x_wconf 88' lang='lat' dir='ltr'>timore</span> <span class='ocrx_word' id='word_1_406' title='bbox 867 2670 944 2712; x_wconf 58' lang='lat' dir='ltr'>2Dei</span> <span class='ocrx_word' id='word_1_407' title='bbox 990 2668 1248 2714; x_wconf 88' lang='lat' dir='ltr'>hominumque</span> <span class='ocrx_word' id='word_1_408' title='bbox 1279 2670 1479 2702; x_wconf 78' lang='lat' dir='ltr'>reverentia</span> <span class='ocrx_word' id='word_1_409' title='bbox 1519 2667 1628 2701; x_wconf 84' lang='lat' dir='ltr'>soluti</span> <span class='ocrx_word' id='word_1_410' title='bbox 1665 2677 1706 2700; x_wconf 82' lang='lat' dir='ltr'>ca</span> 
     </span>
     <span class='ocr_line' id='line_1_44' title="bbox 277 2713 1721 2762; baseline -0.003 -13"><span class='ocrx_word' id='word_1_411' title='bbox 277 2716 525 2761; x_wconf 82' lang='lat' dir='ltr'>designarent,</span> <span class='ocrx_word' id='word_1_412' title='bbox 550 2729 640 2762; x_wconf 84' lang='lat' dir='ltr'>quae</span> <span class='ocrx_word' id='word_1_413' title='bbox 666 2717 829 2762; x_wconf 85' lang='lat' dir='ltr'>quisquis</span> <span class='ocrx_word' id='word_1_414' title='bbox 852 2716 968 2755; x_wconf 79' lang='lat' dir='ltr'>sciret,</span> <span class='ocrx_word' id='word_1_415' title='bbox 996 2714 1256 2748; x_wconf 75' lang='lat' dir='ltr'>detestaretur:</span> <span class='ocrx_word' id='word_1_416' title='bbox 1283 2715 1477 2761; x_wconf 82' lang='lat' dir='ltr'>aiebatque</span> <span class='ocrx_word' id='word_1_417' title='bbox 1503 2715 1550 2748; x_wconf 77' lang='lat' dir='ltr'>ad</span> <span class='ocrx_word' id='word_1_418' title='bbox 1576 2713 1721 2747; x_wconf 82' lang='lat' dir='ltr'>defen-.</span> 
     </span>
     <span class='ocr_line' id='line_1_45' title="bbox 276 2761 1743 2809; baseline -0.001 -12"><span class='ocrx_word' id='word_1_419' title='bbox 276 2765 393 2798; x_wconf 81' lang='lat' dir='ltr'>sioues</span> <span class='ocrx_word' id='word_1_420' title='bbox 433 2763 547 2804; x_wconf 82' lang='lat' dir='ltr'>tales,</span> <span class='ocrx_word' id='word_1_421' title='bbox 584 2764 705 2809; x_wconf 82' lang='lat' dir='ltr'>quales</span> <span class='ocrx_word' id='word_1_422' title='bbox 737 2765 808 2809; x_wconf 86' lang='lat' dir='ltr'>ipsi</span> <span class='ocrx_word' id='word_1_423' title='bbox 837 2774 901 2809; x_wconf 81' lang='lat' dir='ltr'>pro</span> <span class='ocrx_word' id='word_1_424' title='bbox 926 2773 962 2796; x_wconf 84' lang='lat' dir='ltr'>sc</span> <span class='ocrx_word' id='word_1_425' title='bbox 986 2761 1157 2808; x_wconf 74' lang='lat' dir='ltr'>perfricta</span> <span class='ocrx_word' id='word_1_426' title='bbox 1182 2762 1303 2799; x_wconf 71' lang='lat' dir='ltr'>fronte</span> <span class='ocrx_word' id='word_1_427' title='bbox 1328 2762 1520 2803; x_wconf 76' lang='lat' dir='ltr'>afferrent,</span> <span class='ocrx_word' id='word_1_428' title='bbox 1545 2761 1705 2806; x_wconf 60' lang='lat' dir='ltr'>impera·</span> <span class='ocrx_word' id='word_1_429' title='bbox 1741 2800 1743 2802; x_wconf 49' lang='grc'><em>,</em></span> 
     </span>
    </p>
   </div>
  </div>
 </body>
</html>
