1800 3138
517 191 890 233 1115TOR1ARUM
928 192 1000 230 ιιι.
1026 194 1093 239 :39-
1412 173 1530 245 239-

97 298 178 342 θις.
245 290 351 334 α’λλὰ
384 292 476 332 δέον
518 289 566 332 τά
610 292 792 332 ἐνταῦθα
835 288 890 338 ὥς
928 292 1132 345 προσῆκον
1169 291 1616 345 διοικησαμένους,Δ.(Ξ.
1635 299 1719 344 1342

97 362 251 414 χωρεῖν
295 357 365 399 ε’πὶ
399 354 452 396 τὰ
491 353 635 410 πρόσω
653 387 667 408 ,
709 354 993 410 χρηστοτέρας
1025 353 1122 409 ἡμῖν
1162 357 1234 396 καί
1261 355 1318 404 ὥς
1343 354 1528 408 μάλιστα

100 425 304 478 ἀσφαλεῖς
322 418 601 476 ὑποφαίνοντα
623 422 808 469 ἐλπίδας.
862 420 956 461 δέον
985 415 1060 461 οὖν
1087 418 1166 472 ἐγώ
1195 420 1363 474 νομίζω,
1388 423 1442 477 τῇ
1467 423 1528 470 εἰς

98 485 173 543 τήν
202 486 407 529 Ῥεντίναν
452 485 795 541 καταλελειμμένῃ
837 487 1003 540 φρουρᾷ
1042 482 1222 537 δύναμιν
1265 487 1649 540 προσθένταςν,386

75 553 289 606 ὅμείζονα,
333 549 390 599 (ὃς
416 550 686 603 κατατρέχειν
721 550 1024 604 Θεσσαλονίκης
1052 548 1261 604 δύναιντο,
1293 551 1336 606 (ἦ
1365 549 1445 606 γὰρ
1477 553 1524 593 ἐκ

100 616 338 667 Βυζαντίου
380 613 554 670 στρατιὰ
583 615 632 656 ού
660 617 798 671 πολλῷ
823 611 997 668 ὕστερον
1026 615 1295 671 ἀποχωρήσει
1305 618 1342 673 ,)
1385 618 1459 658 καί
1483 618 1528 659 ἐν

99 685 142 725 Γ
139 679 444 738 υναικοκᾰστρῳ
476 677 653 732 δύναμιν
678 679 828 732 ὁμοίαν
863 678 1163 730 καταλιπόντας
1200 684 1273 736 τῆς
1300 682 1431 737 αὐτῆς
1460 685 1529 725 at'-

100 748 192 796 τίας
228 747 372 798 ἕνεκα,
416 748 467 801 τῇ
499 740 601 802 ἄλλῃ
633 747 808 801 στρατιᾷ
847 744 1069 798 διαβάντας
1094 745 1249 795 αὐτούς
1272 745 1341 789 τὸν
1363 745 1559 800 Ἀξιὸν,Β

101 815 162 862 εἰς
201 811 413 867 Βέῤῥοιαν
447 812 640 864 γενέσθαι
676 810 750 852 καί
774 807 977 853 Ἔδεσσαν
1012 809 1065 852 τὰ
1104 811 1285 868 ἡμέτερα
1317 812 1530 869 ᾑρημένοις

55 876 254 926 Ιοπόλεις.
311 875 475 918 ἐκείνων
496 877 542 916 δὲ
568 873 826 932 κρατήσασιν
853 876 896 916 οἴ
915 891 957 917 τε
979 877 1186 918 Θεσσαλοὶ
1204 875 1530 933 προσχωρήσου-·

102 959 170 985 σιν
202 939 353 984 αύτίκα
381 943 454 983 καί
475 940 725 995 Ἀκαρνανία
756 942 829 982 καί
853 939 903 982 τὰ
929 936 1028 982 ἄλλο
1055 941 1350 997 ἧπειρωτικόν,
1400 942 1530 984 πάλαι

101 1007 176 1063 την
214 1006 318 1063 ἐμὴν
358 1003 504 1063 ἄφιξιν
539 1004 881 1063 προσδεχόμενον.
942 1004 1140 1061 τοιαύτην
1173 1008 1219 1049 δὲ
1246 1011 1531 1061 προσλαβοῦσι

103 1072 284 1125 δύναμιν
313 1072 451 1121 οὐδείς
479 1073 761 1114 ἀνθίστασθαι
788 1070 848 1113 ἔτι
877 1069 1068 1122 α’ξιαὶσει,
1109 1073 1202 1113 ἀλλ’
1228 1067 1257 1126 ἢ
1283 1069 1441 1121 ἑκόντες
1457 1074 1531 1127 τῆς

103 1141 237 1193 α’ρχῆς
264 1138 409 1187 πάντες
435 1135 815 1193 παραχωρήσουσιν
854 1137 968 1192 ἡμῖν,
994 1133 1028 1191 η”
1054 1142 1139 1186 τοῖς
1167 1134 1308 1186 ὅπλοις
1332 1139 1532 1190 βιασθέν-

57 1206 216 1252 15τες.”
262 1205 435 1245 τοιαῦτα
463 1203 647 1252 εἰπόντος
661 1203 877 1256 βασιλέως,
907 1199 1230 1258 πρωτοστράτωρ
1258 1218 1301 1244 τε
1328 1200 1416 1255 ἅμα
1447 1208 1532 1251 τοῖς

106 1271 280 1310 συνοῦσι
302 1268 374 1310 καί
391 1267 428 1309 οἱ
449 1266 529 1309 ἀπὸ
558 1269 797 1318 Βυζαντίου
816 1266 998 1320 μάλιστα
1024 1266 1208 1324 φυγάδες
1234 1268 1278 1309 ἐν
1297 1268 1417 1324 δεινῷ
1433 1266 1532 1315 τούς

104 1334 252 1387 λόγους
283 1336 497 1376 ἐποιοῦντο
537 1335 608 1375 καί
643 1330 780 1389 φόβου
818 1328 926 1387 ἦσαν
955 1333 1102 1386 μεστοὶ
1126 1335 1199 1374 καί
1226 1326 1430 1387 ἆγωνίας,
1457 1331 1530 1374 τὸν

105 1396 258 1440 πλάνον
297 1397 356 1447 ὥς
392 1399 622 1454 α’πέραντον
661 1394 914 1452 λογιζόμενοι
933 1429 946 1452 ‚
984 1398 1023 1439 εἰ
1048 1398 1136 1439 δέοι
1156 1393 1433 1452 Ἀκαρνανίαν
1460 1398 1533 1439 καί

93 1460 294 1518 Ἠπειρον
319 1464 535 1518 περιιέναι,
561 1469 645 1512 τοῖς
671 1466 717 1505 ἐκ
730 1465 799 1518 τῆς
823 1465 1039 1518 στρατείας
1057 1469 1196 1512 κακοῖς
1216 1464 1566 1516 τἀλαιπωροῧν-(Ξ

54 1545 199 1580 αοτας,
243 1530 324 1570 τῶν
363 1528 467 1570 οἴκοι
492 1526 673 1580 μάλιστα
702 1530 837 1576 κακῶς
868 1530 1136 1581 διακειμένων
1162 1529 1236 1569 καί
1262 1528 1433 1582 ταχείας
1458 1529 1532 1581 τῆς

107 1597 347 1647 ἐπικουρίας
385 1594 601 1645 δεομένων.
667 1596 856 1649 φανερῶς
891 1595 968 1646 μὲν
1006 1588 1082 1634 οὖν
1123 1593 1324 1634 ιῖντειπεῖν
1359 1594 1432 1635 καί
1457 1592 1534 1647 τήν

107 1657 274 1712 οἰκείαν,
299 1658 356 1707 ὥς
376 1657 523 1711 ἔχουσι
549 1658 649 1714 περί
665 1656 717 1700 vd
739 1658 949 1714 εἰρημένα,
969 1659 1134 1713 γνώμην
1150 1655 1381 1710 ἐκκαλύψαι
1399 1659 1535 1699 ἐδεδί-

107 1739 230 1775 εσαν,
269 1722 376 1775 τό,τε
405 1726 502 1778 περί
515 1725 693 1776 βασιλέα
714 1725 902 1765 δυσνοεῖν
917 1724 990 1765 καί
1002 1722 1048 1764 τὸ
1072 1721 1288 1778 ἡσσῆσθαι
1316 1721 1531 1776 κατάκρας

106 1791 152 1831 ἐν
171 1795 257 1838 τοῖς
286 1790 433 1837 δεινοῖς
459 1786 514 1838 ὥς
543 1792 704 1844 φαῦλον
730 1786 892 1837 ἑαυτοῖς
920 1791 1181 1844 προστριβειν
1208 1788 1283 1829 οὔκ
1309 1788 1535 1838 ἐθέλοντες·

196 1891 228 1935 4.
256 1890 566 1937 καταλελειγμένῃ
591 1891 627 1924 P.
767 1892 798 1924 8.
819 1884 963 1930 Ἀξειὸν
986 1890 1028 1927 V,
1052 1890 1111 1924 hic
1138 1894 1175 1924 et
1198 1889 1303 1924 infra.

109 1987 367 2016 resurrecturos
396 1981 598 2027 desperent.
646 1982 717 2016 Sed
741 1982 805 2016 ubi
834 1982 878 2015 de
905 1981 960 2015 his
985 1982 1278 2016 constituerimus
1310 1983 1407 2028 quod
1441 1994 1534 2028 opus

110 2033 185 2068 est,
208 2030 380 2068 ulterius,
405 2030 468 2062 ubi
506 2030 634 2063 melior
667 2040 708 2062 ac
742 2030 938 2063 certissima
976 2040 1056 2073 spes
1094 2029 1259 2073 affulget,
1300 2029 1534 2073 procedamus

111 2081 265 2119 oportet,
310 2076 431 2120 Quare
459 2076 659 2120 augendum
682 2075 883 2108 Rhentinae
908 2075 1123 2118 praesidium
1145 2075 1286 2119 opinor,
1313 2085 1385 2119 quo
1410 2087 1537 2120 agrum

111 2121 464 2155 Thessalonicensem
491 2123 670 2155 incursare
686 2127 807 2167 queat,
832 2123 949 2166 (miles
977 2123 1071 2154 enim
1089 2122 1304 2166 Byzantinus
1331 2134 1404 2155 non
1419 2125 1534 2156 multo

109 2174 193 2214 post
216 2167 403 2211 discedes)
425 2173 462 2201 et
475 2169 751 2212 Gynaecocastri
769 2167 892 2202 eadem
911 2169 955 2201 de
974 2179 1081 2201 causa
1098 2168 1205 2201 simili
1227 2167 1351 2200 relicto
1371 2180 1535 2210 nurnero,

112 2226 191 2247 cum
214 2215 355 2260 reliquo
378 2215 518 2259 agmine
544 2217 635 2247 Axio
662 2216 809 2248 traiecto
834 2226 957 2248 versus
972 2214 1183 2247 Berrhoeam
1209 2219 1247 2246 et
1268 2214 1448 2255 Edessam,
1472 2227 1537 2248 nr·-

111 2263 175 2295 hes
217 2261 364 2300 amicas,
399 2261 722 2305 progrediendum.
769 2262 900 2306 quibus
933 2261 1114 2304 acceptis,
1157 2265 1315 2293 actutum
1348 2260 1537 2301 abessan,

111 2309 310 2342 Acarnanes
336 2311 373 2339 et
397 2312 513 2340 cetera
537 2308 746 2347 continens,
782 2320 800 2339 a
828 2319 899 2352 qua
936 2307 1072 2351 pridem
1100 2311 1305 2350 exspecter,
1341 2307 1386 2340 ad
1408 2319 1474 2340 nos
1496 2318 1536 2341 se

112 2354 341 2387 transferent.
390 2352 469 2386 Tali
495 2355 660 2397 potentia
686 2355 901 2386 confirmatis
922 2379 930 2393 ,
963 2365 1066 2386 nemo
1092 2353 1246 2398 amplius
1274 2354 1437 2386 resistere
1463 2365 1535 2398 po-

114 2400 283 2439 stulabit,
309 2397 371 2431 sed
395 2399 452 2430 vel
475 2405 602 2443 sponte
628 2401 685 2433 vel
711 2401 815 2433 armis
841 2401 982 2439 adacti,
1018 2410 1140 2432 omnes
1163 2399 1316 2443 imperio
1340 2399 1445 2432 nobis
1472 2411 1537 2433 ce-

115 2447 212 2479 dent.
262 2447 356 2477 Haec
379 2443 443 2477 ubi
468 2445 662 2489 imperator
686 2445 881 2484 disseruit,
920 2450 1154 2483 protostrator
1186 2456 1262 2477 cum
1289 2447 1362 2478 suis
1394 2448 1534 2490 praeci-

114 2503 257 2538 pueque
282 2492 450 2534 Byzantio
478 2492 617 2537 profugi
647 2492 683 2524 iu
707 2493 993 2536 indignationem
1022 2492 1137 2532 verti,
1169 2490 1370 2545 timoreque
1401 2498 1438 2525 et
1466 2506 1532 2526 an-

115 2550 197 2582 gore
223 2537 411 2581 compleri,
448 2537 494 2569 ob
519 2538 696 2571 infinitam
729 2540 942 2571 errationem
975 2538 1134 2576 scilicet,
1170 2537 1200 2568 si
1232 2538 1463 2571 Acarnaniam
1495 2546 1535 2573 et

115 2586 358 2618 continents-m
396 2584 580 2617 circumire
623 2590 659 2617 et
692 2585 933 2628 expeditionis
966 2589 1034 2616 tam
1069 2585 1196 2628 longae
1231 2585 1390 2618 miserias
1423 2591 1533 2632 atque

117 2641 305 2663 aerumnas
329 2628 469 2674 perpeti
499 2640 642 2663 necesse
668 2630 866 2668 baberent,
900 2631 1105 2663 domesticis
1130 2629 1237 2662 rebus
1267 2634 1454 2675 tantopere
1478 2634 1537 2666 af-

118 2677 224 2709 flictis
250 2682 287 2708 et
314 2676 429 2708 celere
451 2676 620 2708 auxilium
645 2676 898 2720 flagitantibus.
925 2675 1056 2709 Libere
1081 2675 1226 2721 quidem
1239 2677 1480 2718 contradicere
1499 2684 1537 2712 et

118 2723 276 2755 animum
311 2733 412 2754 suum
448 2722 626 2765 expiicare
662 2722 900 2761 verebantur,
936 2722 1101 2755 nolentes
1132 2720 1201 2753 sibi
1236 2721 1328 2756 hanc
1361 2725 1538 2756 maculam

119 2770 264 2811 iuuere,
289 2769 391 2814 quasi
415 2768 620 2812 imperatori
643 2770 738 2803 male
763 2773 955 2815 cuperent,
987 2767 1169 2812 duraeque
1194 2773 1231 2802 et
1252 2768 1421 2805 adversae
1447 2772 1536 2803 sorti
