1806 3152
518 204 891 248 ms'romARnM
918 208 990 247 111.
1019 208 1112 252 100.
1298 242 1299 246 ,
1441 188 1506 242 61
1526 207 1545 242 1

131 303 204 346 καὶ
238 302 293 347 ἶ’σ’
332 299 414 346 ἄντ’
455 302 556 347 ἴσων
595 302 842 346 ἀποδιδόναι
885 310 971 354 τοῖς
1010 303 1187 361 πρώτοις
1216 299 1412 360 ἄρξασιν,
1445 303 1551 346 ἀλλὰ
1568 313 1748 357 Α.Οι347

130 369 235 422 μετὰ
274 369 352 425 την
389 372 502 425 νίκην
539 370 610 412 ἐπὶ
644 367 873 424 συμβάσεις
899 374 1200 426 προκαλεῖσθαι
1218 404 1231 424 ,
1259 372 1391 412 καίτοι
1430 369 1567 412 δυνά-.

79 452 83 453 ’
129 433 403 492 μενον-ὄλίγῳ
427 435 564 494 χρόνῳ
595 437 875 491 διαφθείρειν,
902 442 1086 492 κρεῖττον
1113 433 1220 478 εἶναι
1245 438 1319 490 τῆς
1346 436 1559 491 α’νθρωπί-

130 516 202 554 νης
244 501 410 556 φύσεως
442 499 590 543 ἐδόκει.
662 499 810 556 ἥδοντό
841 517 886 542 τε
917 496 989 543 οὖν
1017 497 1126 554 ὄμοῦ
1155 501 1224 543 διὰ
1253 501 1326 557 τὴν
1355 500 1560 554 βασιλέως

108 565 355 607 5ἐπιείκειαν
396 566 466 608 καί
505 567 746 620 ἐθαύμαζον
784 565 859 622 τήν
897 569 1231 621 μεγαλοψυχίαν.
1300 567 1464 620 βασιλίς
1513 567 1565 608 δὲ,

128 630 390 674 παντάπασιν
418 634 468 674 οὐ
493 634 765 687 προσεδέχετο
795 633 871 687 την
897 636 1142 688 πρεσβείαν,
1202 633 1294 674 ἄλλ’
1322 633 1567 686 α’πράκτους.

130 696 343 750 ἀπέπεμπε
371 697 468 748 τούς
493 700 708 753 πρέσβεις,
738 696 820 739 ὖτιὸ
848 701 932 740 τῶν
959 689 1170 741 συνόντων
1198 699 1435 751 πειθομένη.
1489 699 1562 738 καὶ

131 759 152 800 ὃ
182 763 378 814 βασιλεύς
419 765 570 818 ἠνιᾶτο·
604 765 677 805 καί
716 765 1012 819 ἐδυσχέραινεν
1050 765 1124 805 οιῖκ
1167 763 1343 811 α’νεκτῶς
1394 761 1561 817 μυρίοις

128 830 423 882 προσπαλαίων
464 833 686 883 λογισμοῖς.
743 827 932 885 συνεώρα
973 828 1053 883 γὰρ
1088 827 1160 884 τὴν
1197 827 1385 870 ἔνστασιν
1414 828 1464 867 οὕ
1492 843 1560 868 τε-

82 894 409 947 ῐολευτὴσουσαν
449 896 513 935 ἐπ’
542 895 712 952 ἀγαθῷ,
772 891 862 936 ἄλλ’
889 897 1058 943 ἐκείνοις
1083 910 1126 935 τε
1154 895 1384 949 ἀνηκέστων
1424 895 1598 939 κακῶνΒ

127 957 200 999 καί
225 958 356 1016 τούτῳ
383 960 569 1011 μείζονος
600 955 628 1014 ἢ
654 963 751 1002 καθ’
777 955 872 1002 ὅσον
897 958 1049 1015 χρόνον
1074 954 1124 1015 ἦν
1152 959 1173 1000 ὃ
1196 958 1372 1012 πόλεμος
1390 990 1401 1012 ,
1431 957 1562 1012 λύπης

127 1025 261 1064 αἰτίαν
289 1025 502 1079 ἐσομένην.
522 1031 526 1037 ’
560 1026 602 1066 οἵ
629 1041 672 1067 τε
702 1023 781 1081 γάρ
803 1025 992 1073 συνόντες
1019 1020 1196 1073 ἅπαντες
1220 1027 1279 1072 εἰς
1295 1024 1456 1065 πολλῶν
1473 1030 1562 1065 πεῖ-

127 1105 206 1143 ραν
232 1091 432 1143 α’λγεινῶν
459 1088 672 1143 ἐλθόντες,
713 1090 786 1133 καί
820 1089 858 1132 οἱ
885 1090 1002 1132 ἔνδον
1031 1088 1184 1142 ὁμοίως
1211 1091 1448 1141 Βυζαντίου
1476 1091 1561 1130 τῶν

126 1155 418 1209 δεσμωτηρίων
473 1152 710 1205 ἐξελθόντες
762 1158 835 1196 καί
853 1159 1212 1210 ιμνησικακοῦντες
1252 1154 1437 1209 ἐσχάτως
1474 1161 1562 1203 τοῖς

77 1220 296 1261 ιόσυνοῦσι
323 1221 522 1272 βασιλίδι,
553 1221 679 1262 αὐτοί
701 1236 745 1261 τε
770 1222 1004 1275 διεπρίοντο
1034 1219 1105 1262 ὑπ’
1133 1220 1256 1276 ὀργῆς
1285 1223 1358 1262 καί
1381 1219 1454 1262 τὸν
1487 1222 1561 1275 ‹DJ-

120 1300 201 1338 μον
228 1285 480 1340 ἐξηρέθιζον,
514 1284 586 1327 καί
611 1283 773 1339 ἔνδηλοι
802 1281 932 1339 ἦσαν,
977 1285 1035 1334 (ὃς
1066 1285 1137 1327 καί
1160 1287 1365 1339 βασιλέως
1391 1280 1562 1334 εἴκοντος

122 1347 420 1404 ἐπιθησόμενοι
452 1356 539 1398 τοῖς
557 1351 610 1392 ’ἐν
638 1353 877 1402 βασιλείοις.
934 1353 1005 1392 καί
1031 1350 1178 1392 ἐδεδίει
1207 1349 1265 1405 μή
1297 1352 1398 1405 περί
1418 1366 1461 1392 τε
1488 1350 1565 1405 την,

121 1416 317 1467 βασιλίδα
347 1413 420 1455 καί
443 1413 539 1463 τούς
568 1417 720 1463 παῖδας
745 1414 965 1469 α’νὴκεστόν
995 1433 1035 1458 τι
1067 1418 1257 1473 τολμηθῇ
1272 1448 1284 1468 ,
1320 1419 1392 1458 καί
1411 1415 1459 1457 οἱ
1485 1432 1567 1470 ova,

123 1477 261 1529 νόντες
289 1480 437 1528 πάντες
464 1479 546 1522 ὑπὸ
574 1483 656 1522 τῶν
684 1479 989 1535 ἐχθραινόντων
1018 1483 1336 1537 διαφθαρῶσιν·
1383 1478 1407 1522 δ’
1435 1478 1559 1538 ὄλίγῳ

69 1542 295 1601 ὶοῧστερον
344 1548 498 1601 μικροῦ
541 1547 684 1601 ἐδέησε
725 1548 937 1599 γενέσθαι.
991 1546 1047 1594 ὥς
1082 1547 1161 1600 γὰρ
1203 1546 1406 1587 ἐπύθοντο
1423 1577 1434 1598 ,
1490 1543 1592 1587 {inc

117 1610 175 1666 μὴ
203 1611 277 1667 τήν
303 1614 528 1667 πρεσβείαν
557 1613 716 1666 δέχοιτο
743 1612 770 1666 ἦ
799 1611 978 1664 βασιλὶς,
1005 1613 1112 1666 μηδὲ
1126 1614 1287 1666 χωροίη
1320 1610 1425 1666 πρὸς
1453 1628 1561 1662 συμ-

117 1676 276 1731 βάσεις,
303 1676 346 1719 τὸ
378 1680 422 1719 ἐν
449 1679 710 1733 Βλαχέρναις
739 1674 956 1733 φρούριον,
984 1679 1111 1732 μέρος
1139 1678 1210 1718 καί
1237 1675 1340 1718 αὐτὸ
1365 1680 1439 1718 τοῦ
1459 1679 1558 1732 περὶ

213 1768 244 1801 3.
268 1766 367 1801 εἶναι
392 1769 453 1802 καὶ
478 1767 590 1813 α’νθρ.
615 1769 649 1802 Ρ.
677 1774 713 1802 et
737 1768 783 1802 M.
885 1779 934 1802 ιι.
964 1766 984 1800 ὁ
1014 1777 1081 1799 om.
1096 1767 1133 1801 P.

119 1846 244 1880 caedes
270 1847 577 1894 mactationesque
604 1847 810 1892 procedere,
835 1847 1007 1894 pariaque
1032 1846 1178 1892 paribus
1203 1847 1363 1881 remetiri
1390 1845 1456 1888 iis,
1493 1843 1556 1894 qui

116 1894 254 1936 priores
281 1893 556 1928 lacessiverant:
585 1894 648 1927 sed
670 1895 841 1927 victorem
860 1894 972 1928 victos
1000 1895 1044 1926 ad
1069 1901 1173 1938 pacta
1196 1900 1369 1927 conventa
1389 1895 1557 1934 invitare,

119 1940 262 1973 tametsi
291 1951 350 1973 eos
375 1941 476 1973 brevi
502 1941 618 1985 spatio
645 1941 766 1974 delere
798 1941 961 1974 funditus
998 1942 1142 1981 liceret,
1182 1942 1417 1974 excellentius
1446 1941 1556 1986 quid·

118 1986 198 2019 dam
234 1997 339 2032 quam
376 1989 442 2032 pro‘
480 1986 636 2019 hnmana
671 1992 799 2020 natura
824 1987 1027 2024 videbatur,
1076 1987 1298 2021 Gaudebant
1323 1987 1431 2032 igitur
1455 1993 1557 2020 tanta

115 2032 297 2073 lenitate,
334 2037 370 2066 et
394 2034 639 2078 suspiciebant
667 2039 738 2066 tam
763 2034 977 2078 praestantis
1002 2034 1113 2074 animi
1138 2033 1437 2078 magnitudinem,
1486 2034 1558 2066 Im-·

115 2080 275 2123 peratrix
302 2090 446 2112 suorum
467 2080 757 2114 consiliariorum
781 2081 938 2124 impulsu
964 2081 1176 2123 legationem
1200 2086 1340 2123 prorsus
1358 2086 1558 2124 aspernata,

116 2131 276 2160 oratores
307 2137 344 2158 re
370 2127 504 2159 infecta
531 2125 706 2167 dimittit,
734 2137 778 2160 ex
802 2138 872 2171 quo
900 2128 1153 2171 imperatorem
1189 2126 1338 2159 tristitia
1371 2128 1558 2159 molestia-

117 2183 187 2218 que
219 2172 460 2206 intolerabilis
499 2173 707 2217 occupavit,
743 2174 993 2218 sexcentisque
1027 2173 1308 2217 cogitationibus
1342 2172 1380 2205 in
1415 2173 1557 2206 diversa

117 2219 249 2262 rapuit.
298 2219 551 2263 Augurabatur
575 2220 684 2259 enim,
715 2220 951 2263 pertinaciam
980 2220 1084 2254 istam
1110 2228 1184 2253 non
1215 2218 1308 2252 bene
1334 2225 1556 2260 eventuram,

116 2265 179 2298 sed
204 2265 290 2309 ipsis
315 2266 408 2298 mala
433 2266 624 2299 deterrima
655 2267 900 2311 maioremque
933 2267 1090 2306 luctum,
1114 2276 1219 2311 quam
1245 2271 1323 2298 toto
1349 2265 1437 2298 belli
1463 2265 1570 2299 tem-³

115 2322 204 2356 pore
229 2312 367 2357 experti
397 2316 532 2353 essent,
555 2312 760 2357 parituram.
808 2312 897 2344 Nam
921 2318 958 2345 et
979 2313 1035 2344 illi
1061 2323 1208 2352 omnes,
1243 2315 1307 2356 qui
1332 2323 1412 2344 eum
1437 2312 1554 2356 impe-

116 2362 236 2391 ratore
269 2363 385 2398 erant,
419 2369 500 2391 cum
535 2359 648 2391 multa
691 2359 836 2392 adversa
870 2360 1115 2402 pertulissent,
1145 2363 1181 2391 et
1206 2357 1373 2390 similiter
1399 2359 1462 2404 qui
1487 2360 1555 2402 By-

117 2404 230 2437 zantii
255 2405 292 2436 in
321 2404 522 2438 carceribus
545 2405 710 2446 fuerant,
747 2411 904 2438 extreme
935 2413 972 2438 se
997 2416 1015 2438 a
1050 2404 1260 2449 proceribus
1286 2405 1464 2449 Augustae
1489 2415 1554 2438 ve-

116 2455 219 2483 xatos
245 2452 511 2491 meminissent,
536 2451 590 2484 ira
625 2451 838 2486 aestuabant
877 2451 1125 2496 populumque
1160 2451 1372 2484 irritabant:
1411 2456 1447 2485 et
1485 2460 1553 2496 ap·-

116 2496 284 2541 parebat,
309 2497 366 2530 vel
388 2499 503 2530 invito
527 2497 743 2543 imperatore
769 2500 809 2532 in
834 2509 895 2531 eos
923 2498 986 2543 qui
1012 2503 1131 2531 essent
1154 2499 1191 2530 in
1218 2498 1354 2543 palatio
1378 2499 1552 2542 impetum

117 2542 284 2579 facturos.
333 2543 534 2578 Verebatur
557 2544 729 2590 insuper,
763 2555 810 2578 ne
832 2544 1051 2588 imperatrici
1074 2555 1114 2578 ac
1136 2543 1263 2578 liberis
1287 2543 1430 2589 aliquid
1454 2549 1552 2577 atro-

115 2590 192 2622 cius
222 2590 349 2630 fieret,
374 2591 510 2636 quique
535 2602 615 2625 cum
642 2601 683 2624 ea
708 2595 956 2629 versarentur,
982 2602 1104 2624 omnes
1128 2590 1287 2624 hostium
1311 2590 1437 2636 gladiis
1463 2601 1552 2623 con-

115 2635 328 2668 ficerentur:
368 2635 406 2668 id
432 2636 528 2681 quod
562 2638 671 2682 paulo
709 2641 790 2681 post
824 2638 1083 2681 propemodum
1119 2637 1315 2674 accidisset.
1371 2637 1418 2669 Ut
1453 2637 1550 2668 enim

116 2681 377 2727 intellexerunt
413 2693 488 2715 eam
526 2683 660 2729 legatos
700 2683 867 2717 reiecisse
904 2693 943 2715 ac
975 2694 1097 2728 pacem
1135 2683 1257 2723 nolle,
1292 2683 1476 2717 castellum
1509 2681 1549 2715 in

111 2716 321 2761 blachernis
347 2726 590 2773 appellatum,
613 2734 748 2774 partem
775 2729 988 2762 munitionis
1015 2734 1051 2762 et
1081 2731 1437 2775 propugnaculorum,
1462 2727 1549 2773 qui-⁴

113 2771 181 2806 bus
214 2774 390 2819 palatium
431 2774 694 2819 circumdatur,
741 2776 958 2821 imperatore
994 2776 1177 2812 nesciente
1220 2779 1466 2823 expugnarunt
1506 2780 1548 2807 ⁸8
