1800 3132
307 169 378 221 60
823 186 1194 230 CANTAcUzEm

113 283 632 335 A-C71341d21azeaaxdmv
669 283 866 338 ἑαυτούς,
915 287 988 330 καὶ
1023 287 1092 329 διὰ
1131 291 1204 342 τῆς
1245 291 1303 338 εἷς
1338 289 1517 338 ἐκείνους
1542 289 1731 339 atinolfus

305 351 443 392 ὶλεοῦν
472 349 518 391 τὸ
546 354 661 392 θεῖον
688 348 848 409 ἑαυτῷ,
886 354 1151 402 διαλλακταῖς
1181 354 1349 403 ἐκείνοις
1378 352 1428 395 τὰ
1454 357 1628 396 τοιαῦτα
1646 352 1732 407 μά-

262 421 424 458 meam
466 414 822 472 καταπράττεσθαι
852 420 1052 476 χρωμένῳ
1082 414 1175 460 οὖσι
1203 420 1411 468 δυνατοῖς·
1479 419 1570 460 νυνὶ
1598 421 1644 461 δὲ
1672 420 1732 469 εἷς

305 483 478 534 πένητας
517 479 698 536 ἀγύρτας
738 483 926 528 α’ναλοῦν.
991 484 1047 531 ὥς
1082 486 1165 526 τῶν
1191 486 1400 538 προτέρων
1426 478 1453 538 ἢ
1481 484 1644 525 ἐκείνων
1668 483 1728 538 μὴ

308 549 366 594 εἰς
405 546 498 587 δέον
532 551 619 596 τοῖς
654 546 842 602 χρήμασι
883 549 1171 603 δυνησομένων
1201 547 1468 603 χρήσασθαι,
1514 544 1542 603 ἢ
1578 546 1754 605 ὲτέρων5

308 611 475 668 ἁρπαγῇ
514 613 585 652 καί
622 607 759 669 ἅδικία
799 615 1067 668 χρησομένων
1103 615 1173 654 καί
1211 612 1571 670 διαφθερούντων,
1600 614 1656 662 ὥς
1684 615 1731 655 δὲ

308 679 384 718 σοῦ
418 674 547 729 μόνου
591 678 865 727 καταστάντος
893 677 966 720 ἐπὶ
991 684 1077 727 τοῖς
1104 676 1319 734 πράγμασι
1347 679 1418 720 καί
1442 677 1517 733 τὴν
1545 677 1731 725 διάνοιαν

307 744 514 794 κατεῖδον,
542 740 598 790 ὥς
623 739 728 797 ὖπὲρ
757 742 960 799 ὠφελείας
986 745 1068 785 τῶν
1094 746 1240 785 κοινῶν
1266 744 1318 784 ου’
1344 742 1542 799 χρήματα
1578 743 1728 796 μόνον,

306 805 410 849 ἄλλα
430 806 502 849 καί
517 805 660 862 ψυχὴν
686 807 832 862 αὐτὴν,
861 809 900 849 εἰ
925 804 1009 850 οἷόν
1034 823 1089 861 τε,
1117 810 1339 863 προΐεσθαι
1366 810 1531 864 διανοῇ,
1563 807 1636 850 καί
1659 807 1732 851 τὸν

305 873 455 928 τρόπον
480 871 679 929 προειδώς
698 873 753 922 ὥς
775 871 955 927 ἀγαθὸς,
983 871 1110 927 ἔγνων
1131 875 1217 916 δεῖν
1242 871 1313 915 σοὶ
1331 874 1383 916 τοὶ
1410 873 1605 929 χρήματα
1627 875 1782 918 ἐκεῖ-ιο

305 954 355 981 να
375 940 630 994 ἐγχειρίζειν,
655 936 709 987 ὦς
727 938 775 979 οὐ
789 940 924 987 καλῶς
938 936 1082 993 μόνον,
1106 937 1211 981 ἀλλὰ
1229 937 1302 980 καὶ
1315 935 1495 992 εὕλόγως
1511 940 1583 982 καί
1609 935 1730 995 ἄκρο-

175 1016 293 1053 v‚305
306 1006 390 1056 βῶς
426 1003 529 1058 ὑπὲρ
570 1006 650 1045 τῶν
675 1006 792 1060 κοινῇ
819 1003 1041 1056 Ῥωμαίοις
1080 1001 1379 1060 συμφερόντων
1415 1004 1731 1060 ἅναλωθησομέ-

307 1085 387 1110 νων
407 1101 418 1123 ,
475 1067 617 1123 ἐπειδὴ
673 1070 746 1110 καί
783 1069 827 1110 ἐκ
871 1067 1028 1112 τούτων
1069 1071 1341 1123 συνελέγησαν
1388 1069 1536 1113 αὐτῶν.
1613 1067 1660 1110 ἃ.
1677 1070 1728 1123 δὴ

306 1133 436 1175 πάντα
463 1130 548 1187 ἥκω
575 1135 832 1188 ἐγχειρίζων,
865 1136 930 1189 ἐφ’
953 1131 1027 1187 ὅ,τι
1051 1130 1103 1176 ἂν
1127 1128 1155 1190 ᾗ
1177 1150 1243 1176 σοι
1257 1136 1499 1191 χρησομένῳ
1520 1133 1729 1189 βούλησις.

180 1198 460 1250 Ρ.376ἔξεστιν
499 1195 575 1240 οὖν
615 1202 742 1240 παντί
773 1215 828 1256 τῳ
867 1198 1077 1249 α’πόδειξιν
1114 1198 1336 1252 λαμβάνειν
1380 1201 1534 1255 ἐναργῆ
1543 1233 1555 1251 ,
1595 1198 1651 1248 ὥς
1680 1199 1784 1248 οὕιό

299 1262 654 1319 χρηματισάμενος
681 1266 725 1306 ἐκ
751 1267 822 1320 τῆς
845 1265 1112 1320 ἀπογραφῆς,
1148 1262 1233 1319 ἥκω
1263 1262 1451 1317 δεόμενος
1477 1266 1732 1319 καταστῆναι

301 1327 406 1383 πρὸς
424 1325 554 1383 αὐτήν
569 1344 578 1353 ·
636 1331 749 1384 (ἐξῆν
776 1328 853 1386 γάρ
871 1328 1035 1385 ἔχοντα,
1064 1326 1091 1371 (ἲ
1107 1329 1326 1384 κέκτημαι,
1353 1331 1482 1384 μηδὲν
1501 1331 1735 1385 περαιτέρω-

301 1398 655 1449 πολυπραγμονεῖν
667 1397 698 1452 ‚)
758 1395 863 1436 dud
895 1411 960 1437 σοι
998 1399 1226 1451 φανεῖσθαι
1262 1393 1467 1450 χρήσιμος
1511 1395 1731 1448 ἐπιθυμῶν

301 1461 374 1500 καί
410 1458 544 1501 πολλὰ
575 1459 839 1514 συνάρασθαι
880 1458 1107 1513 δυνάμενος
1134 1458 1239 1515 πρὸς
1265 1458 1310 1501 τὸ
1341 1458 1416 1514 τὴν
1444 1456 1627 1515 ἀρχαίαν
1658 1459 1730 1500 εὕ-

303 1525 521 1576 δαιμονιάν
562 1532 647 1574 τοῖς
678 1522 896 1578 Ῥωμαίοις
938 1524 1189 1578 α’νασιόζειν,
1238 1524 1392 1579 πολλὴν
1431 1522 1576 1566 τούτου
1616 1525 1783 1568 ἕνεκααο

301 1591 372 1630 καί
390 1591 544 1644 συνεχῆ
559 1592 788 1646 ποιουμένῳ
812 1588 886 1645 τήν
907 1591 1156 1649 ’φροντίδαῇ
1212 1588 1232 1631 ὃ
1263 1591 1308 1631 δὲ
1335 1586 1510 1642 ἄσμενος
1529 1588 1730 1640 ἀποδεξά-

302 1669 422 1706 μενος
457 1654 555 1705 τούς
590 1653 759 1708 λόγους,
801 1657 898 1711 περὶ
921 1657 999 1709 μὲν
1030 1658 1113 1697 τῶν
1137 1654 1378 1711 χρημάτων,
1412 1653 1580 1710 ἔφασκε,
1603 1652 1729 1707 χάριν

270 1720 420 1776 Batiai}
458 1719 610 1776 πολλὴν
646 1721 821 1774 εἰδέναι,
868 1720 918 1761 οὔ
951 1723 1010 1778 τῷ
1038 1720 1144 1776 ὑπὲρ
1175 1721 1256 1762 τῶν
1286 1722 1401 1778 κοινῇ
1430 1716 1733 1775 συμφερόντων·

369 1847 400 1879 5.
427 1844 644 1892 δυναμένων
669 1846 703 1880 Ρ.
780 1859 791 1881 ι
805 1859 830 1880 ι.
846 1847 909 1880 καὶ
930 1847 1081 1880 alterum
1091 1857 1157 1880 om.
1167 1845 1200 1879 P.
1217 1849 1254 1878 et
1264 1845 1312 1878 Μ.
1372 1845 1423 1880 ι5.
1446 1856 1494 1890 τῳ
1519 1845 1568 1878 Μ.
1583 1868 1594 1886 ,
1614 1836 1682 1886 τὴν
1691 1843 1726 1877 Ρ.

301 1964 588 1998 reconciliatores
612 1965 794 2004 nimirum,
821 1963 884 2009 qui
905 1963 944 1996 id
968 1967 1149 2008 praestare
1172 1963 1347 2007 imprimis
1374 1966 1533 2007 queunt:
1558 1960 1728 2007 aliquan-

304 2011 349 2044 do
375 2011 413 2044 in
436 2010 617 2044 mendicos
641 2010 939 2043 circumforaneos
965 2020 1171 2042 consumere
1195 2010 1378 2052 cogitasse.
1424 2008 1494 2041 Sed
1519 2018 1597 2040 cum
1618 2018 1729 2051 repu-

303 2058 407 2098 tarit,
443 2062 505 2090 aut
529 2057 635 2096 illos,
665 2062 727 2089 aut
750 2057 815 2090 hos
841 2055 1025 2088 commode
1058 2055 1210 2100 pecunia
1248 2066 1320 2087 non
1355 2065 1505 2093 usuros,
1542 2057 1605 2086 aut
1635 2054 1728 2086 alios

301 2114 366 2147 per
395 2105 553 2148 rapinam
579 2107 615 2135 et
638 2103 751 2136 scelus
775 2112 922 2141 usuros,
951 2113 1100 2147 eamque
1122 2099 1401 2145 disperdituros,
1427 2105 1462 2133 et
1482 2099 1585 2132 illum
1610 2099 1728 2132 solum

303 2160 419 2182 rerum
445 2148 667 2194 praesidem,
695 2149 844 2193 eiusque
880 2158 1021 2181 sensum
1053 2147 1295 2193 perspexerit,
1329 2145 1509 2193 quomodo
1550 2145 1597 2178 ob
1629 2156 1727 2179 com-

302 2207 446 2229 munem
479 2195 674 2228 utilitatem
713 2206 787 2227 non
810 2195 998 2238 pecuniam
1024 2193 1151 2234 modo,
1182 2204 1306 2227 verum
1344 2198 1380 2225 et
1407 2193 1520 2236 ipsam
1558 2192 1726 2232 animam,

304 2242 333 2274 si
360 2242 509 2274 facultas
536 2242 604 2282 sit,
633 2251 697 2285 pro
723 2240 839 2272 nihilo
863 2239 996 2273 hahere
1019 2240 1236 2280 meditetur,
1274 2244 1310 2272 et
1332 2250 1467 2272 morum
1497 2237 1574 2270 eius
1608 2236 1726 2270 hone-

303 2293 429 2320 statem
454 2288 520 2320 iam
548 2287 706 2323 noverit,
735 2287 901 2319 statuisse
932 2287 1002 2329 ipsi
1028 2286 1241 2319 offerendam
1271 2285 1461 2329 pecuniam
1495 2283 1614 2324 illam,
1650 2293 1726 2316 non

302 2334 453 2366 honeste
479 2334 611 2374 solum,
650 2333 713 2366 sed
742 2338 778 2366 et
802 2344 879 2365 cum
905 2333 1044 2365 ratione
1079 2337 1116 2365 et
1151 2330 1340 2376 diligentia
1363 2330 1410 2362 ad
1437 2329 1619 2375 publicam
1653 2331 1726 2362 Ro-

303 2390 487 2412 manorum
516 2379 713 2412 utilitatem
738 2378 1004 2419 insumendam,
1034 2377 1178 2422 quando
1214 2383 1250 2410 et
1281 2377 1325 2409 ab
1360 2377 1446 2421 ipsis
1480 2377 1630 2409 collecta
1665 2377 1724 2408 sit.

303 2425 402 2457 Hanc
427 2426 536 2468 igitur
563 2436 702 2458 omnem
729 2425 784 2456 illi
809 2425 946 2458 venisse
972 2424 1137 2464 tradere,
1176 2423 1393 2468 ubicumque
1429 2422 1585 2455 voluerit
1619 2426 1726 2454 uten-

305 2470 396 2502 dam.
444 2473 568 2516 ltaque
593 2477 714 2516 patere
742 2470 930 2511 omnibus,
968 2481 1041 2503 non
1064 2469 1146 2503 ideo
1173 2481 1210 2503 se
1236 2468 1379 2509 adesse,
1409 2473 1450 2500 ut
1474 2480 1510 2501 se
1534 2467 1619 2500 huic
1636 2478 1724 2499 -mu-

303 2518 380 2550 neri
406 2523 573 2561 quaestus
608 2517 763 2550 faciendi
796 2527 899 2549 causa
934 2517 1081 2559 praefici
1114 2521 1234 2560 roget,
1282 2527 1361 2548 cum
1406 2519 1507 2558 parta
1543 2513 1724 2546 retinendi

303 2574 344 2594 ac
370 2562 413 2595 de
439 2568 556 2595 cetero
582 2564 620 2596 in
646 2565 720 2596 otio
744 2563 887 2596 vivendi
913 2562 1060 2595 libertas
1086 2561 1220 2594 fuerit}
1254 2560 1317 2594 sed
1342 2562 1424 2606 quia
1448 2560 1517 2605 ipsi
1549 2559 1594 2592 ad
1622 2564 1725 2592 vete-¹

304 2621 378 2642 rem
405 2608 611 2641 felicitatem
639 2610 802 2643 Romanis
827 2609 1103 2651 recuperandam
1130 2613 1203 2640 tam
1236 2609 1375 2640 intensa
1404 2613 1440 2640 et
1463 2605 1605 2640 assidua
1641 2615 1724 2637 cura

304 2654 526 2688 incumbenti
563 2655 662 2687 utilis
700 2662 736 2688 et
760 2654 804 2688 ad
831 2655 1024 2688 iuvandum
1050 2653 1201 2687 idoneus
1231 2653 1346 2686 videri
1373 2654 1503 2696 cupiat.
1550 2651 1624 2684 Hac
1648 2662 1726 2684 om-
1751 2663 1756 2665 Α

304 2701 403 2734 tione
432 2700 627 2733 delectatus
652 2713 796 2745 magnus
822 2701 1060 2740 domesticus,
1092 2699 1136 2732 de
1159 2701 1314 2743 pecunia
1343 2710 1379 2731 se
1407 2699 1461 2731 iili
1486 2697 1631 2743 gratiam
1661 2697 1725 2729 ha·

303 2748 389 2780 bere
415 2746 485 2786 ait;
529 2756 602 2778 non
636 2751 771 2779 tantum
798 2747 893 2790 quod
929 2758 1003 2780 cam
1041 2745 1085 2777 ad
1124 2756 1345 2778 communem
1378 2756 1478 2778 usum
1517 2743 1724 2778 contulerit:

305 2794 366 2833 sud
392 2793 486 2838 qumi
514 2791 620 2833 etiam
654 2793 724 2826 sibi
760 2794 833 2826 cius
871 2791 1128 2839 dispensandae
1163 2793 1339 2826 rationem
1374 2790 1587 2831 crediderit,
1619 2797 1727 2835 quaa
