1800 3132
292 168 356 223 18
804 182 1177 229 cAMAcUzEm

84 289 167 324 ΑΒ.
187 289 266 335 ι34ι
282 288 446 341 χοῦσαν
469 285 631 340 βλάβην
654 287 885 342 δυναμένης
907 290 1135 344 προξενεῖν,
1155 284 1223 331 οἶα
1237 287 1292 343 δὴ
1320 287 1425 343 πρὸς
1435 289 1492 346 τῷ
1511 289 1629 338 δίκας
1643 291 1725 345 τῆς

282 353 471 407 ἁρπαγῆς
486 350 667 407 ὀφείλειν
695 353 768 393 καί
792 355 1112 409 κεχωρισμένοις
1131 353 1213 395 ἀπὸ
1237 355 1354 395 θεοῦ.
1402 352 1423 394 ὃ
1440 354 1570 407 μέγας
1587 354 1633 395 δὲ
1649 355 1719 395 δο-

162 421 474 471 Ρ.352μέστικος
505 417 583 458 οὐκ
609 417 704 471 α’νιή
732 416 1001 471 βιαζόμενος,
1028 418 1115 460 ἀλλ’
1148 420 1281 460 έδεΐτο
1307 419 1388 459 τῶν
1416 419 1494 470 μὲν
1524 416 1728 461 τοιούτων.

280 484 412 536 λόγων
440 483 733 535 α’ποσχέσθαι,
764 482 878 541 αὐτῷ
906 485 951 525 δὲ
980 483 1218 535 πεύθεσθαι,
1247 480 1303 531 ὥς
1330 484 1620 524 λυσιτελοῦντα
1648 482 1721 525 καὶ

279 547 420 589 δίκαια
459 549 763 605 βουλευομένῳ.
841 550 914 590 καί
949 546 1090 590 ἔπεισέ
1121 564 1167 602 γε
1194 545 1463 602 βιασάμενος,
1493 547 1584 589 οὐδ’
1611 543 1750 589 οὕτωό·

277 614 357 665 μὲν
386 613 676 665 πεπεισμένον,
718 612 774 662 ὥς
802 615 996 668 λυσιτελῆ
1025 610 1079 655 τὰ
1108 610 1366 668 πραττόμενα
1393 610 1456 668 εἴη
1475 644 1488 667 ,
1517 611 1624 654 ἀλλὰ
1651 613 1724 668 τῆς

279 679 459 733 ἐξαρχῆς
502 675 697 731 ἐχόμενον
734 679 935 733 γνώμης,
968 676 1039 719 διὰ
1076 679 1122 719 δὲ
1150 676 1196 719 τὸ
1229 679 1363 720 δοκεῖν
1391 680 1529 735 ἐκείνῳ
1558 682 1731 720 λυσιτε->

278 747 364 784 λεῖν
403 744 477 784 καί
517 738 669 785 ἄκοντα
708 746 996 797 πεπεισμένον.
1051 745 1125 784 καί
1150 741 1223 785 τόν
1251 741 1516 799 πατριάρχην
1542 758 1722 796 μετακα-

278 807 503 861 λεσάμενος
532 810 605 850 καί
631 804 725 850 ὅσοι
755 810 839 850 τῶν
867 809 1103 864 ἀρχιερέων
1141 810 1187 851 ἐν
1221 808 1439 866 Βυζαντίῳ
1467 809 1560 850 τότε
1587 808 1722 864 παρῆ-

278 890 384 928 σαν,
425 874 497 916 καί
529 871 606 915 ὅσα
644 869 697 928 ἧν
738 871 845 924 εἰκὸς
885 875 1124 927 διαλεχθείς
1161 877 1259 930 περὶ
1284 876 1357 916 τοῦ
1383 875 1621 928 πράγματος
1649 875 1779 917 καίῐθ,

278 941 356 994 τὴν
383 938 549 995 γνώμην
577 938 764 995 φανερὰν
792 938 968 994 ποιήσας
985 972 996 991 ,
1019 938 1076 989 ὥς
1107 941 1219 997 αὐτῷ
1245 942 1323 994 μὲν
1352 937 1449 981 οὕτε
1476 936 1722 994 ἀναγκαῖον,

279 1001 374 1047 οὔτε
400 1006 611 1053 λυσιτελὲς
639 1006 758 1045 δοκεῖ
773 1004 817 1046 τὸ
847 1007 1031 1060 πρᾶγμα,
1053 1005 1124 1062 (οὗ
1149 1004 1227 1061 γὰρ
1249 1004 1468 1061 ἐπισχήσει
1490 1004 1567 1055 τὰς
1589 1003 1724 1062 ὁρμὰς

275 1072 360 1112 τῶν
374 1069 609 1124 ἐπιβούλων
627 1071 657 1127 )
679 1069 737 1118 ὥς
753 1066 806 1112 ἂν
836 1072 883 1113 δὲ
898 1070 957 1126 μή
981 1072 1121 1126 δοκοίη
1142 1078 1227 1121 τοῖς
1241 1074 1460 1128 σφετέροις
1473 1070 1619 1125 μόνοις
1634 1073 1733 1113 πεί-ε

243 1139 439 1179 Βθεσθαι
457 1140 682 1189 λογισμοῖς,
712 1134 819 1177 α’λλὰ
833 1138 905 1178 καί
919 1134 1075 1193 ἑτέροις
1093 1135 1428 1191 συμβουλεύουσι
1454 1140 1722 1192 παραχωρεῖν

278 1199 408 1243 αὐτόν
423 1217 465 1243 τε
480 1207 703 1243 πεπεῖσθαι
717 1204 790 1243 καί
798 1200 944 1258 σφίσιν
955 1202 1203 1258 ἐπιτρέπειν,
1223 1203 1384 1246 ἐκέλευε
1396 1201 1468 1245 τὸν
1483 1198 1780 1258 ἂφορισμὸνῐό

276 1265 382 1308 κατὰ
401 1269 482 1308 ταῖν
494 1265 599 1320 μετὰ
617 1266 693 1322 τὴν
709 1267 866 1309 ἐκείνου
890 1266 1084 1323 τελευτὴν
1097 1274 1180 1317 τοῖς
1197 1269 1339 1311 παισίν
1356 1268 1511 1318 ἀδίκως
1523 1269 1724 1322 ἐπιθησο-

274 1330 414 1384 μένων
434 1333 647 1388 ἑκφωνεῖν.
688 1332 762 1375 καί
778 1335 948 1375 ἐτελεῖτο
976 1333 1090 1389 παρὰ
1109 1333 1385 1391 πατριάρχου,
1404 1329 1431 1391 ᾗ
1451 1334 1723 1390 προσέταττεν

276 1396 298 1439 ὃ
315 1398 528 1450 βασιλεύς.
574 1396 644 1440 διὰ
662 1400 798 1440 ταῦτα
817 1397 868 1454 δὴ
887 1398 994 1452 μετὰ
1013 1396 1090 1451 τὴν
1111 1399 1265 1441 ἐκείνου
1278 1399 1469 1455 τελευτὴν
1483 1400 1504 1441 ὅ
1518 1397 1722 1454 πατριάρ-

276 1479 356 1517 χης
376 1459 494 1519 ᾠήθη
516 1465 616 1514 δεῖν,
641 1459 709 1506 οἷα
730 1462 780 1519 δὴ
795 1466 877 1506 τῶν
888 1464 1094 1517 βασιλέως
1105 1465 1267 1507 παίδων
1286 1466 1435 1521 φύλαξ,
1455 1459 1588 1513 ἄλλως
1601 1464 1645 1506 θ’
1660 1461 1724 1506 ὅτι

277 1532 349 1571 καί
367 1528 388 1572 ὅ
405 1532 481 1572 τοῦ
495 1533 700 1583 βασιλέως
718 1536 816 1579 παῖς
833 1530 1023 1586 Ἰωάννης
1040 1530 1061 1572 ὃ
1081 1530 1280 1584 βασιλεύς
1299 1531 1361 1573 ἔτι
1377 1531 1520 1586 νήπιος
1533 1526 1598 1585 ἦν,
1623 1525 1788 1585 ἅρτι20>

278 1597 475 1650 παιδικῆς
488 1596 664 1651 ἡμμένος
679 1594 851 1651 ἡλικίας,
872 1594 962 1652 (ἔτη
974 1594 1052 1651 γάρ
1071 1592 1122 1651 ἦν
1135 1595 1313 1650 γεγονώς
1335 1597 1492 1651 ἑννέα·)
1516 1594 1724 1638 ἀνθάπτε-

279 1664 386 1703 σθαι
405 1663 488 1703 τῶν
515 1660 768 1716 πραγμάτων
795 1663 868 1703 καί
892 1659 964 1717 τὴν
990 1663 1210 1714 βασιλείαν
1235 1661 1536 1712 συνδιασώζειν
1562 1662 1620 1717 τῷ
1646 1661 1723 1717 νέῳ

279 1730 461 1780 βασιλεῖ’.
520 1729 593 1768 καί
618 1724 766 1781 ἥπτετό
794 1743 841 1781 γε
874 1727 1039 1781 αὐτῶν,
1069 1727 1289 1769 λανθάνειν
1315 1727 1541 1780 ἐπιχειρῶν
1567 1725 1624 1773 ὥς
1641 1722 1723 1778 μοί-

282 1796 403 1834 λιστα
442 1793 540 1848 ε’νῆν
581 1791 668 1834 acac&
694 1791 800 1835 κατά
830 1792 983 1849 μικρὸν
1009 1791 1251 1847 ἐμβιβάζων
1274 1790 1424 1834 ἑαυτὸν
1453 1794 1512 1840 εἰς
1540 1790 1616 1847 την
1647 1788 1724 1847 ἆρ-

374 1894 408 1927 6.
432 1893 698 1940 πεπεισμένων
721 1893 755 1926 Ρ.

285 1983 392 2015 etiam
418 1982 505 2015 diris
532 1983 698 2027 precibus
723 1994 743 2015 a
779 1983 902 2017 divina
927 1983 1183 2016 coniunctione
1212 1982 1370 2015 seclusis.
1420 1980 1571 2026 Magnus
1595 1981 1722 2014 dome-
1772 2022 1777 2027 ι

285 2029 395 2061 sticus
431 2030 586 2069 instare,
624 2040 822 2075 rogareque
855 2028 1064 2062 huiusmodi
1100 2028 1219 2062 verbis
1256 2033 1439 2073 parceret3
1477 2028 1547 2061 sibi
1582 2028 1722 2060 utiliter

282 2085 328 2106 ac
351 2075 444 2107 iuste
470 2076 673 2108 consulenti
700 2081 852 2119 pareret.
900 2076 945 2108 Et
971 2076 1260 2119 importunitate,
1289 2074 1387 2120 quod
1412 2075 1546 2114 voluit,
1582 2075 1720 2114 effecit,

284 2132 360 2154 non
384 2122 436 2153 ita
460 2125 591 2162 tamen,
614 2128 656 2155 ut
676 2123 905 2166 profuturum
930 2122 1093 2155 crederet
1122 2122 1341 2166 imperator,
1374 2121 1404 2154 si
1438 2121 1559 2163 fieret3
1595 2130 1733 2153 verum*

286 2168 506 2211 anticipamus
530 2168 696 2212 opinioni
722 2179 806 2201 suae
831 2167 972 2209 affixus,
997 2169 1168 2214 quoniam
1194 2168 1256 2199 illc
1281 2166 1508 2212 profuturum
1533 2165 1731 2206 censebats

287 2215 326 2246 in
373 2214 528 2257 speciem
569 2224 735 2248 assensus
775 2219 850 2248 est:
894 2217 1139 2259 accersitoque
1177 2212 1377 2259 patriarcha
1422 2224 1502 2246 cum
1538 2213 1730 2291 episcoXis·

288 2264 471 2305 quotquot
494 2261 655 2304 Byzantii
676 2261 929 2301 versabantur,
965 2267 1003 2295 et
1034 2271 1127 2306 quae
1152 2260 1304 2293 decebat
1327 2260 1371 2293 de
1397 2270 1434 2292 re
1457 2260 1616 2302 locutus3
1689 2260 1719 2288 '-

288 2306 418 2341 clarata
442 2308 592 2352 insuper
614 2309 733 2352 palam
758 2307 937 2341 sententia
967 2319 1051 2348 sua,
1084 2307 1155 2340 sibi
1178 2306 1328 2352 quidem
1352 2317 1424 2339 rem
1449 2316 1569 2351 neque
1592 2316 1731 2339 neces--

289 2351 438 2392 sariam,
473 2363 595 2398 neque
628 2354 895 2388 conducibilem
919 2354 1036 2389 videri
1069 2353 1159 2397 (non
1191 2355 1286 2385 enim
1313 2351 1474 2385 cohiberi
1498 2362 1604 2396 posse
1630 2352 1720 2386 insi-

290 2397 472 2431 diatorum
507 2399 729 2447 cupidinem)
777 2405 896 2434 tamen
945 2412 990 2433 ne
1031 2401 1257 2433 existimetur
1299 2410 1362 2432 suo
1400 2402 1539 2432 tantum
1579 2397 1718 2433 iudicio

291 2444 465 2489 obsequi,
501 2446 564 2479 sed
594 2447 745 2481 aliorum
781 2457 927 2493 quoque
953 2446 1113 2480 consiliis
1149 2446 1293 2485 cedere,
1334 2450 1371 2478 et
1399 2454 1525 2479 manus
1562 2444 1648 2478 dare
1681 2448 1720 2478 et

290 2502 366 2524 rem
411 2491 485 2524 illis
525 2494 756 2528 committere.
814 2492 965 2527 Proinde
999 2492 1190 2527 anathema
1228 2492 1266 2525 in
1305 2501 1366 2526 eos
1399 2489 1544 2531 dicant,
1579 2491 1643 2537 qui
1680 2501 1720 2526 se

290 2542 432 2571 mortuo
456 2539 549 2572 filios
574 2540 651 2574 eius
675 2552 740 2585 per
763 2540 877 2574 scelus
903 2539 1142 2573 adorirentur.-
1189 2536 1395 2571 Patriarcha
1419 2538 1515 2572 iussa
1546 2537 1729 2582 complet;-

293 2589 332 2617 et
356 2583 420 2616 hae
454 2583 626 2618 nimirum
657 2587 702 2619 de
737 2597 842 2619 causa
867 2591 950 2631 post
980 2587 1057 2620 eius
1094 2585 1235 2618 obitum
1270 2587 1435 2628 oportere
1466 2595 1504 2618 se
1533 2581 1730 2630 tamquam-

291 2630 446 2663 filiorum
472 2635 626 2665 tutorem
659 2633 712 2678 (et
746 2632 976 2678 praesertim,
1005 2633 1092 2678 quia
1116 2632 1267 2664 Ioannes
1298 2630 1495 2674 imperator
1524 2629 1719 2664 admodum

290 2687 382 2721 puer
419 2676 556 2718 adhuc,
596 2689 724 2713 novem
761 2679 949 2713 dumtaxat
984 2687 1096 2712 annos
1132 2682 1238 2710 natus
1273 2677 1386 2721 erat,)
1421 2676 1729 2721 gubernationem>

291 2723 468 2766 attingere
494 2728 530 2756 et
553 2723 822 2766 adolescentulo
849 2726 1057 2769 imperatori
1086 2724 1275 2770 imperium
1299 2732 1506 2756 conservare
1532 2724 1728 2756 existima-¹

290 2768 353 2807 vit.
400 2770 451 2804 Ac
482 2772 641 2816 suscepit
670 2772 819 2818 quidem
844 2772 908 2807 ille
929 2781 1004 2807 rem
1032 2770 1238 2820 publicam,
1261 2768 1508 2816 paulatimque
1535 2774 1648 2805 semet
1678 2769 1719 2804 in

684 2863 695 2881 ρ
