1800 3138
471 208 849 251 His‘romAmm
890 211 962 250 111.
995 211 1064 256 [15.
1407 187 1516 262 ⁹75

80 311 163 367 χὴν
190 310 263 352 καὶ
284 309 357 351 ὑπ’
388 309 549 350 ἐκείνου
579 302 779 360 ἄγεσθαι·
838 305 1164 349 διακινδυνεύειν
1194 303 1240 344 δὲ
1269 304 1343 344 οὐκ
1371 297 1609 358 ἦθελενΔ.Ὀ.
1630 309 1718 355 ¹342

80 379 187 434 ὑπὲρ
218 374 387 418 ἐκείνου.
443 372 536 415 ἐπεὶ
561 374 606 415 δὲ
635 374 822 427 συμβαίη
839 370 891 413 τὰ
909 371 1016 413 κατὰ
1039 374 1079 414 Γ
1077 368 1404 424 υναικόκαστρον
1421 368 1520 424 περὶ

81 443 257 498 βασιλέα
304 442 377 481 καί
414 435 607 495 ἇφίκοιτο
646 439 705 487 εἷς
738 436 993 491 Τριβαλοὺς,
1034 439 1210 489 νομίσας
1245 432 1329 475 ὑπὸ
1373 432 1526 489 Κράλη

84 506 330 562 βιαζόμενον
363 502 516 560 ἐτέρων
549 507 596 545 τέ
629 519 755 545 τινων
777 500 1008 554 εΡοιῃιιαιόις
1036 498 1329 557 προσηκόντων
1367 498 1526 556 ἀνάγκῃ

56 568 403 627 ὄπαραχωρήσειν
456 569 529 610 καί
565 571 723 611 ἐκεῖνον
751 565 1042 622 παραδώσειν,
1086 561 1196 622 (ᾔδει,
1230 565 1311 622 γὰρ
1352 563 1402 608 οὗ
1430 567 1531 621 περὶ

83 636 298 686 ἐλάττονος
324 637 542 688 τιθὲ,ιιενον
573 634 750 689 Κράλην
780 633 855 688 την
877 633 1009 674 αὐτοῦ
1027 634 1335 690 ἄποστασιάν,)·
1354 634 1427 675 καί
1442 635 1530 675 δεί-

83 719 173 754 σας,
201 701 258 757 μὴ
290 700 363 743 καὶ
391 699 519 750 αὐτὸς
549 702 595 742 ἐκ
624 702 699 754 τῆς
731 702 790 749 εἰς
817 698 996 752 βασιλέα
1030 698 1325 755 παραπόληται
1354 699 1529 755 φιλίας,

83 769 321 822 ἐσκέψατο,
355 768 394 809 εἰ
420 766 590 809 δύναιτο
619 764 854 808 Μελενίκον
886 770 1137 818 κατασχεῖν,
1176 766 1232 807 ἵν’
1270 766 1386 822 αὐτῷ
1423 765 1529 818 πρὸς

85 833 262 888 Κράλην
299 833 487 889 ἀρκοῦσα
515 830 766 887 παραίτησις
806 828 870 886 εἴη
899 831 971 886 τῆς
999 832 1252 881 ἅποστασίας
1279 824 1571 886 παραδόνταῐ)

38 897 266 945 ιοσυνιδών
293 899 363 951 δὲ,
402 897 458 946 ὥς
485 894 626 946 ὅπλοις
653 896 732 949 μὲν
763 895 837 937 οὔκ
865 892 918 937 ἂν
946 894 1009 951 εἴη
1039 894 1197 945 ἁλωτὸς
1226 896 1296 938 διὰ
1322 896 1397 951 τήν
1425 893 1531 951 ἄγαν

87 962 268 1020 φυσικήν
296 979 344 1005 τε
369 966 441 1005 καί
476 963 861 1016 κατεσκευασμένην
890 959 1139 1018 ὀχυρότητα,
1169 963 1284 1004 σίτου
1317 965 1363 1005 δὲ
1394 964 1533 1019 ἐνδείᾳ

85 1031 271 1082 μᾶλλον,
318 1030 462 1083 πρῶτα
499 1030 578 1080 μὲν
621 1026 802 1069 ἐκώλυσε
840 1031 953 1068 σῖτον
986 1028 1265 1082 εἰσκομίζειν,
1313 1027 1456 1070 ἔπειτα
1484 1030 1533 1070 δὲ

86 1094 267 1137 ἐπέκειτο
304 1093 378 1135 καί
413 1095 608 1149 φανερῶς
635 1095 837 1145 πολεμῶν.
889 1089 1066 1147 Ἀσάνης
1096 1094 1143 1134 δὲ
1172 1092 1246 1134 καί
1272 1093 1298 1149 ἦ
1329 1093 1428 1149 περὶ
1454 1089 1535 1135 αὖ-

86 1157 160 1201 τόν
183 1158 352 1215 φρουρὰ
381 1157 589 1214 ὁρῶντες,
619 1158 675 1207 ὥς
703 1157 780 1199 οὐκ
799 1155 1101 1211 ἆντισχήσουσι
1131 1157 1239 1213 πρὸς
1265 1157 1340 1213 την
1367 1163 1536 1214 πολιορ-

39 1226 183 1274 ι5κίαν
217 1223 286 1265 διὰ
315 1227 434 1267 σίτου
464 1223 667 1278 ἀπορίαν,
703 1227 721 1280 (
738 1227 911 1276 βασιλεῖ
938 1222 1020 1278 γὰρ
1061 1223 1132 1266 διὰ
1162 1223 1215 1265 τὰ
1244 1222 1537 1279 συμβεβηκότα

86 1293 256 1344 βοηθεῖν
276 1292 352 1330 ου’κ
376 1291 504 1347 ἐνῆν,)
534 1290 702 1342 συμβὰν
733 1291 779 1330 δέ
806 1306 848 1330 τι
875 1289 948 1330 καί
972 1292 1115 1344 ἕτερον
1143 1290 1240 1345 περὶ
1267 1288 1436 1344 αὗτοὺς,
1455 1308 1537 1332 πα-

89 1356 266 1409 ρέὸοσαν
293 1355 367 1410 τήν
396 1356 516 1397 πόλιν
543 1358 701 1412 Χρέλῃ.
757 1353 777 1395 ὃ
804 1356 852 1396 δὲ
879 1353 984 1410 πρὸς
1012 1355 1188 1410 Κρὰλην
1213 1358 1408 1409 πέμψας,
1450 1357 1536 1396 διε-

88 1422 225 1474 λέγετο
263 1420 364 1475 περὶ
400 1418 652 1473 συμβάσεων
688 1419 762 1460 καί
797 1419 1056 1475 προσεχώρει
1094 1423 1301 1476 φανερῶς.
1359 1420 1535 1475 Κράλης

88 1486 166 1536 μὲν
204 1479 277 1526 οὖν
318 1485 536 1540 ὑπερήσθη
575 1491 662 1533 τοῖς
700 1486 982 1539 γεγενημένοις
1022 1485 1096 1527 καί
1138 1483 1287 1540 ὅρκους
1314 1490 1538 1541 παρείχετο

38 1550 245 1597 ῃοαῦτίκα
274 1552 417 1606 Χρέλῃ
458 1549 529 1591 καί
562 1549 816 1591 ὑπεποιεῖτο.
874 1551 1052 1603 βασιλέα
1080 1552 1126 1591 δὲ
1154 1551 1358 1605 ἐλύπησεν
1386 1552 1462 1591 οὐκ
1492 1547 1536 1591 ὄ-
1551 1552 1663 1586 P·500

90 1617 187 1669 λίγα
214 1614 260 1657 τὸ
290 1617 471 1669 συμβάν.
523 1617 584 1664 εἷς
611 1612 687 1668 τήν
715 1612 939 1669 ὑστεραίαν
974 1613 1055 1669 γὰρ
1096 1617 1188 1657 ἐπεὶ
1227 1610 1325 1669 ἧκον
1364 1615 1540 1667 ὄμόσον-

91 1695 162 1728 τες
192 1680 291 1729 τούς
319 1678 469 1736 ὅρκους
496 1679 603 1722 κατὰ
630 1678 706 1729 τὰς
725 1680 960 1733 συνθήκας,
989 1680 1165 1735 Κράλης
1187 1682 1268 1732 μὲν
1294 1680 1410 1734 ἠξίου
1444 1684 1543 1722 Με-

91 1748 252 1788 λενίκον
277 1762 323 1788 τε
350 1748 423 1789 καί
454 1749 623 1802 Χρέλην
652 1751 739 1794 τοῖς
764 1742 903 1801 ὅρκοις
931 1747 1268 1802 μετεγγραφῆναι
1297 1743 1354 1794 ὥς
1384 1744 1544 1801 προσή<

187 1852 219 1885 5.
244 1847 312 1892 ἤδη
338 1849 372 1882 Ρ.

96 1939 244 1986 piebat,
282 1951 357 1974 non
386 1944 508 1973 tamen
543 1940 651 1973 etiam
679 1943 757 1975 eius
784 1951 890 1975 causa
918 1941 1100 1975 obiectare
1127 1952 1165 1975 se
1188 1941 1360 1986 periculis
1386 1939 1543 1974 volebat.

94 1989 142 2020 Ut
167 1992 286 2020 autem
319 1988 403 2030 post
434 1987 498 2019 illa
515 1986 570 2020 -ad
595 1987 919 2030 Gynaecocastrum
944 1994 1042 2032 gesta
1068 1988 1264 2032 imperator
1290 1987 1335 2020 ad
1361 1987 1544 2022 Triballos

94 2038 152 2067 est
173 2033 367 2078 profectus,
393 2033 562 2077 opinatus
585 2044 606 2066 a
630 2034 733 2068 Crale
758 2039 933 2075 coactum,
959 2039 1036 2067 tum
1059 2036 1131 2067 alia
1155 2045 1250 2080 quae
1271 2039 1392 2067 essent
1418 2035 1546 2067 Roma-

94 2091 248 2121 norum,
284 2083 363 2112 tum
395 2080 514 2124 ipsum
548 2091 695 2126 quoque
720 2081 777 2115 illi
803 2081 1025 2122 dediturum,
1041 2083 1162 2126 (norat
1186 2081 1296 2121 enim,
1311 2079 1454 2113 Cralem
1478 2079 1547 2112 de-

95 2127 291 2160 fectionem
328 2136 428 2159 suam
453 2127 580 2171 inique
613 2127 769 2173 tulisse‚)
796 2129 1022 2173 timensque,
1049 2139 1096 2161 ne
1122 2128 1194 2160 sibi
1217 2133 1367 2171 propter
1391 2127 1549 2160 coniun-

98 2173 256 2206 ctionem
284 2183 363 2205 cum
389 2173 607 2217 imperatore
636 2184 708 2207 una
732 2174 959 2219 pereundum
983 2180 1090 2215 esset,
1115 2173 1380 2214 considerabat,
1404 2184 1473 2218 qua
1490 2184 1548 2206 ra-

95 2219 199 2253 tione
231 2218 450 2252 Melenicum
495 2226 707 2264 occuparet:
743 2231 814 2266 qua
844 2221 979 2254 tradita
1002 2221 1119 2255 Cralis
1143 2222 1233 2253 iram
1258 2221 1428 2265 placaret.
1476 2218 1550 2252 Sed

99 2277 180 2299 cum
211 2265 316 2297 armis
341 2262 438 2299 haud
463 2266 740 2310 expugnabilem
766 2273 1022 2313 cognosceret,
1050 2267 1149 2313 quod
1172 2272 1300 2299 natura
1321 2271 1358 2299 et
1374 2265 1546 2311 operibus

100 2317 197 2346 esset
220 2311 482 2352 munitissimas,
512 2312 667 2356 primum
693 2313 840 2358 quidem
865 2314 1040 2347 alimenta
1065 2314 1253 2358 importari
1278 2312 1445 2354 vetabam
1480 2313 1548 2346 de..

97 2357 187 2392 iude
221 2362 344 2402 aperta
374 2359 409 2391 vi
449 2370 524 2392 eam
562 2359 810 2394 adoriebatur.
867 2362 1003 2395 Asanes
1037 2365 1074 2393 et
1094 2359 1336 2404 praesidiarii,
1360 2364 1549 2394 cernentes

97 2405 251 2450 penuria
276 2410 494 2438 commeatus
519 2403 749 2439 obsidionem
776 2407 911 2441 diutius
939 2407 1110 2441 sustineri
1135 2417 1209 2438 non
1233 2416 1351 2449 posse,
1373 2407 1548 2452 (impera-

98 2451 172 2485 tori
198 2461 352 2495 namque
376 2456 522 2495 propter
549 2458 697 2493 eventa,
722 2453 767 2487 de
797 2453 930 2499 quibus
955 2453 1126 2492 diximus,
1150 2463 1334 2485 accurrere
1349 2463 1428 2485 cum
1443 2454 1554 2487 auxi-

100 2497 152 2531 lio
179 2507 254 2530 non
291 2496 453 2540 licebat‚)
484 2503 521 2531 et
551 2509 632 2530 cum
664 2499 765 2532 aliud
789 2505 978 2544 praeterea
1003 2501 1090 2545 ipsis
1117 2499 1290 2544 quiddam
1317 2500 1552 2544 contigisset,

102 2543 228 2578 Chreli
260 2542 386 2575 urbem
422 2543 649 2577 dediderunt.
707 2546 781 2590 Qui
816 2546 862 2578 ad
887 2547 1028 2581 Cralem
1052 2547 1162 2578 misso
1188 2550 1342 2584 oratore,
1370 2548 1487 2590 palam
1515 2546 1553 2578 ei

103 2601 141 2623 se
166 2589 345 2623 adiunxit.
396 2588 477 2633 Quo
505 2590 569 2622 illc
594 2591 689 2624 sacto
716 2604 821 2636 supra
846 2593 992 2626 modum
1018 2593 1192 2630 laetatus,
1217 2593 1337 2625 statim
1361 2593 1394 2626 ei
1419 2593 1554 2627 iuravit

104 2640 214 2680 atque
233 2637 271 2668 in
291 2636 398 2669 fidem
418 2642 456 2669 et
481 2636 684 2670 clientelam
711 2650 811 2671 suam
836 2640 986 2683 recepit.
1034 2639 1101 2670 Hic
1129 2649 1230 2671 casus
1248 2639 1456 2683 imperatori
1477 2650 1553 2673 non

107 2693 237 2726 parum
269 2682 399 2715 doluit.
455 2681 544 2714 Nam
571 2684 768 2727 postridie,
799 2696 880 2717 cnm
909 2697 953 2717 ex
978 2685 1145 2718 condicto
1171 2686 1322 2718 iuraturi
1346 2687 1552 2724 venissent,

111 2727 234 2761 crates
259 2727 480 2761 Melenicum
509 2735 547 2762 et
570 2729 736 2763 Chrelem
765 2731 809 2764 ad
836 2733 1078 2764 iuramentum
1103 2730 1284 2771 adscribi,
1315 2737 1357 2764 ut
1380 2732 1450 2765 sibi
1487 2731 1553 2764 de-

109 2773 223 2814 bitos,
265 2774 534 2816 contendebat,
574 2776 673 2820 quod
709 2783 903 2822 antequam
937 2778 1127 2817 iuraretur,
1159 2777 1204 2810 ad
1239 2788 1277 2810 se
1308 2780 1552 2811 accessissent.

113 2819 315 2866 Imperator
339 2822 520 2862 renitens,
555 2822 696 2856 Cralem
731 2824 938 2869 iniquitatis
977 2834 1018 2856 ac
1049 2823 1139 2858 laesi
1170 2823 1328 2858 foederis
1365 2823 1554 2869 arguebat.
