1820 3152
543 188 920 234 ffls‘romAmJM
960 193 1031 232 111.
1060 195 1131 240 90.
1429 168 1539 227 555

75 280 250 336 ’νεοθαι
279 292 395 335 δεινά
414 309 426 320 ·
456 294 777 347 συναπέστησαν
799 289 881 346 γὰρ
912 293 1060 334 αὐτίκα
1078 288 1275 348 Βατάτζῃ
1303 291 1378 332 καί
1401 289 1539 340 πόλεις
1552 296 1634 332 Ac.
1650 295 1738 341 1346

101 361 177 401 οὐκ
206 354 340 414 ὀλίγαι
371 357 601 416 Θρᾳκικαί,
635 351 693 400 ὧν
731 357 770 399 οἱ
805 358 965 400 ἐκείνου
998 353 1133 413 ἦρχον
1159 362 1389 412 συγγενεῖς,
1416 359 1540 410 βασι-

100 426 205 474 λέως
234 422 556 479 ἐγκεχειρικότος
586 422 662 473 τοὶς
689 420 847 478 α’ρχάς·
905 420 1019 477 ὅμως
1040 424 1284 478 ,ἀναγκαίως
1318 425 1392 464 καί
1417 421 1544 471 acras,-

98 488 430 546 παρεσκευάζετο
477 487 584 544 πρὸς
618 489 783 545 μάχην,
828 491 902 531 καί
936 491 1109 543 πέμψας
1139 492 1402 543 μετεκαλεῖτο
1442 486 1546 538 τούς

72 553 359 611 ὄστρατιιότας
389 555 436 597 ἐκ
462 557 544 597 τῶν
567 553 754 608 πόλεων,
795 551 862 604 αἶς
899 550 1008 610 ἦσαν
1045 557 1418 611 ἐγκαθιδρυμένοι·
1460 551 1543 596 αὖ-

101 619 174 670 τός
202 622 249 664 δὲ
281 622 498 664 ἐσκέπτετο
516 653 529 677 ‚
573 614 602 679 ᾗ
633 620 719 677 χρή
749 622 980 663 διαθέσθαι
1007 621 1057 664 τὰ
1079 619 1189 675 ῑκατοὶ
1216 618 1290 663 τὸν
1317 619 1423 675 πρὸς
1449 624 1543 663 Βα-

97 683 257 742 τάτζην
276 685 482 740 πόλεμον,
509 687 582 729 καί
604 689 663 745 τῷ
688 684 1019 743 πεπρεσβευκότι
1045 686 1152 743 πρὸς
1167 687 1324 729 ἐκεῖνον
1341 687 1542 740 διελέγετο

97 749 330 811 Νικηφόρῳ
375 754 434 809 τῷ
470 756 685 810 Μετοχίτῃ
719 754 790 795 ε’πί
828 754 967 808 κλίνης
1004 753 1297 806 ἀνακείμενος·
1336 751 1541 803 νυστάξας

96 819 145 860 δὲ
172 819 244 860 ἐπὶ
267 815 420 874 μικρὸν
431 852 444 872 ,
471 816 588 878 ὕπνῳ
629 816 875 875 κατελήφθη
913 817 1071 871 μεταξύ
1105 815 1396 873 διαλεγόμενος
1441 820 1542 873 περὶ

47 880 311 940 ιοΒατάτζη.
372 883 511 926 ἐδόκει
567 886 614 927 δὲ
654 884 760 942 ὄρᾷν
801 883 908 927 κατὰ
956 884 1054 934 τοὺς
1084 882 1242 934 ὕπνους
1293 885 1574 932 νεανίσκουςῦ

95 947 174 991 δύο
219 949 338 1000 τινας
378 952 624 1000 καλλίστους
664 949 836 1003 κάλλει,
876 953 1032 993 πέπλον
1074 952 1289 1007 φοινικοῦν
1328 948 1468 1004 ἔχειν,
1507 943 1542 1008 ᾧ

92 1018 283 1070 χρυσοῦς
315 1014 566 1058 ἐντετύπωτο
596 1015 782 1071 σταυρὸς
827 1015 900 1059 ε’πί
922 1015 975 1059 τὰ
1014 1018 1200 1073 τέσσαρα
1231 1014 1386 1072 διήκων
1415 1011 1542 1071 ἄκρα.

94 1082 321 1136 ἐγέγραπτο
362 1083 410 1124 δὲ
449 1081 523 1124 καί
558 1082 657 1138 περὶ
691 1081 764 1124 τὸν
803 1081 992 1138 σταυρὸν
1033 1081 1255 1138 γράμμασι
1280 1081 1355 1124 καί
1394 1082 1542 1130 αὐτοῖς

91 1153 286 1202 χρυσοῖς·
318 1147 504 1202 ,’,Ἰησοῦς
543 1147 734 1202 Χριστὸς
763 1149 899 1205 νικᾷ.”
945 1142 982 1205 ᾧ
1006 1143 1203 1204 φέροντες
1245 1146 1284 1190 οἱ
1324 1149 1536 1190 νεανίσκοι

44 1210 421 1267 ι5περιεκάλυπτον
445 1212 519 1256 τὸν
546 1214 739 1268 βασιλέα.
778 1215 914 1255 ταῦτα
938 1216 1018 1267 μὲν
1046 1209 1122 1255 οὖν
1149 1213 1172 1254 ὁ
1197 1211 1399 1267 βασιλεῦς
1426 1209 1540 1268 ἑώρα

93 1277 198 1320 κατὰ
248 1277 349 1328 τούς
399 1275 585 1334 ὕπνους,
634 1279 709 1322 καὶ
745 1279 919 1331 ἔξυπνος
964 1276 1185 1334 γενόμενος
1234 1280 1417 1334 διηγεῖτο
1451 1283 1540 1328 τοῖς

91 1346 312 1395 παροῦσιν.
353 1343 489 1387 ἐδόκει
528 1348 575 1389 δὲ
610 1346 753 1396 αὐτοῖς
799 1361 845 1388 τε
881 1345 955 1387 καί
989 1349 1181 1399 βασιλεῖ’,
1223 1341 1393 1400 ἀγαθοῦ
1429 1359 1540 1394 τινος

91 1407 166 1451 τὸν
194 1405 351 1465 ὄνειρον
375 1407 483 1452 εἶναι
510 1413 724 1467 μηνυτήν·
753 1413 914 1466 ἐλέγετο
943 1412 1017 1465 δὲ,
1059 1410 1116 1461 ὥς
1146 1411 1221 1465 τῆς
1261 1407 1395 1465 αὖτῆς
1424 1407 1540 1465 ὥρας

93 1473 313 1530 Βατάτζης
331 1473 512 1533 ἀνῄρητο
530 1474 611 1518 ὖπὸ
634 1478 833 1533 Περσῶν.
885 1473 995 1518 οὕτω
1019 1475 1100 1531 γὰρ
1130 1476 1364 1527 ἐξετάζοντι
1383 1474 1539 1531 ἐμηνύ-

39 1555 163 1583 2οετο
191 1538 365 1597 ὕστερον
392 1544 449 1600 τῷ
487 1545 667 1595 βασιλεῖ.
725 1541 747 1583 ὅ
786 1542 867 1598 γὰρ
897 1541 1146 1596 Βατάτζης,
1175 1542 1270 1583 ἐπεὶ
1296 1539 1336 1582 οἱ
1364 1543 1538 1595 Πέρσαι

91 1609 313 1661 παρῆσαν,
342 1603 404 1649 ὅτι
430 1609 511 1660 μὲν
537 1607 643 1664 πρὸς
674 1605 1026 1663 Καντακουζηνὸν
1052 1605 1121 1649 τὸν
1145 1609 1323 1660 βασιλέα
1362 1604 1539 1659 πόλεμον

90 1671 300 1729 ἀνῄρητο,
331 1673 408 1714 οὐκ
437 1671 613 1727 ἐδήλου·
642 1675 763 1716 τοῦτο
792 1675 838 1716 δὲ
865 1672 996 1727 μόνον
1024 1671 1236 1729 ἔφασκεν,
1260 1672 1318 1722 ὥς
1342 1669 1537 1728 ἡγήσοιτο

87 1737 162 1784 ἐπὶ
187 1739 412 1796 λεηλασίᾳ,
440 1738 640 1793 οἰόμενος,
667 1741 709 1781 εἰ
733 1737 931 1793 ἐπαγάγοι
957 1743 1051 1788 ταῖς
1078 1736 1357 1791 ὖπὸ’βασιλέα
1383 1734 1570 1779 πόλεσιῐ)
1624 1776 1625 1779 ,

90 1806 165 1853 καί
209 1805 410 1856 ἑπιδέίξοι
452 1806 826 1859 διεσκεδασμένοις
864 1802 1118 1861 ἀνθρώπους
1174 1806 1246 1846 καί
1288 1801 1535 1860 βοσκήματα

91 1949 200 1984 urbes
223 1950 411 1991 Thraciae,
438 1950 543 1997 (quas
569 1951 795 1996 imperatoris
819 1951 1035 1985 auctoritate
1060 1952 1138 1985 eius
1163 1952 1305 1997 cognati
1335 1951 1537 1997 regebant,)

92 1997 328 2031 desciverant.
377 1998 503 2031 Nihilo
540 1999 659 2031 minus
693 2009 730 2031 se
766 2010 911 2044 quoqne
945 1998 1044 2031 bello
1077 1999 1281 2032 necessario
1315 1998 1534 2040 instruebat,

91 2040 301 2090 militesque
334 2055 354 2078 e
384 2044 577 2088 praesidiis
604 2045 824 2079 advocabat:
857 2049 894 2079 et
920 2056 991 2091 qua
1017 2045 1158 2078 ratione
1193 2046 1233 2079 id
1257 2044 1394 2079 bellum
1419 2045 1537 2079 admi·

92 2092 288 2132 nistraret,
323 2092 455 2125 tacitus
490 2102 611 2124 secum
646 2092 850 2126 volutabat:
885 2102 1040 2138 cumque
1077 2091 1285 2137 Nicephoro
1321 2093 1536 2134 Metochite,

93 2139 156 2183 qui
194 2138 411 2182 legationem
448 2138 610 2180 obierat,
650 2139 689 2172 in
721 2139 907 2183 grabatulo
942 2139 1170 2183 requiescens
1196 2135 1406 2173 disserebat.
1454 2139 1536 2172 Ali-

92 2184 269 2230 quamdiu
301 2190 423 2218 autem
457 2185 554 2220 inter
587 2185 868 2231 colloquendum
910 2185 1129 2227 dormitans,
1167 2196 1292 2219 somno
1324 2188 1535 2231 consopitus

93 2236 170 2265 est:
205 2243 277 2277 quo
309 2233 408 2265 visus
447 2238 503 2266 est
535 2232 659 2266 videre
694 2233 784 2265 duos
810 2231 1057 2266 adolescentes
1082 2231 1534 2278 pulcherrimos,tenentes

91 2284 227 2312 vestem
261 2279 479 2323 stragulam,
518 2279 638 2313 colore
669 2278 908 2313 Phoenieeam
930 2304 940 2320 ‚
980 2289 1089 2326 super
1132 2290 1203 2325 qua
1242 2291 1410 2325 expressa
1447 2291 1534 2314 crux

92 2335 227 2366 aurea,
262 2325 309 2358 ad
346 2329 501 2371 quatuor
535 2327 614 2359 eius
651 2325 801 2370 angulos
833 2327 1057 2370 pertingens.
1106 2326 1251 2360 Circum
1283 2337 1422 2360 crucem
1447 2329 1534 2360 scri-

91 2376 195 2418 ptum
231 2377 309 2405 erat
342 2371 474 2405 litteris
500 2372 637 2407 aureis:
675 2373 772 2406 lesus
798 2371 962 2406 Christus
987 2373 1115 2406 vincit.
1164 2374 1415 2407 Eamrvestem
1444 2375 1533 2408 affe-

92 2424 212 2452 rentes
240 2419 294 2451 illi
312 2418 565 2467 'adolescentes
600 2420 855 2464 imperatorem
889 2419 1128 2453 dormientem
1154 2420 1423 2466 cooperiebant.
1459 2422 1534 2455 Hoc

88 2466 207 2498 visum
231 2470 463 2509 experrectus
489 2466 719 2501 adstantibus
746 2466 868 2507 refert,
887 2467 949 2513 qui
970 2466 1027 2512 (ut
1050 2468 1159 2501 etiam
1189 2468 1282 2514 ipse)
1306 2468 1396 2502 boni
1421 2470 1535 2515 quip-

89 2512 188 2556 piam
220 2511 436 2557 portendere
466 2513 535 2547 hoc
569 2515 748 2547 somnium
773 2514 1033 2547 coniectarunt.
1094 2513 1293 2548 Ferebatur
1315 2520 1445 2560 porro,
1466 2517 1534 2549 Ba-

89 2563 209 2592 tatzen
231 2570 272 2591 ea
298 2560 375 2603 ipsa
404 2558 492 2592 hora
519 2571 539 2593 a
568 2560 685 2594 Persis
711 2560 962 2600 interfectum,
998 2564 1039 2592 ut
1062 2560 1243 2605 indaganti
1268 2567 1393 2606 postea
1418 2563 1533 2607 impc-

91 2607 202 2640 ratori
228 2605 467 2649 significatum
493 2611 558 2641 est.
593 2607 736 2641 Etenim
762 2607 837 2646 ille,
853 2607 964 2639 Persis
990 2607 1062 2639 iam
1085 2609 1350 2651 praesentibus,
1371 2619 1408 2642 se
1430 2609 1528 2642 bello

91 2652 379 2685 Cantacuzenum
415 2653 584 2699 persequi
618 2665 691 2688 non
735 2652 934 2686 indicarat:
968 2652 1037 2687 hoc
1067 2655 1182 2687 solum
1207 2655 1374 2696 dixerat,
1393 2666 1455 2689 eos
1480 2655 1526 2687 ad

91 2699 340 2743 populandum
376 2700 471 2732 velle
505 2699 657 2740 ducere,
692 2706 843 2744 putans,
885 2699 915 2731 si
958 2699 1005 2732 ad
1035 2700 1142 2734 urbes
1180 2701 1407 2747 imperatoris
1442 2703 1525 2735 illos

91 2745 309 2779 admovisset
355 2744 592 2792 hominesque
642 2753 680 2780 et
711 2757 838 2791 pecora
881 2757 1000 2790 sparsa
1046 2751 1283 2792 ostentasset,
1324 2749 1525 2793 cupiditate

91 2792 304 2843 praedarum
339 2793 447 2829 ctiam
479 2793 648 2829 barbaros
673 2795 711 2827 iu
745 2795 998 2839 imperatorem
1025 2801 1261 2841 pugnaturos.
1310 2797 1392 2842 Qua
1417 2796 1456 2829 iu
1486 2807 1524 2829 re
