1812 3146
510 211 888 256 HISTORIARUM
929 215 1000 254 111.
1031 217 1102 261 83.
1419 193 1529 259 513

90 319 276 361 πλείοσιν
302 314 399 369 ἐμοὶ
423 313 858 372 συμμαρτυρούντων,
891 316 963 371 (ού
989 314 1071 371 γὰρ
1100 311 1155 358 ἂν
1186 315 1378 358 δύναιντο
1403 312 1619 372 ἕξαρὸΛ-(ἶ-
1638 313 1726 359 1345

87 399 152 427 νοι
181 383 372 438 γίνεσθαι
397 378 503 435 πρὸς
532 378 561 422 ἂ
589 380 687 433 ἐμοὶ
713 381 910 423 συνίσασι
937 383 1084 437 σαφῶς
1094 383 1127 436 ,)
1148 382 1309 423 δίκαιον
1332 381 1409 435 μὲν
1434 379 1533 430 τούς

88 445 495 503 σεσυκοφαντηκότας
534 446 608 488 καί
650 444 1028 499 ἐπιβουλεύσαντας
1075 446 1230 497 α’δίκως
1270 446 1343 488 καί
1385 444 1534 489 τοσού-

87 529 170 555 των
205 514 342 554 κακῶν
381 514 542 562 αἰτίους
574 510 799 564 Ῥωμαίοις
826 515 1074 565 γενομένους
1092 546 1105 566 ,
1133 511 1186 554 τὰ
1229 511 1303 554 ἴσα
1330 510 1534 568 πάσχειν,

62 573 143 625 fictu
168 574 389 633 ἡττῶνται.
419 575 500 631 ἐγώ
531 578 579 618 δὲ
609 574 750 632 ὥσπερ
781 578 825 619 ἐν
853 584 939 627 τοῖς
965 572 1127 631 ἄλλοις,
1158 572 1236 620 κᾶν
1265 577 1428 627 τούτοις
1460 594 1535 635 φι-

88 644 278 697 λοτιμιάν
311 642 404 685 τινὰ
433 643 792 696 ἐπιδεικνύμενος,
824 645 918 695 ἐμὲ
936 645 1016 696 μὲν
1060 641 1298 699 ἡττώμενον
1344 646 1535 698 τιμῶμαι

89 707 386 763 ἀποθνήσκειν,
439 704 493 751 ἂν
523 710 564 750 δ’
585 708 711 750 αὐτοὶ
738 707 989 750 ἁλίσκωνται
1007 740 1019 762 ,
1047 711 1181 764 μηδὲν
1206 709 1427 763 ὑπομένειν
1456 706 1535 765 ἆη-

90 775 160 824 δὲς
177 808 190 828 ,
217 774 309 815 ἀλλ’
338 771 442 816 αὐτὸ
472 776 596 816 τοῦτο
622 774 748 828 μόνον
774 772 1039 830 συκοφάνται
1067 774 1417 828 ἀποδείκνυσθαι,
1458 777 1535 829 ἐμὲ

90 841 138 881 δὲ
163 839 269 893 μετὰ
298 839 376 894 τὴν
402 839 518 895 νίκην
568 843 744 894 βασιλέα
788 843 903 896 κοινῇ
930 840 1292 895 ἀνακηρύττεσθαι
1319 840 1402 882 ὑπὸ
1428 841 1535 883 Ῥω-

43 904 229 959 ιομαίων
264 908 337 947 καί
374 903 640 961 συνάρχοντα
679 907 884 959 βασιλέως
913 911 1002 955 τοῖς
1029 907 1187 948 παισίν.
1241 906 1281 948 εἰ
1307 907 1354 948 δὲ
1377 907 1423 949 τὸ
1454 910 1535 960 βα-

92 969 255 1027 σιλικῆν
298 971 459 1026 ἐσθῆτα
490 968 643 1025 ἔχοντα
675 972 890 1013 δεδοίκασι
926 970 1032 1027 πρὸς
1067 969 1144 1027 την
1173 972 1292 1027 δότην
1320 973 1581 1030 ἅπαντᾷν,ῐ)

91 1033 120 1091 ἢ
147 1035 195 1079 τὸ
225 1035 431 1092 στρατιάν
474 1035 627 1090 ἔχοντα
662 1034 969 1079 ὑποπτεύουσιν
1010 1037 1070 1086 εἰς
1097 1037 1332 1089 Βυζάντιον
1370 1039 1536 1092 ἐλθεῖν,

92 1100 174 1157 ἐγώ
201 1103 275 1144 καί
299 1101 456 1152 ταύτας
483 1101 658 1156 ἰάσομαι
685 1101 762 1151 τὰς
790 1103 984 1158 α’πορίας.
1044 1104 1098 1144 ου’
1124 1105 1292 1153 πλείους
1319 1102 1398 1159 γὰρ
1429 1102 1540 1157 ἔχων

92 1167 385 1222 εἰσελεύσομαι
411 1170 496 1210 τῶν
523 1170 622 1210 δέκα
639 1201 653 1221 ,
684 1166 736 1210 τά
761 1183 806 1210 τε
832 1167 1030 1221 βασιλικὰ
1058 1168 1242 1224 ἐπίσημα
1281 1166 1541 1223 ἀποθέμενος

45 1235 306 1288 ι5ἰδιωτικὴν
321 1231 671 1290 μεταμφιάσομαι
702 1233 865 1289 σκευήν.
921 1234 999 1276 τοῦ
1025 1236 1140 1291 κοινῇ
1166 1234 1246 1290 γὰρ
1274 1235 1392 1277 ἕνεκα
1422 1240 1541 1277 λυσι-

91 1302 304 1349 τελοῦντος
346 1302 421 1342 καί
458 1302 534 1342 τοῦ
579 1300 817 1354 Ῥωμαίους
857 1302 941 1342 τῶν
979 1302 1026 1342 ἐκ
1067 1303 1144 1342 τοῦ
1172 1301 1353 1353 πολέμου
1393 1303 1542 1343 δεινῶν

94 1368 414 1421 ἀπαλλαγῆναι,
468 1363 543 1415 οὓς
573 1366 654 1420 ἐγώ
684 1366 869 1419 μάλιστα
901 1366 1014 1423 φιλῶ
1032 1398 1045 1419 ,
1089 1363 1168 1407 κᾶν
1210 1364 1250 1408 οἱ
1278 1367 1543 1423 συκοφάνται

97 1426 210 1475 οὗτοι
235 1430 307 1472 καί
332 1430 437 1486 πρὸς
463 1433 588 1473 τοῦτο
618 1430 903 1485 διαβάλλωσι,
935 1437 1076 1485 μισεῖν
1109 1429 1340 1488 φάσκοντες
1368 1431 1440 1473 καί
1465 1448 1543 1473 πο-

96 1502 236 1551 λεμεΐν
264 1498 408 1545 αὐτοῖς
426 1498 498 1538 καί
513 1497 799 1551 διαφθείρειν,
827 1495 875 1538 οὗ
903 1495 1033 1550 μόνον
1059 1498 1244 1549 τοιαῦτα,
1264 1499 1338 1538 καί
1355 1499 1543 1551 ἐπαχθέ-

44 1579 224 1619 Ἆοστερα
255 1565 302 1605 δὲ
331 1564 470 1620 πολλῷ
496 1558 730 1617 προθύμως
759 1563 984 1615 ὑπομένειν
1015 1560 1173 1615 ἔγνωκα
1196 1575 1208 1585 ·
1252 1557 1390 1612 ἄλλως
1418 1567 1462 1605 θ’
1481 1560 1546 1605 ὅτι
1605 1591 1609 1594 -

99 1630 198 1671 οὐδὲ
236 1629 342 1685 πρὸς
377 1627 453 1684 τὴν
487 1627 681 1676 εὐδοξίαν
723 1628 818 1680 ἐμοὶ
843 1629 964 1669 τοῦτο
999 1628 1090 1668 οὐδ’
1119 1628 1238 1681 ὀλίγα
1280 1631 1668 1684 λυμανεῖται.Ρ.64ο

98 1691 152 1737 ἂν
177 1697 257 1748 μὲν
291 1694 368 1750 γὰρ
412 1693 648 1749 ἡττώμενος
676 1693 957 1748 α’ποθνήσκω,
998 1692 1176 1746 οὐδεμία
1223 1689 1362 1748 ὄνησις
1393 1695 1439 1735 ἐκ
1467 1695 1544 1735 τοῦ

97 1758 320 1815 βασιλικήν
349 1760 508 1816 ἐσθῆτα
537 1757 650 1814 ἔχειν
675 1760 912 1817 περιέσται·
941 1754 995 1800 ἂν
1023 1760 1070 1802 δὲ
1098 1760 1180 1801 τῶν
1206 1756 1544 1816 κατηγορούντων

199 1869 249 1903 18.
275 1866 522 1913 διαβάλλουσι
546 1868 580 1901 Ρ.

100 1970 203 2005 bello
244 1969 428 2004 adiutores
452 1969 671 2012 habuerunt,
696 1971 806 2005 immo
830 1982 915 2006 vero
940 1970 986 2004 ab
1011 1963 1095 2016 ipsa*
1115 1971 1344 2016 imperatrice
1369 1974 1406 2004 et
1429 1969 1544 2015 patri-

101 2017 228 2058 archa,
253 2017 318 2062 qui
342 2029 421 2050 cum
445 2017 612 2062 pluribus
642 2018 732 2052 mihi
758 2023 868 2052 testes
896 2022 1024 2058 erunt,
1048 2019 1138 2063 (non
1163 2019 1259 2051 enim
1284 2027 1414 2062 negare
1438 2022 1546 2062 pote⁴

103 2068 215 2105 runt,
242 2074 336 2109 quae
361 2064 451 2097 mihi
475 2066 667 2109 perspicue
688 2065 1050 2108 commendaverint.)
1073 2065 1235 2098 iustitiae
1262 2068 1546 2097 consentaneum

105 2109 197 2149 erit,
234 2115 275 2143 ut
307 2111 371 2155 qui
408 2112 723 2145 criminationibus
761 2117 798 2145 et
830 2112 976 2145 insidiis
1021 2111 1160 2145 nefarie
1192 2122 1250 2144 me
1278 2110 1546 2154 appetiverunt,

107 2156 250 2190 easdem
274 2166 410 2199 poenas
433 2159 640 2204 suscipiant.
687 2158 945 2192 Verumtamen
972 2169 1036 2203 ego
1061 2157 1362 2203 quemadmodum
1388 2157 1426 2189 in
1453 2156 1548 2196 aliis,
1581 2162 1592 2167 “

106 2203 222 2237 sicin
251 2200 307 2235 his
350 2204 531 2239 desiderio
578 2204 734 2251 quodam
779 2206 916 2249 gloriae
955 2216 1012 2237 me
1050 2203 1198 2251 quidem
1224 2214 1330 2236 causa
1357 2202 1558 2236 cadentem⁴

106 2255 223 2283 morte
256 2249 482 2284 multandum
516 2253 733 2296 pronuntio:
766 2252 823 2284 sin
861 2253 931 2296 ipsi
955 2252 1058 2285 litem
1090 2250 1341 2295 perdiderint,
1364 2249 1459 2282 nihil
1486 2259 1547 2282 eos

106 2296 299 2330 molestum
325 2298 399 2340 pati
423 2299 567 2342 postulo
583 2324 593 2340 ,
619 2299 691 2332 nisi
716 2298 786 2331 hoc
810 2305 945 2339 unum,
971 2303 1013 2331 ut
1038 2297 1282 2342 sycophantae
1307 2301 1344 2330 et
1377 2295 1550 2330 crimina-

108 2347 208 2376 tores
236 2349 515 2386 cognoscantur:
557 2351 594 2379 et
627 2355 683 2378 me
723 2344 952 2385 absolutum,
1007 2345 1263 2389 imperatorem
1315 2343 1548 2388 liliorumque

108 2388 274 2423 defuncti
300 2390 470 2435 collegam
495 2402 515 2424 a
542 2392 709 2426 Romanis
735 2392 854 2436 palam
878 2392 1104 2436 proclamari.
1154 2390 1219 2423 Sin
1243 2395 1363 2422 autem
1391 2389 1449 2422 vel
1469 2400 1551 2422 cum

109 2441 209 2469 veste
244 2437 476 2480 imperatoria
516 2438 562 2471 ad
590 2438 766 2471 iudicium
794 2448 1024 2472 occursurum
1054 2442 1242 2476 metuunt,
1265 2437 1323 2471 vel
1350 2447 1431 2468 cum
1450 2446 1554 2470 exer·

111 2482 188 2516 citu
215 2483 423 2526 Byzantium
449 2485 691 2527 ingressurum
715 2486 967 2530 suspicantur,
994 2495 1058 2527 ego
1083 2484 1168 2517 illos
1191 2482 1261 2515 hoc
1290 2493 1421 2528 angore
1456 2482 1554 2516 libe·

114 2528 215 2562 rabo,
272 2527 363 2561 Nam
397 2531 526 2574 positis
564 2531 765 2573 insignibus
798 2531 1043 2575 imperatoriis
1064 2555 1073 2569 ,
1106 2535 1236 2562 ornatu
1269 2530 1423 2574 privati,
1451 2528 1555 2563 denis

115 2575 305 2608 dumtaxat
336 2576 530 2609 comitibus
566 2578 722 2611 intrabo.
792 2578 1000 2610 Communis
1034 2577 1130 2609 enim
1163 2574 1251 2608 boni
1287 2587 1412 2615 causa,
1446 2581 1483 2610 et
1514 2580 1556 2609 ut

115 2621 315 2660 Romanos,
353 2624 415 2668 qui
447 2622 536 2656 mihi
576 2630 660 2657 sunt
695 2624 898 2663 carissimi,
923 2635 942 2656 a
974 2623 1063 2655 belli
1099 2622 1326 2655 detrimentis
1360 2623 1556 2662 vindicem,

113 2667 350 2714 (quamquam
386 2668 626 2714 sycophantae
652 2671 713 2703 isti
738 2675 776 2703 et
802 2669 863 2702 hic
889 2669 1094 2703 obtrectent
1121 2668 1339 2714 dicantque,
1367 2679 1424 2702 me
1452 2670 1555 2713 ipso-

117 2726 196 2747 rum
230 2713 369 2748 hostem
409 2721 445 2748 et
477 2716 695 2760 perditorem
732 2717 837 2759 esse‚)
864 2727 936 2749 non
962 2715 1046 2748 talia
1073 2714 1202 2755 modo,
1227 2715 1288 2748 sed
1314 2715 1419 2759 longe
1444 2717 1555 2748 etiam

121 2759 301 2794 odiosiora
327 2761 495 2794 alacriter
520 2762 660 2796 decrevi
690 2764 894 2803 sustinere,
931 2762 1139 2806 praesertim
1174 2773 1251 2794 cum
1277 2761 1315 2794 id
1349 2760 1556 2796 celebritati

121 2816 222 2840 meae
250 2817 316 2840 nec
344 2809 530 2841 tantillum
565 2810 771 2843 nociturum
803 2809 860 2842 sit.
916 2808 953 2840 Si
980 2808 1075 2842 enim
1099 2808 1236 2842 iudicio
1262 2809 1375 2842 victus
1401 2806 1556 2846 occidar,

169 2875 442 2911 Camacuzeuus
466 2878 514 2911 ΙΙ.
1252 2878 1294 2910 33
