1800 3138
293 159 403 225 204
814 177 1181 223 CANTACUZENJ

101 285 275 330 A.c.·342
289 277 414 318 δυ’νου
444 278 488 318 ἐκ
506 278 658 331 πολλῆς
680 278 878 332 εὐτυχίας
900 278 950 321 τὰ
974 279 1197 334 πράγματα
1217 279 1314 335 ἡμῖν
1335 281 1492 337 ἀθρόον
1510 285 1710 338 περιέστη.

247 343 311 397 Cr}
346 340 510 394 βασιλὶς
546 341 624 396 γὰρ
667 342 740 383 οῦκ
779 341 855 385 οἶδ’
895 341 994 387 ὅθεν
1031 345 1291 400 ὁρμηθεῖσα,
1334 345 1582 389 διαλύεσθαι
1609 347 1711 403 πρὸς

289 405 633 461 Καντακουζηνὸν
669 408 862 463 διενοήθη
904 410 975 451 ε’πί
1010 412 1065 467 τῷ
1098 413 1272 463 βασιλέα
1305 427 1349 452 τε
1376 409 1503 452 αὐτὸν
1532 412 1712 465 στέργειν

289 472 361 512 καί
385 470 543 525 Ἑλένην
582 468 658 525 τήν
691 474 904 526 θυγατέρα
942 477 1112 526 βασιλεῖ
1139 474 1243 529 πρὸς
1272 474 1405 530 γάμον
1433 473 1628 530 ἇρμόζειν
1654 477 1711 533 τῷ

287 534 377 591 υἱῷ.
435 534 464 576 ἃ
492 536 531 576 εἰ
558 536 730 589 γένοιτο,
758 538 932 590 οὐδεμία
963 554 1026 587 τις
1053 539 1344 581 ὑπολέλειπται
1372 540 1471 594 ἡμῖν
1501 539 1616 588 ἐλπίς
1639 541 1740 582 τοῢ5

286 599 345 653 μὴ
375 601 417 650 ἐξ
446 600 679 656 α’νθρώπων
707 603 1011 656 οἷφανισθέντας
1039 605 1164 661 καινῷ
1202 621 1283 646 τινι
1309 605 1446 662 τρόπῳ
1475 606 1711 661 πανοικεσίᾳ

288 667 534 708 ἀπολέσθαι.
590 663 678 708 ἴστε
704 665 782 722 γὰρ
812 666 932 708 mirol
945 701 958 719 ‚
999 662 1074 709 ὅσα
1111 667 1210 722 ἡμῖν
1243 671 1334 710 κατ’
1360 668 1514 710 ἐκείνου
1543 666 1712 723 κατηγό-

289 748 459 785 ρηνται,
503 730 531 772 ἃ
572 729 707 773 πάντα
746 731 830 786 χρὴ
869 733 1224 785 ἐνθυμουμένους,
1262 733 1399 775 πᾶσαν
1425 732 1714 783 ἐπιδειξασθαι

289 795 485 850 σπουδὴν,
515 793 619 838 ὥστε
645 795 703 850 μὴ
734 797 862 848 μόνον
890 798 1078 850 γίνεσθαι
1106 799 1285 846 σπονδάς
1312 799 1400 854 ε’ᾇν,
1430 794 1536 839 ἀλλὰ
1556 796 1628 838 καί
1639 795 1713 838 τὸν

289 862 492 914 πόλεμον,
525 861 581 910 ὥς
609 858 764 914 οἷόντε,
804 862 1012 904 ἀνάπτειν.
1068 862 1190 904 οὐδὲν
1209 861 1287 917 γάρ
1309 858 1336 916 ἢ
1356 863 1479 903 τοῦτο
1504 862 1767 906 λυσιτελέ-ιο

289 943 434 979 στερον
458 926 571 981 ἡμῖν.
636 924 768 967 ἐδόκει
793 929 870 978 μὲν
890 922 962 968 οὖν
984 927 1183 976 κάκείνοις
1216 924 1428 968 δεινότατα
1451 924 1503 967 τοὶ
1530 925 1714 979 βασιλίδι

248 992 615 1044 Ββεβουλευμένα·
654 993 938 1043 σκεπτομένοις
957 993 1017 1045 δὲ,
1039 986 1068 1049 ᾗ
1080 990 1164 1047 χρὴ
1184 991 1254 1034 τὸν
1272 993 1464 1033 Γκίνδυνον
1481 993 1714 1046 διαφυγεῖν,

290 1055 423 1098 ἐδόκει
435 1057 520 1098 δεῖν
531 1054 632 1111 πρὸς
643 1057 838 1109 βασιλίδα
852 1056 1105 1104 ἀπελθόντας
1117 1056 1188 1099 καί
1200 1053 1226 1112 ἢ
1242 1055 1418 1106 ἀπάταις
1429 1056 1717 1112 χρησαμένους

289 1117 317 1176 ἢ
336 1119 595 1176 φοβησαντας
614 1120 821 1173 ἀπειλαῖς,
848 1120 1007 1162 πείθειν
1025 1120 1157 1174 αὐτὴν
1174 1121 1228 1161 δι’
1248 1117 1382 1175 ὅρκων
1407 1121 1627 1172 ἐμπεδοῦν,
1644 1118 1714 1171 ὥς,

290 1187 330 1228 εἰ
353 1185 410 1241 μὴ
434 1182 636 1240 πρότερον
666 1187 1059 1241 συνεπιψηφίζοιντο
1086 1185 1158 1226 καί
1182 1181 1329 1238 ahoi,
1357 1183 1463 1239 μήτε
1500 1184 1769 1239 agninum&

290 1251 392 1305 μήτε
428 1248 711 1304 βουλεύεσθαί
730 1267 769 1292 τι
798 1251 895 1306 περὶ
922 1253 998 1305 τῆς
1025 1250 1130 1304 πρὸς
1150 1248 1500 1303 Καντακουζηνὸν
1537 1245 1714 1304 εἰρήνης.

166 1314 283 1359 P·459
400 1315 475 1357 λδ’.
533 1314 654 1358 Οὕτω
691 1316 737 1356 δὲ
764 1318 1011 1368 συνθέμενοι
1038 1314 1142 1369 πρὸς
1168 1314 1364 1369 βασιλίδα
1391 1313 1502 1370 ἧκον.
1556 1329 1718 1369 προσα-

155 1382 195 1414 V·
212 1384 278 1427 370
288 1380 555 1437 γορεύσαντες
574 1382 634 1434 δὲ,
652 1381 824 1436 ,,ἧμεῐς”
853 1377 969 1422 εἶπον
995 1380 1188 1435 ,,πάντες,
1219 1383 1291 1422 καί
1309 1381 1492 1435 μάλιστα
1514 1378 1716 1435 πατριάρ-

288 1464 393 1503 χης,
439 1445 482 1489 ἐν
522 1453 606 1496 τοῖς
644 1446 824 1501 πρώτοις
851 1442 966 1502 ’ἦμεν
995 1449 1076 1488 τῶν
1105 1449 1454 1501 Καντακουζηνοῧ
1481 1448 1717 1499 τεταγμένοι

255 1515 448 1569 Βφίλων,
493 1511 565 1554 καὶ
598 1514 758 1553 πολλῶν
795 1513 952 1553 ἐκείνου
991 1512 1065 1553 καὶ
1088 1512 1278 1565 μεγάλων
1310 1511 1608 1565 ἄπηλαύσαμεν
1634 1511 1772 1553 τῶναο

287 1578 543 1632 εὐεργεσιῶν,
595 1579 724 1632 μέχρι
751 1579 827 1630 μὲν
856 1573 930 1618 οὖν
957 1577 1141 1625 κάκεῖνος
1169 1571 1313 1624 εὔνους
1339 1592 1382 1617 τε
1408 1576 1508 1628 ὑμῖν
1534 1580 1617 1623 τοῖς
1636 1571 1714 1627 βα-

289 1645 473 1686 σιλεῦσιν
501 1637 551 1697 ἦν
577 1643 650 1684 καί
675 1641 726 1684 τοὶ
756 1645 892 1683 δίκαια
923 1643 1117 1684 διενοεῖτο
1145 1641 1356 1695 πράττειν,
1387 1641 1478 1681 ov’d'
1505 1639 1623 1693 ἡμῶν
1648 1638 1730 1680 οὖ-’

292 1709 375 1758 δεῖς
413 1708 462 1749 οὐ
463 1725 493 1762 χ
531 1704 594 1749 ὅτι
633 1712 846 1761 πολεμεῖν,
892 1709 982 1749 ἀλλ’
1028 1707 1118 1748 οὐδ’
1162 1707 1513 1762 ἀντιφθέγγεσθαι
1551 1701 1718 1756 ἐτόλμα.

386 1826 426 1872 8.,
436 1823 690 1863 ἐπιδείξεσθαι
714 1823 748 1856 Ρ.

295 1940 402 1979 enim,
429 1940 548 1972 nescio
574 1939 668 1973 unde
696 1939 834 1979 excita,
860 1949 983 1983 pacem
1009 1949 1087 1972 cum
1121 1937 1365 1970 Cantacuzeno
1392 1936 1509 1970 facere
1533 1937 1570 1968 in
1591 1936 1710 1970 auimo

292 1986 421 2026 habet,
455 1988 541 2030 quia
573 1991 609 2019 et
638 1988 753 2030 ipsum
793 1986 1045 2029 imperatorem
1083 1994 1158 2017 esse
1182 1985 1257 2027 pati
1284 1986 1402 2026 potest
1433 1989 1470 2016 et
1494 1983 1580 2028 quia
1603 1982 1717 2015 Hele-

292 2043 386 2072 nam,
412 2034 487 2065 eius
515 2030 638 2074 filiam,
663 2033 870 2076 imperatori
896 2032 970 2064 filio
998 2031 1134 2076 nuptiis
1162 2029 1318 2062 destinat
1340 2029 1564 2073 coniungere.
1614 2028 1718 2072 Quae

293 2079 322 2111 si
358 2079 464 2118 fiant,
496 2078 590 2111 nihil
627 2080 705 2122 spei
738 2083 920 2121 superest,
958 2079 1048 2122 quin
1075 2089 1117 2110 ex
1153 2074 1357 2109 hominibus
1382 2073 1632 2114 exterminati,
1659 2074 1717 2106 in—

296 2124 420 2157 audito
446 2125 600 2169 quodam
624 2125 729 2158 modo
755 2135 834 2157 cum
860 2129 935 2157 tota
959 2126 1070 2167 stirpe
1094 2124 1319 2155 intereamus.
1347 2120 1594 2155 Recordamini
1619 2121 1716 2152 enim

291 2171 488 2210 vobiscum,
518 2181 622 2215 quam
639 2171 833 2204 multorum
861 2171 1049 2203 criminum
1070 2181 1167 2202 reum
1191 2168 1442 2212 peregerimus.
1476 2167 1574 2200 Haec
1597 2167 1715 2198 omnia

294 2217 391 2262 apud
413 2229 472 2251 vos
498 2222 722 2261 reputantes,
755 2216 943 2250 intendere
977 2226 1101 2249 nervos
1127 2219 1291 2260 oportet,
1320 2220 1359 2247 ut
1382 2225 1454 2246 non
1478 2218 1616 2246 tantun:
1639 2213 1717 2246 soe-

295 2263 360 2296 dus
385 2263 618 2307 impediamus
634 2287 644 2305 ,
669 2263 731 2296 sed
763 2269 804 2296 ut
830 2263 947 2302 bello,
976 2267 1147 2307 quantum
1176 2261 1392 2305 poterimus,
1418 2260 1512 2292 faces
1540 2258 1715 2292 subiicia-

296 2321 396 2345 mus:
424 2321 495 2354 quo
520 2310 614 2342 nihil
638 2309 742 2342 nobis
771 2309 907 2341 utilius.
957 2308 1162 2340 Iudicarunt
1186 2307 1293 2350 igitur
1329 2312 1365 2339 et
1396 2307 1525 2344 ceteri,
1561 2305 1716 2347 impera-

299 2356 425 2389 tricem
445 2357 565 2388 moliri
590 2355 799 2388 tristissima.
851 2354 1116 2398 Quaerentibus
1140 2358 1275 2392 autem,
1296 2364 1367 2397 qua
1390 2353 1529 2385 ratione
1554 2349 1716 2394 periculo

297 2413 335 2435 se
368 2403 585 2442 eximerent,
622 2401 759 2445 placuit
792 2401 1053 2445 imperatricem
1080 2399 1302 2437 adeundam,
1335 2403 1372 2430 et
1404 2403 1466 2430 aut
1489 2395 1627 2430 technis
1654 2399 1716 2428 aut

298 2449 475 2481 minarum
498 2453 633 2480 terrore
657 2447 840 2487 adhibito,
871 2458 950 2479 eam
973 2445 1191 2490 perpellere,
1225 2451 1266 2478 ut
1289 2444 1405 2476 iurata
1429 2444 1640 2488 promittat,
1669 2440 1716 2474 de

297 2504 383 2537 pace
422 2505 501 2527 cum
536 2494 780 2526 Cantacuzeno
813 2503 880 2524 nec
913 2495 1069 2523 acturam
1104 2491 1319 2536 quidquam,
1355 2500 1421 2523 nec
1460 2489 1715 2533 cogitatuum,

297 2540 367 2572 nisi
393 2550 516 2574 eorum
541 2550 686 2584 qnoque
710 2540 900 2572 auctoritas
925 2537 1120 2570 accesserit.

390 2586 444 2628 34.
494 2587 541 2618 Re
567 2586 617 2618 sic
641 2585 844 2629 composita,
877 2584 921 2617 ad
943 2583 1203 2627 imperatricem
1231 2581 1453 2626 gradiuntur,
1484 2589 1597 2624 eaque
1628 2589 1715 2610 con-

299 2631 469 2670 salutata,
498 2631 591 2670 Nos,
613 2633 801 2676 inquiunt,
826 2642 946 2663 omnes
974 2635 1010 2662 et
1031 2629 1255 2672 potissimum
1279 2626 1481 2672 patriarcha
1505 2627 1598 2658 inter
1621 2624 1716 2656 Can·

297 2678 461 2710 tacuzeni
485 2678 615 2710 amicos
648 2678 802 2721 primum
833 2678 948 2710 locum
978 2675 1207 2714 tenebamus,
1241 2675 1297 2707 cui
1334 2673 1509 2707 beneficia
1533 2671 1643 2703 multa
1679 2674 1715 2702 et

297 2723 510 2756 excellentia
535 2724 572 2755 in
595 2724 744 2767 acceptis
770 2723 928 2760 ferimus,
975 2721 1154 2766 Quamdiu
1182 2722 1291 2762 igitur
1314 2725 1351 2752 ct
1374 2721 1450 2764 ipse
1473 2717 1574 2751 vobis
1601 2716 1714 2759 impe-

298 2769 473 2804 ratoribus
510 2767 648 2803 studuit
680 2779 891 2814 sensumque
924 2774 1018 2803 recte
1052 2766 1207 2802 faciendi
1237 2766 1386 2806 habuit,
1428 2773 1532 2798 nemo
1556 2767 1714 2796 nostrum
