1806 3152
534 181 911 226 fllsTOluARUM
952 182 1023 223 ιιι.
1052 182 1122 231 98·
1416 159 1531 216 603

99 286 283 327 δικοῦντι
333 283 405 326 καί
445 284 674 341 ἠδικῆσθαι
715 283 915 340 φάσκοντι
954 286 1050 339 περὶ
1075 282 1150 339 τὴν
1177 283 1294 337 δίκην
1321 275 1431 338 ὄρθὰ
1460 281 1533 323 καί
1546 290 1570 323 Α
1587 287 1729 332 01346

98 351 239 405 α’ληθῆ
267 351 522 406 φρονοῦντα,
560 353 755 408 Παλαμᾷ
793 351 839 392 δὲ
868 350 942 392 καί
965 355 1051 400 τοῖς
1077 348 1175 404 περὶ
1200 344 1331 390 αὐτὸν
1357 347 1532 388 κακοδο-

98 416 190 464 ξίαν
215 416 480 470 ἐγκαλοῦντι,
510 419 791 472 προσθέμενος
819 415 892 458 καί
919 415 940 458 ὁ
970 412 1256 471 πατριάρχης,
1300 409 1418 469 (οὐδὲ
1450 410 1529 466 γὰρ

99 477 203 523 οὐδὲ,
232 482 338 522 θεοῦ
379 482 583 535 ἀπέσχετο
622 481 694 524 διὰ
723 480 771 532 τὸ
807 481 911 538 πρὸς
938 478 1289 535 Καντακουζηνὸν,
1311 477 1384 521 τὸν
1409 481 1533 532 βασι-

74 547 173 588 5λὲα
194 544 345 600 ἔχθος,
374 550 509 589 καίτοι
527 563 572 601 γε
604 544 734 597 αὕτός
762 543 821 590 ὢν
849 547 873 590 ὅ
902 546 1115 603 Βαρλαοὶμ
1143 548 1216 602 τῆς
1243 547 1416 599 ποιμνης
1465 539 1533 586 οἷα

98 610 234 667 λύμην
262 612 472 662 ἀπελάσας
499 615 572 656 καί
601 614 768 670 φθορὰν
795 614 867 656 καὶ
903 617 1020 670 δίκην
1048 616 1136 655 κατ’
1169 613 1327 655 ἐκείνου
1361 625 1531 664 πεποιη-

98 678 245 730 μένος,
291 676 351 720 ἔτι
380 680 453 721 καὶ
477 681 682 732 βασιλέως
709 680 980 736 Ἀνδρονίκου
1006 681 1084 722 τοῦ
1119 676 1331 733 μακαρίου
1364 674 1567 731 περιόν-Β

98 757 165 791 τος
213 745 287 785 καί
335 744 548 800 ,Βαρλαιὶμ
589 745 640 787 οὔ
685 746 808 799 μόνον
845 745 1271 802 καταψηφισαμένου,
1310 740 1416 784 α’λλὰ
1460 741 1536 784 καὶ

97 814 326 864 γραφικαῖς
364 811 600 861 ἀποδείξεσι
652 812 724 854 καί
776 811 978 866 ἀνάγκαις
1014 816 1197 865 λογικαῖς
1234 809 1533 863 ἅπελέγξαντος

51 876 376 932 ιοκακοδοξεῖν,)
420 880 636 931 Παλαμᾶν
675 894 719 920 τε
761 877 915 932 ὁμοίως
942 877 1016 920 καί
1041 874 1134 919 ὅσοι
1172 875 1225 918 τὰ
1254 873 1363 918 αὖτὰ
1388 876 1533 932 ἐκείνῳ

99 940 198 996 περὶ
225 944 296 995 τῆς
324 946 501 992 πίστεως
531 942 738 1000 ἐφρόνουν
749 979 762 999 ,
789 946 833 987 ἐν
860 945 1162 999 δεσμωτηρίοις
1191 939 1279 997 εἶχε
1322 943 1396 984 καί
1438 938 1534 983 ἐκά-

98 1022 170 1047 κου
201 1003 280 1049 ὅσα
312 1007 492 1050 δυνατά·
533 1010 606 1051 καί
632 1009 809 1064 πόλεμον
837 1011 962 1053 ἐκίνει
989 1008 1094 1052 κατὰ
1127 1012 1202 1064 τῆς
1229 1009 1448 1063 ἐκκλησίας
1476 1009 1535 1064 τῷ

98 1075 300 1130 βασιλικῷ
337 1073 578 1129 παρόμοιον.
622 1077 737 1131 δίκης
763 1076 842 1132 γὰρ
874 1073 1073 1129 οὐδεμιᾶς
1102 1075 1195 1117 οὔδ’
1212 1075 1416 1128 ἐλέγχων,
1443 1073 1536 1114 οὐδ’

99 1135 350 1189 ἀποδείξεων
376 1138 594 1194 δεόμενος,
621 1144 704 1183 τιόν
731 1158 777 1183 τε
807 1141 1043 1184 ἐπισκόπων
1072 1141 1147 1182 οὐκ
1175 1141 1324 1194 ὀλίγων
1351 1140 1424 1182 καί
1446 1139 1536 1180 τῶν

51 1202 287 1258 ι5λογᾰδων
305 1206 388 1246 τῶν
400 1209 598 1260 μοναχῶν
618 1209 924 1262 κατεψηφίζετο
950 1206 1132 1262 ἐρήμην,
1165 1206 1237 1248 καί
1262 1204 1393 1254 πολὺς
1421 1202 1535 1245 ἔπνει

13 1268 17 1270 ’
98 1268 215 1324 παρὰ
263 1268 398 1318 πάντα
432 1270 505 1314 τὸν
542 1274 616 1315 τοῦ
656 1274 839 1327 πολέμου
876 1273 1027 1330 χρόνον
1054 1271 1157 1315 κατὰ
1185 1274 1258 1327 τῆς
1297 1271 1537 1324 εὐσεβείας,

99 1337 172 1378 καί
198 1336 283 1378 τῶν
314 1338 532 1391 α’ρχόντων
561 1341 606 1381 ἐν
633 1346 720 1390 τοῖς
750 1336 992 1395 πράγμασιν
1024 1336 1101 1382 οὔκ
1140 1338 1257 1393 ὀλίγα
1284 1337 1535 1392 συναιρομέη

100 1417 195 1446 νων.
251 1399 392 1458 ἑώρων
428 1402 510 1460 γὰρ
549 1405 649 1446 οὐδὲ
687 1406 808 1448 τοῦτο
842 1404 887 1448 τὸ
919 1406 1044 1461 μέρος
1085 1404 1206 1459 ὄλίγα
1234 1401 1576 1459 συναιρόμενονῦ
1610 1400 1613 1402 ’

100 1466 207 1522 πρὸς
236 1468 309 1511 τὸν
330 1468 443 1528 πρὸςξ
460 1473 638 1524 βασιλέα
656 1472 848 1525 πόλεμον.
876 1474 981 1514 πᾶσι
1008 1471 1090 1527 γὰρ
1119 1469 1274 1523 ὁμοίως
1300 1469 1541 1512 ἀδικεῖσθαι

49 1534 448 1590 ,οΚαντακουζηνὸς
481 1535 503 1576 ὖ
529 1536 728 1590 βασιλεὺς
755 1538 893 1580 ἐδόκει
910 1571 923 1591 ,
950 1539 1024 1579 καί
1052 1535 1123 1579 διὰ
1155 1538 1343 1590 σπουδῆς
1368 1531 1466 1590 ἦγον
1490 1533 1538 1576 τὰ

102 1599 391 1642 καταλύεσθαι
420 1600 494 1643 τὸν
520 1600 878 1658 ἆναῤῥιπισθέντα
896 1604 1078 1655 πόλεμον
1102 1600 1360 1656 συγγενικὸν,
1390 1597 1447 1649 αἷς
1476 1598 1544 1641 αἴ-

103 1681 193 1708 τιον
221 1664 417 1719 ἐσόμενον
444 1668 607 1708 πολλῶν
632 1669 795 1709 κακῶν·
845 1665 871 1709 ἃ
899 1674 982 1718 τοῖς
1009 1663 1214 1722 ἄρχουσιν
1241 1667 1294 1707 ου’
1319 1669 1549 1707 λυσιτελεῖν

101 1727 197 1773 οὗτε
224 1730 330 1788 πρὸς
357 1734 580 1786 βασιλίδα,
610 1728 706 1774 οὔτε
734 1730 840 1789 πρὸς
868 1729 1021 1782 ἄλλους
1042 1733 1278 1786 Ῥωμαίους
1310 1730 1545 1773 ἀκούεσθαι

102 1797 254 1840 ἐδόκει.
309 1797 462 1853 πολλὴν
490 1801 570 1851 μὲν
601 1794 673 1840 οὖν
700 1798 806 1842 κατὰ
835 1799 909 1842 τὸν
935 1802 1011 1843 τοῦ
1041 1802 1226 1853 πολέμου
1261 1798 1413 1854 χρόνον
1439 1797 1543 1840 κατὰ

198 1887 250 1932 ¹4·
272 1886 499 1928 ἀποδείξεως
522 1889 556 1922 Ρ.

103 1977 180 2006 tum
219 1982 321 2015 esse,
359 1983 438 2005 cum
472 1976 570 2006 recte
614 1984 655 2007 ac
675 1984 758 2007 vere
782 1973 956 2007 sentiret:
990 1972 1167 2007 Palamam
1190 1978 1310 2007 autem
1350 1979 1387 2009 et
1421 1973 1537 2008 socios

104 2018 149 2052 de
172 2030 278 2065 prava
303 2020 479 2063 religione
507 2021 710 2062 accusanti,
735 2021 935 2054 assentiens
958 2019 1175 2064 patriarcha,
1200 2024 1339 2066 (neque
1364 2021 1460 2054 enim
1481 2021 1540 2054 vel

103 2066 183 2098 Deo
211 2067 383 2111 parcebat
416 2071 566 2111 propter
589 2066 738 2108 odium,
768 2077 840 2114 quo
871 2067 911 2100 in
947 2068 1236 2101 Cantacuzenum
1272 2066 1441 2101 ardebat:
1482 2072 1541 2101 ta-

106 2114 212 2146 metsi
249 2114 344 2158 ipse,
389 2113 550 2147 Palamas
596 2114 770 2159 inquam,
797 2113 1019 2147 Barlaamum
1044 2114 1146 2148 velut
1168 2118 1307 2158 pestem
1347 2125 1388 2147 ac
1418 2115 1542 2160 perui«-

104 2159 195 2192 ciem
223 2162 335 2206 gregis
361 2161 556 2204 repulerat,
575 2161 706 2206 illique
730 2161 909 2195 actionem
932 2160 1153 2200 intenderat,
1167 2159 1286 2193 adhuc
1310 2162 1391 2195 vivo
1416 2162 1541 2194 beatae

96 2208 300 2240 memoriae
332 2206 537 2241 Andronico
574 2208 814 2252 imperatore,
849 2217 918 2240 nec
952 2207 1066 2241 solum
1101 2206 1382 2248 condemnarat,
1417 2208 1480 2241 sed
1505 2213 1542 2241 et

103 2253 385 2298 probationibus
410 2263 429 2286 e
456 2264 554 2288 sacra
583 2256 759 2298 scriptura
799 2259 836 2287 et
867 2255 1007 2287 ratione
1033 2254 1213 2287 conclusis
1249 2264 1291 2286 ac
1328 2255 1540 2288 necessariis

104 2299 480 2334 demonstrationibus
506 2302 666 2346 perversi
694 2301 823 2336 erroris
847 2299 1117 2345 redarguerat,)
1150 2310 1232 2333 eum
1271 2306 1309 2334 et
1331 2301 1542 2347 quicunque

106 2346 327 2391 eandem-de
352 2347 423 2380 fide
449 2348 647 2381 tuebantur
674 2348 893 2382 sententiam
929 2347 967 2379 in
1001 2357 1142 2380 carcere
1179 2346 1400 2388 detinebat,
1424 2359 1541 2394 quan·-

103 2397 255 2438 tumque
291 2398 436 2439 poterat
469 2394 665 2441 affligebat:
699 2406 740 2428 ac
764 2394 902 2427 bellurn
930 2394 1165 2438 imperatorio
1190 2394 1310 2427 simile
1334 2398 1457 2428 contra
1481 2405 1542 2428 ec-

107 2441 253 2473 clesiam
278 2439 537 2475 commovebat.
585 2443 660 2476 Nec
684 2443 781 2475 enim
805 2440 981 2475 iudicium
1008 2440 1122 2473 ullum
1156 2450 1224 2474 nec
1251 2445 1542 2485 argumentorum

106 2487 332 2520 firmamenta
364 2488 557 2532 requirens
594 2489 727 2522 multos
763 2489 950 2533 episcopos
985 2491 1022 2519 et
1044 2487 1258 2531 praecipuos
1280 2487 1324 2519 d'e
1358 2488 1542 2522 monachis

106 2532 246 2566 indicta
271 2544 377 2566 causa
404 2533 596 2569 damnabat
617 2561 627 2576 ,
652 2547 693 2568 ac
717 2545 782 2580 per
806 2544 912 2568 omne
937 2534 1028 2567 belli
1058 2539 1198 2578 tempus
1223 2533 1386 2578 spirabat
1418 2539 1543 2568 contra

106 2581 281 2624 pietatem
307 2581 494 2619 ferociter,
523 2582 756 2626 archontibus
790 2581 868 2615 eius
893 2582 1087 2614 amentiam
1114 2591 1188 2614 non
1210 2583 1338 2626 parum
1366 2580 1541 2615 adiuvan-

107 2626 227 2668 tibus,
253 2627 350 2672 quod
391 2633 429 2662 et
458 2629 552 2663 istuc
586 2629 684 2662 bello
718 2627 886 2661 adversus
921 2628 1211 2662 cautaeuzenum
1237 2633 1419 2662 momento
1443 2627 1544 2662 haud

109 2674 283 2707 mediocri
309 2675 469 2707 futurum
495 2681 693 2709 cernerent.
731 2675 910 2708 Omnibus
935 2685 1093 2720 namque
1118 2675 1318 2720 aequaliter
1343 2686 1421 2708 cum
1447 2675 1543 2708 Can-

109 2725 282 2754 tacuzeno
314 2721 442 2765 inique
467 2723 521 2767 agi
559 2722 767 2755 videbatur:
802 2726 839 2754 et
875 2721 1014 2754 bellum
1040 2721 1171 2762 civile,
1202 2727 1243 2755 ut
1266 2722 1460 2755 multarum
1485 2731 1544 2753 ca·
1593 2753 1596 2757 ,

108 2766 310 2803 luminatum
343 2767 489 2810 fontem,
525 2769 697 2818 restingui
731 2768 942 2803 studebant:
969 2767 1006 2801 id
1035 2768 1133 2815 quod
1167 2768 1356 2803 archontes
1382 2779 1454 2802 non
1482 2779 1542 2802 cx-
