1800 3146
296 143 411 211 456
821 162 1187 206 CANTAcqum

101 272 193 308 A.c.
211 262 368 317 ιθῃτὸν
406 260 599 305 ἁπάντων
635 267 847 318 προνοεῖν,
887 266 1062 317 ποιμένα
1089 263 1162 304 καί
1186 263 1390 317 κηδεμόνα
1418 261 1490 304 καί
1515 260 1711 303 διδάσκα-

295 331 367 369 λον
407 327 488 369 find
532 331 638 369 θεοῦ
674 331 1066 383 κεχειροτονημένον.
1122 326 1142 368 ὅ
1177 329 1215 368 δ’
1243 328 1391 369 αὐτίκα
1419 322 1580 379 ὤμνυεν
1613 325 1716 369 ἄνα-

295 390 420 445 στὰς,
458 393 517 442 ὥς
556 393 680 435 ου’δὲν
716 388 840 448 ἦττον
877 394 905 448 ἢ
940 394 1076 448 πατὴρ
1107 391 1256 441 παιδὸς
1283 390 1522 447 προνοήσειε
1549 388 1717 445 γνησίου

168 460 202 493 Ρ.
215 460 367 499 δοδκαί
400 460 481 499 τῶν
521 458 628 514 ὑπὲρ
675 459 779 511 ἐμοῦ
826 459 996 501 δικαίων
1025 455 1157 507 οὕτως
1196 459 1438 508 ἀνθέξεται,
1487 455 1720 510 ὦσπερανεί

294 521 421 571 αὐτὸς
441 525 592 578 παρῆν,
622 523 696 565 καί
712 522 812 573 τούς
838 522 1115 580 συκοφάντας,
1146 521 1307 571 εἴτινες
1326 523 1507 577 ὀφθεῖεν,
1534 517 1743 573 μάλιστα5

290 588 369 641 μὲν
403 589 636 642 α’πελέγξειν
662 590 945 641 ψευδομένους
955 622 967 641 ,
995 591 1070 630 -καί
1105 591 1227 630 παντὶ
1263 590 1403 631 σθένει
1439 589 1513 640 τῆς
1549 586 1595 626 ἐκ
1621 581 1718 627 τού-

291 668 375 693 των
393 652 551 707 βλάβης
571 653 790 710 α’πείρατον
817 653 1092 710 διατηρήσειν.
1149 655 1187 696 εἰ
1207 655 1244 695 δ’
1275 649 1364 708 οὖν,
1399 648 1504 692 ἀλλὰ
1533 645 1655 692 τοῦτό
1673 662 1719 702 γε

291 717 454 766 πάντως
491 719 587 770 ἐμοὶ
627 718 828 774 φυλάξειν
866 718 913 760 τὸ
953 719 1011 773 μη
1058 718 1135 774 πρὸ
1181 721 1294 774 δίκης
1331 716 1718 770 καταψηφισθῆναι.

292 784 446 836 δεῆσαν
490 784 537 824 δὲ
576 783 650 824 καί
690 783 754 833 δίς
793 787 866 826 καί
890 787 982 839 τρῖς
1012 783 1110 839 περὶ
1135 785 1217 825 τῶν
1245 785 1386 825 αὐτῶν
1418 781 1719 833 διαλεχθῆναι,

289 849 536 896 τοσαυτάκις
564 844 705 901 ὤμνυε
731 848 783 890 τὰ
812 848 884 891 ἴσα
913 852 994 903 οὐχ
1021 849 1176 903 ἱερεῦσι
1208 848 1333 901 μόνον
1365 848 1587 901 πρέποντα,
1615 840 1776 885 ἄλλάιο

291 913 366 953 καί
401 911 584 961 ἰδιώταις
627 910 763 968 ὅρκον.
834 914 857 955 ὅ
899 911 974 956 οὖν
1010 913 1254 967 θαυμαστὸς
1287 908 1409 960 οὗτος
1435 908 1627 965 κηδεμών
1653 906 1728 949 καὶ

291 979 371 1018 τοῦ
396 978 559 1018 δικαίου
590 977 740 1033 φύλαξ,
771 977 869 1034 πρὶν
898 980 998 1020 δέκα
1027 978 1182 1033 ἐξήκειν
1211 978 1368 1033 ἡμέρας
1395 975 1500 1030 μετὰ
1525 973 1603 1029 τὴν
1620 972 1726 1026 έμῆν

293 1043 339 1083 ἐκ
357 1043 589 1092 Βυζαντίου
615 1040 893 1099 ἀναχώρησιν,
924 1046 982 1102 τῷ
1008 1045 1365 1100 παρακοιμωμένῳ
1393 1041 1577 1088 πεισθεὶς
1604 1052 1727 1080 συκα-

257 1105 575 1162 Βφαντὴσαντι,
624 1104 687 1150 ὅτι
728 1108 935 1162 βούλομαι
974 1108 1166 1163 κατάγειν
1204 1108 1327 1150 αὐτὸν
1354 1109 1431 1150 τοῦ
1457 1104 1614 1160 θρόνου
1656 1100 1731 1144 καί

293 1169 549 1225 ἀντεισάγειν
577 1176 806 1226 Παλαμᾶν,
849 1173 973 1216 ἐκίνει
1008 1173 1080 1216 τὸν
1116 1174 1320 1230 ἐμφύλιον
1358 1171 1536 1224 πόλεμον
1577 1164 1781 1219 αὖτὸς,15

295 1237 536 1292 σαφέστατα
576 1237 720 1290 εἰδώς,
750 1238 807 1286 ὥς
848 1245 1112 1294 συκοφαντεῖ.
1169 1236 1426 1292 ἀμυνόμενος
1462 1237 1508 1277 δὲ
1544 1235 1618 1287 ἐμὲ
1655 1234 1729 1286 τῆς

295 1304 356 1349 εἰς
385 1299 524 1354 αὐτὸν,
555 1299 611 1350 ὥς
640 1297 752 1359 ᾤετο,
783 1302 1094 1357 ἀγνωμοσύνης,
1126 1304 1197 1345 καί
1221 1305 1419 1356 βασιλίδα
1452 1298 1631 1355 ἐξηπάτα
1658 1296 1730 1339 ὑπ’

294 1365 461 1414 ου’δενός
501 1364 645 1421 ἐτέρου
676 1369 909 1422 δυναμένην
941 1370 1062 1408 τοῦτο
1090 1368 1292 1420 πάσχειν,
1335 1366 1407 1408 καὶ
1443 1366 1515 1408 τὸν
1550 1364 1732 1416 πόλεμον

295 1430 448 1484 ἐκίνει,
491 1433 600 1486 φεῦ,
645 1429 665 1472 ὃ
707 1431 784 1485 τὴν
822 1433 988 1486 εἰρήνην
1015 1436 1101 1480 τοῖς
1141 1427 1280 1480 ἄλλοις
1320 1432 1516 1485 παρέχων
1553 1428 1626 1470 καί
1659 1431 1732 1471 τοῦ

298 1497 507 1550 εἰρηνικοῦ
532 1495 606 1537 καὶ
631 1496 764 1552 πρᾴου
803 1496 1025 1552 μαθητὴς,
1075 1495 1177 1551 μήτε
1210 1493 1358 1551 ὅρκους
1385 1496 1623 1546 αἰδεσθείς,
1660 1490 1787 1541 οθςασ

294 1563 402 1613 χθὲς
439 1562 512 1602 καί
548 1559 693 1615 πρώην
719 1560 954 1613 ὄμωμόκει,
982 1561 1087 1616 μήτε
1121 1563 1193 1615 τῆς
1226 1560 1446 1614 Ῥωμαίων
1490 1560 1733 1614 συμφορᾶς,

296 1621 349 1680 ἧς
387 1625 555 1678 ἔμελλον
599 1625 668 1666 διά
711 1624 780 1667 τὸν
818 1625 997 1678 πόλεμον
1045 1627 1344 1680 πειράσεσθαι,
1384 1627 1443 1673 εἰς
1479 1622 1640 1666 ἔννοιαν
1668 1625 1735 1665 έλ-

295 1690 411 1744 θιὸν,
453 1691 559 1733 οἶλλὰ
599 1691 704 1747 πρὸς
732 1693 775 1732 ἓν
810 1689 936 1744 μόνον
961 1694 1147 1744 βλέπων,
1176 1688 1287 1739 ὅπως
1315 1692 1389 1743 ἐμὲ
1416 1690 1538 1745 ἀνέλῃ
1565 1688 1639 1730 τὸν
1666 1689 1736 1729 οὕ-

263 1758 375 1799 (Ξδὲν
411 1753 650 1811 ἦδικηκότα.
726 1759 798 1799 καί
826 1757 924 1798 οὐδὲ
955 1758 1082 1812 μέχρι
1115 1759 1191 1799 νῦν
1218 1753 1340 1813 κόρον
1367 1753 1514 1812 ἔσχηκε
1540 1757 1621 1799 τῶν
1648 1757 1738 1798 ἐπι-ι
1792 1773 1794 1775 >

366 1840 425 1863 v20.
455 1827 584 1875 ὅρκων
611 1830 649 1863 Ρ.

292 1911 391 1947 ctus,
426 1908 619 1952 providere
653 1913 762 1954 atque
793 1909 982 1943 consulere
1020 1909 1177 1943 deberet.
1247 1909 1314 1943 Ille
1351 1920 1371 1942 e
1407 1908 1537 1942 throno
1569 1917 1732 1953 surgens»

292 1965 377 1987 mox
402 1955 558 1987 vicissim
584 1955 750 1995 iurabat,
776 1966 850 1990 non
879 1956 1125 2001 minus‚quam
1151 1961 1338 2000 parentem
1366 1965 1430 1999 pro
1448 1965 1615 1999 germano
1641 1954 1732 1987 filio>

294 2000 493 2033 sollicitum
528 2001 606 2034 fore
643 2007 680 2034 et
715 2003 770 2034 ius
795 2013 912 2035 meum
939 2005 991 2035 ita
1019 2002 1274 2042 defensurum,
1308 2007 1371 2041 ut,
1397 2002 1426 2033 si
1451 2002 1530 2047 ipse
1561 2000 1735 2039 adessem,

293 2046 425 2079 melius
451 2058 524 2081 non
548 2057 710 2091 possem:
737 2047 1065 2094 sycoplmntasque,
1081 2051 1109 2081 si
1134 2049 1195 2093 qui
1223 2047 1414 2092 prodirent
1435 2073 1443 2088 ‚
1477 2052 1518 2079 ut
1545 2046 1735 2080 mendaces

294 2093 566 2126 manifestarius
603 2093 743 2138 egregie
770 2094 1048 2128 confutaturum.
1101 2093 1138 2126 si
1162 2095 1199 2127 id
1226 2105 1298 2126 non
1321 2095 1463 2137 possit,
1494 2093 1564 2128 hoc
1586 2093 1735 2138 quidem

293 2139 404 2184 plane
438 2140 695 2180 obtenturum,
727 2150 774 2172 ne
799 2140 935 2173 indicta
961 2151 1065 2172 causa
1091 2140 1357 2174 condemnarer.
1410 2139 1572 2185 Cumque
1595 2140 1640 2173 de
1669 2139 1734 2172 iis-

296 2185 379 2217 dem
410 2186 520 2218 etiam
546 2186 741 2219 secundum
768 2190 804 2218 et
826 2187 974 2219 tertium
1000 2187 1095 2220 inter
1117 2197 1181 2219 nos
1207 2187 1409 2219 necessario
1434 2186 1738 2233 colloqueremur,

296 2230 406 2264 t'oties
440 2231 556 2269 idem,
593 2241 668 2263 non
695 2231 812 2264 solum
838 2236 879 2264 ut
904 2232 1089 2271 sacerdos,
1113 2232 1174 2265 sed
1202 2236 1242 2263 ut
1269 2232 1443 2277 profanus
1468 2243 1614 2277 quoque
1638 2231 1738 2264 iura-

299 2276 376 2313 bat.
431 2278 500 2310 Hic
542 2277 651 2320 igitur
679 2277 930 2321 suspiciendus
968 2279 1128 2311 iustitiae
1159 2283 1333 2321 patronus
1370 2283 1406 2311 et
1442 2284 1582 2318 custos,
1617 2278 1739 2323 prius-

301 2334 410 2367 quam
437 2323 513 2356 dies
538 2322 660 2356 decem
687 2328 770 2368 post
791 2334 910 2356 meum
935 2325 1105 2367 Byzantio
1132 2323 1326 2357 discessum
1364 2324 1567 2365 effluerent,
1591 2334 1610 2355 a
1635 2333 1740 2366 prae-

302 2369 398 2402 fecto
431 2369 587 2402 cubiculi
623 2380 836 2413 persuasus,
870 2381 927 2402 me
960 2371 1078 2414 ipsum
1114 2369 1158 2401 de
1192 2370 1325 2403 throno
1358 2369 1558 2403 deturbare
1584 2369 1678 2402 velle
1703 2373 1741 2402 et

301 2415 482 2448 Palamam
514 2415 835 2449 subintroducere:
875 2426 1089 2460 quamquam
1131 2416 1334 2449 luculenter
1369 2417 1477 2449 sciret
1506 2426 1581 2449 esse
1604 2425 1740 2448 meram

303 2462 539 2500 calumniam,
578 2461 677 2495 bello
709 2461 794 2494 huic
831 2462 1051 2506 principium
1087 2463 1221 2495 attulit.
1274 2463 1320 2495 Ut
1346 2467 1465 2495 autem
1490 2472 1602 2494 meam
1627 2462 1665 2493 in
1689 2471 1740 2499 se,

302 2518 409 2551 quam
457 2506 634 2551 putabat,
679 2507 909 2552 iniquitatem
956 2509 1133 2551 puniret,
1192 2509 1459 2552 imperatricem
1496 2518 1640 2553 quoque
1673 2505 1740 2548 (id

303 2553 402 2597 quod
434 2553 525 2586 alius
559 2564 664 2586 nemo
688 2554 883 2599 potuisset)
915 2553 1078 2598 decepit,
1103 2559 1139 2587 et
1163 2564 1260 2586 arma
1287 2555 1493 2594 suscitavit,
1530 2563 1594 2596 pro
1623 2552 1738 2592 dolor,

302 2599 359 2637 is,
384 2599 445 2642 qui
473 2600 553 2631 aliis
579 2610 701 2642 pacem
729 2606 847 2640 curat,
875 2601 1016 2644 pacifici
1041 2604 1077 2632 et
1102 2601 1277 2633 mansueti
1315 2601 1474 2643 magistri
1515 2598 1737 2642 discipulus,

303 2654 423 2689 neque
456 2645 705 2678 iusiurandum
744 2647 852 2679 toties
886 2646 1091 2689 nuperrime
1121 2647 1277 2679 iuratum
1304 2647 1497 2686 reveritus,
1523 2655 1641 2690 neque
1669 2646 1739 2677 Ro-

307 2700 491 2724 manorum
529 2692 797 2731 calamitatem,
832 2703 938 2738 quam
975 2693 1071 2725 bello
1112 2694 1316 2736 perpessuri
1350 2696 1469 2726 essent
1494 2701 1613 2724 secum
1640 2690 1739 2734 cogi-

305 2741 405 2778 tans,
439 2736 502 2771 sed
538 2747 651 2770 unum
690 2737 758 2772 hoc
792 2737 974 2774 dumtaxat
1006 2737 1076 2773 sibi
1102 2749 1331 2784 proponens,
1359 2743 1398 2772 ut
1422 2747 1480 2771 me
1503 2736 1691 2771 innoxium
1719 2746 1740 2768 o
