1794 3146
562 163 939 207 ms‘romAnum
982 166 1054 206 111.
1083 166 1152 211 811.
1451 145 1558 219 517

124 282 226 322 ρειν.
292 267 331 309 εἰ
356 266 408 320 δὴ
446 260 575 315 αὖτὸς
607 266 682 322 τήν
709 266 936 321 ἀπολογίαν
963 267 1197 323 περιμένων
1224 267 1411 308 ἐνταῦθα
1438 269 1655 310 καθε-Α-(Ξ.
1672 260 1757 321 ¹34⁵

124 334 283 386 δεῖται,
339 331 595 374 κινδυνεύσει
637 330 744 385 μετὰ
785 330 861 388 τήν
901 331 1069 387 εἰρήνην
1098 329 1402 374 ὖπολείπεσθαι
1428 333 1564 385 ου’δὲν,

123 396 222 452 περὶ
248 393 301 439 οὗ
328 393 381 438 ἂν
414 396 545 448 δόξειε
570 399 767 452 γενέσθαι
795 398 820 453 ἦ
851 396 1007 453 εἰρήνη.
1054 395 1258 452 βασιλεῦς
1286 399 1333 439 δὲ
1363 394 1488 439 τοῦτό
1518 412 1563 439 τε

121 466 195 506 καί
220 462 264 505 εἴ
278 480 319 505 τι
344 464 488 516 μεῖζον
508 466 650 519 ἕτερον
670 463 804 505 αὐτοῦ
833 465 1048 513 αἰτοῦντος
1075 463 1295 519 πρόθυμος
1323 458 1428 504 εἶναι
1457 461 1561 519 ἔφα-
1572 467 1606 501 P.
1620 466 1690 512 642

97 539 195 578 5σκε
228 535 373 582 ποιεῖν,
410 531 483 571 καί
517 530 800 583 ἐπηγγέλλετο,
829 527 886 579 ὥς
914 530 956 578 ἐς
983 533 1127 584 τρίτην
1154 531 1199 580 ἐξ
1228 531 1398 584 ἐκείνης,
1427 528 1564 584 πάσης

119 597 340 650 γενομένης
366 596 410 637 ἐν
446 595 584 651 ταύτῷ
611 596 686 649 τῆς
714 597 935 651 στρατιᾶς,
968 596 1253 651 (διεσκέδαστο
1280 592 1360 649 γάρ
1389 595 1461 636 ὲπί
1487 593 1565 649 τήν

118 661 275 717 λείαν,>
317 659 561 716 ἀναστήσων
587 659 633 703 τὸ
662 659 955 715 στρατόπεδον.
1010 657 1120 702 οὕτω
1161 662 1239 714 μὲν
1275 656 1351 702 οὖν
1383 656 1563 715 Ἀρῆγος

116 729 290 780 βασιλεῖ
321 726 658 780 συνταξάμενος,
710 725 821 780 ἔχων
849 728 921 768 καί
957 724 1011 768 τὰ
1051 721 1294 782 γράμματα,
1335 721 1560 780 ἀπεχώρει.

117 791 192 834 καί
238 790 460 846 γενόμενος
501 794 546 834 ἐν
599 795 856 846 βασιλειόις,
895 792 946 834 τά
986 808 1031 833 τε
1068 789 1294 847 γράμματα
1338 793 1561 846 παρείχετο

69 856 356 914 ιοπατριάρχῃ
396 859 470 899 καί
505 858 671 915 μεγάλῳ
711 859 851 910 domei,
891 856 964 899 καὶ
998 858 1096 911 περὶ
1138 854 1305 911 εἰρήνης
1343 857 1561 910 διειλέχθη

116 922 220 979 πρὸς
251 921 419 976 αὐτούς,
454 921 586 964 πολλα
616 921 829 978 ἀδικήσειν
858 924 1031 979 φάσκων
1059 924 1132 964 καί
1157 923 1335 975 βασιλέα
1363 920 1437 963 καί
1456 922 1561 962 ‘Pm-

115 992 292 1043 μαίους,
327 990 367 1030 εἰ
394 987 454 1044 μή
483 991 555 1031 έπί
578 990 654 1046 μιᾷ
686 1004 767 1030 τινι
798 986 1023 1044 προκλήσει
1052 991 1264 1029 πεισθεῖεν
1294 985 1561 1029 διαλύεσθαι.

113 1057 268 1098 ἐκεῖνον
292 1057 371 1108 μὲν
400 1049 474 1097 οὖν
501 1054 672 1111 εὐφυῶς
705 1051 1060 1108 ἀπεσκευάσαντο,
1081 1052 1263 1109 φάμενοι
1285 1051 1408 1110 ὀλίγῳ
1437 1049 1562 1094 ὕστε-

114 1137 188 1176 ρον
205 1121 525 1176 ἀποκρινεῖσθαι
553 1122 650 1174 περὶ
677 1113 735 1161 ὧν
764 1122 1007 1174 ἐπρέσβευε.
1039 1119 1139 1171 δούξ
1162 1120 1208 1160 δὲ
1242 1118 1264 1160 ὅ
1291 1120 1439 1172 μέγας,
1470 1119 1565 1162 ἐπεὶ

63 1183 291 1235 ιόπύθοιτο
327 1187 504 1240 βασιλέα
541 1185 657 1239 παρὰ
686 1184 869 1239 ’Λρήγου
898 1186 957 1234 εἷς
984 1186 1126 1240 τρίτην
1152 1182 1314 1239 ἡμέραν
1342 1181 1592 1234 α’πάξονταΒ

109 1251 183 1308 τὴν
211 1250 427 1306 στρατιὰν,
450 1254 553 1292 πᾶσι
570 1252 822 1302 Βυζαντίοις
849 1249 1032 1303 πόλεμον
1051 1250 1293 1306 κατήγγελλε
1321 1247 1423 1304 πρὸς
1440 1252 1560 1290 Καν-

110 1315 380 1372 τακουζηνόν.
407 1316 480 1358 καί
499 1313 625 1366 αὖτὸς
641 1314 973 1371 παρεσκευάζετο
994 1317 1121 1371 δῆθεν
1148 1317 1222 1358 καί
1244 1317 1436 1369 κατέλεγε
1462 1312 1560 1363 τούς

110 1383 371 1438 στρατιώτας
387 1415 398 1434 ,
438 1385 542 1424 πᾶσι
581 1383 627 1423 δὲ
654 1384 788 1430 θείοις
813 1380 941 1431 οἴκοις
966 1381 1041 1423 καί
1065 1381 1401 1437 φροντιστηριόις
1431 1378 1560 1434 ἱεροῖς

110 1447 183 1490 καί
207 1450 332 1490 παντί
370 1450 479 1502 γένει
522 1449 595 1488 καί
637 1446 842 1499 ἀξιώματι
871 1447 1018 1502 ἱερέων
1045 1446 1298 1502 παρήγγελλε
1327 1444 1468 1498 λιτὰς,
1501 1445 1558 1494 ὥς

56 1513 156 1560 20τὸ
196 1517 314 1555 θεῖον
353 1513 653 1566 ἱλεωσομένους
692 1517 778 1560 τοῖς
817 1515 875 1569 τῷ
913 1510 1124 1568 α’ποστάτῃ
1155 1512 1458 1565 συμβαλοῦσιν.
1513 1511 1558 1551 ἐ-

109 1579 247 1634 κείνην
283 1581 361 1631 μὲν
397 1574 476 1620 οὖν
504 1577 579 1633 τήν
606 1577 768 1632 ἡμέραν
803 1576 877 1618 καί
901 1575 976 1631 τήν
1001 1578 1206 1618 ἐπιοῦσαν
1237 1578 1375 1617 πᾶσαν
1415 1592 1556 1628 παρα-

107 1643 408 1697 σκευαζόμενος
436 1642 646 1698 διήγαγεν.
704 1645 747 1691 ὲς
775 1641 852 1698 τήν
878 1645 1021 1697 τρίτην
1049 1643 1096 1683 δὲ
1123 1643 1168 1684 ἐν
1194 1639 1368 1696 ἀρίστου
1385 1642 1436 1697 τῇ
1450 1637 1553 1698 ὥρᾳ,

107 1710 202 1753 ἐπεὶ
229 1708 402 1752 πύθοιτο
422 1707 537 1764 παρὰ
560 1711 644 1751 τῶν
670 1709 836 1750 σκοπῶν
860 1709 1040 1761 βασιλέα
1071 1704 1287 1763 ἄπηρκότα
1305 1739 1318 1759 ,
1349 1703 1555 1763 (ἐπλήρου

105 1777 186 1833 γὰρ
217 1777 372 1826 ἐκεῖνος
412 1774 464 1818 τὰ
494 1773 765 1831 ὑπεσχημένα
782 1777 815 1831 ,)
862 1773 935 1823 τὰς
979 1772 1115 1824 πύλας
1159 1771 1327 1823 α’νοίξας
1372 1773 1554 1826 ἐξεχεῖτο

104 1929 259 1962 militem
293 1939 367 1961 non
409 1937 515 1971 posse
551 1925 758 1972 quiescere,
793 1922 857 1957 sed
888 1923 1007 1957 omnia
1031 1923 1171 1955 interea
1195 1919 1464 1954 incursionibus
1489 1931 1549 1954 va-

107 1981 296 2009 staturum.
352 1973 493 2018 Quodsi
529 1973 607 2017 ipse
650 1971 921 2016 responsionem
956 1969 1149 2014 opperiens
1176 1968 1253 2001 illic
1277 1966 1421 2006 sedeat,
1447 1967 1549 2010 peri-

82 2023 228 2058 .culum
256 2021 354 2061 sore,
379 2031 426 2052 ne
450 2029 539 2065 pace
567 2018 754 2058 confecta,
788 2015 883 2050 nihil
921 2027 1041 2050 eorum
1072 2019 1206 2055 restet,
1249 2025 1403 2059 quorum
1435 2014 1549 2057 gratia

104 2079 229 2114 pacem
255 2067 332 2101 ficri
360 2067 618 2111 concupiverit.
667 2067 865 2109 Imperator
890 2068 926 2096 et
949 2062 1030 2102 hoc,
1060 2066 1096 2094 et
1120 2062 1148 2094 si
1176 2059 1267 2107 quid
1292 2059 1401 2093 etiam
1430 2060 1548 2092 maius

106 2119 275 2160 peteret,
306 2118 473 2158 prompte
509 2113 689 2146 facturum
727 2110 886 2154 recepit,
922 2115 960 2143 et
990 2109 1099 2141 tertio
1135 2113 1218 2153 post
1243 2106 1302 2139 die
1329 2106 1482 2138 collecto
1508 2106 1548 2139 in

105 2173 218 2194 unum
242 2161 371 2201 milite,
395 2164 494 2198 (erat
516 2159 612 2192 enim
639 2158 686 2191 ad
713 2157 864 2201 praedas
885 2154 1040 2201 agendas
1073 2152 1285 2199 dispersus‚)
1316 2157 1430 2185 castra
1466 2163 1547 2184 mo-

105 2212 237 2242 turum.
301 2207 360 2240 Sic
395 2207 528 2251 Aregus
566 2206 599 2238 ei
635 2204 843 2237 valedicens
888 2213 968 2234 cum
1005 2202 1138 2235 litteris
1179 2199 1368 2239 discessit,
1395 2198 1547 2243 quasin

102 2255 241 2300 palatio
274 2252 499 2299 patriarchae
542 2262 744 2297 magnoque
779 2250 863 2283 ‹luci
896 2248 1082 2282 reddidit:
1117 2258 1158 2279 ac
1184 2246 1229 2280 de
1255 2255 1342 2290 pace
1369 2255 1429 2278 eos
1456 2244 1548 2278 allo-

103 2307 207 2335 cutus
250 2299 410 2340 monuit,
462 2298 670 2344 imperatori
703 2302 740 2330 et
772 2296 938 2330 Romanis
971 2294 1220 2339 iniquissimos
1252 2292 1354 2331 fore,
1377 2291 1449 2324 nisi
1474 2301 1545 2324 una

103 2349 227 2394 aliqua
254 2346 466 2381 conditione
497 2345 543 2378 ad
567 2344 866 2389 compositionem
892 2346 1133 2375 moverentur.
1181 2339 1316 2372 Verum
1342 2338 1399 2371 illi
1425 2336 1545 2371 homi-

100 2406 183 2428 nem
209 2394 334 2427 dextre
359 2392 592 2433 submovent,
616 2391 726 2436 paulo
752 2394 836 2435 post
869 2389 915 2422 ad
939 2389 1157 2433 legationem
1191 2387 1269 2420 eius
1306 2394 1541 2430 responsuros

101 2445 338 2475 autumantes.
395 2439 545 2483 Magnus
580 2437 653 2471 ‹lux
679 2437 890 2482 intelligens
922 2446 966 2469 ex
1000 2435 1137 2478 Arego,
1169 2433 1422 2476 imperatorem
1459 2429 1541 2463 luce

100 2488 211 2522 tertia
245 2485 487 2520 abducturum
523 2485 668 2530 copias,
703 2482 910 2527 Byzantinis
939 2482 1145 2527 promiscue
1174 2479 1312 2512 bellum
1340 2479 1380 2511 in
1403 2477 1541 2512 Canta-

101 2545 274 2569 cuzenum
315 2533 532 2572 denuntiat,
564 2533 716 2576 ipseque
756 2541 794 2564 se
830 2533 1014 2574 comparat
1038 2527 1296 2566 ethexercitum
1330 2523 1540 2559 conscribit.

102 2580 282 2615 Omnibus
318 2585 439 2613 autem
476 2578 584 2612 sacris
610 2577 777 2611 domibus
815 2581 852 2610 et
876 2575 1106 2608 monasteriis
1146 2573 1320 2617 omnique
1356 2572 1479 2616 generi
1505 2575 1543 2603 et

101 2627 227 2673 gradui
256 2626 481 2659 sacerdotum
505 2635 628 2670 preces
665 2624 710 2658 ad
737 2623 899 2657 divinum
926 2632 1062 2654 numen
1092 2630 1170 2652 cum
1195 2617 1333 2663 perfido
1359 2618 1543 2651 desertore

102 2673 327 2708 conflicturis
361 2672 578 2716 placandum
614 2671 756 2704 indicit.
807 2669 852 2702 Et
876 2668 939 2700 ille
965 2666 1110 2713 quidem
1136 2665 1231 2698 diem
1256 2665 1360 2698 illum
1386 2670 1424 2698 et
1447 2663 1545 2697 inse-

101 2725 271 2767 quentem
298 2725 412 2753 totum
441 2729 478 2751 se
503 2717 744 2762 comparando
771 2714 1002 2759 consumpsit.
1028 2714 1154 2746 'l'crtio
1185 2713 1244 2745 die
1273 2712 1363 2745 hora
1386 2710 1545 2756 prandii,

101 2773 143 2801 ut
174 2778 195 2800 a
228 2764 518 2814 speculatoribus
549 2764 803 2810 imperatorem
828 2760 1143 2807 ‹lesperabundum
1170 2758 1355 2794 discedere
1388 2756 1542 2796 audivit,
