1800 3138
510 201 883 244 msromARUM
920 205 993 244 111.
1022 207 1089 249 30.
1410 203 1440 239 -1
1454 189 1525 245 85

87 300 349 357 πραττόντων
387 300 595 356 διηρπάγη
631 302 837 354 βασιλέως
877 317 922 343 τε
959 305 1032 345 καὶ
1064 306 1137 358 τῆς
1172 306 1370 362 μητρὸς,.
1393 309 1617 364 sempe-Am.
1636 317 1716 362 ¹34¹

89 383 218 409 στατα
247 367 375 408 εἰπεῖν
411 366 488 406 ου’κ
522 364 658 419 ἔστιν,
703 365 803 407 οὐδὲ
828 369 912 408 ταῖν
954 366 1136 420 ἑχόντων
1183 371 1319 413 αὐτῶν
1359 372 1574 415 εἶδότωνο

90 431 173 473 ὑπὸ
200 433 384 486 πλήθους
413 432 606 486 α’κριβαῑς.
646 428 919 485 βοσκημάτων
946 433 992 473 δὲ
1018 436 1129 485 βοῶν
1152 437 1231 487 μὲν
1257 438 1404 490 α’γὲλαι
1430 443 1531 480 πολ-

91 497 182 550 λαὶ,
211 499 255 545 ἐς
279 498 615 550 πεντακισχιλίας
633 493 810 549 ἔχουσαι
843 495 1039 549 νομάδας·
1070 497 1191 555 ζεύγη
1214 503 1282 554 δὲ,
1315 499 1375 552 οἶς
1404 505 1531 560 ἐχρῆ-

70 557 140 603 5το
165 561 271 616 πρὸς
294 559 371 610 τὰς
392 562 621 615 γεωργίας,
649 563 783 615 χίλια·
839 561 958 603 ἵπποι
985 561 1153 617 θήλειαι
1180 567 1404 620 νεμόμεναι
1430 585 1529 612 πεν-

90 624 280 668 τακόσιαι
310 625 415 681 πρὸς
442 628 687 681 δισχιλίαις,
730 627 907 682 κάμηλοι
935 627 1173 683 διακόσιαι,
1219 631 1384 686 ἡμίονοι
1407 651 1527 689 τρια-

90 689 254 744 κόσιαι,
297 685 384 732 ὄνοι
421 693 466 733 δὲ
493 691 767 734 πεντακόσιοι·
795 690 984 745 συβώσιά
1010 708 1054 735 τε
1080 695 1123 742 ἐς
1159 697 1280 738 πέντε
1314 698 1529 753 μυριάδας

90 754 238 810 ἔχοντα
265 758 402 809 συῶν,
431 758 504 798 καί
528 755 746 813 προβάτων
775 756 980 813 μυριάδες
1009 756 1129 801 ἑπτά·
1158 764 1328 817 καρπῶν
1357 764 1403 804 δὲ
1430 760 1528 806 ἄπι-

91 819 187 863 στόν
222 838 264 863 τι
297 825 440 878 χρῆμα
478 822 550 864 καί
583 824 894 877 &wael-mmor
921 826 1086 881 κομιδῇ.
1144 821 1200 868 ὧν
1245 825 1440 870 ἁπάντων
1483 830 1529 871 ἓν

44 884 225 944 Ξοχρόνῳ
251 887 546 942 ἀποστερηθείς
562 891 735 943 βραχεῖ’,
774 888 897 930 οὐδὲν
925 885 1088 943 ἀγεννὲς
1123 887 1151 944 ἢ
1183 892 1447 947 μικρόψυχον
1485 897 1528 936 ἒ-

92 954 312 1007 φθέγξατο·
341 954 469 994 ἐκεῖνο
500 955 545 994 δὲ
572 954 667 1007 ἤνία
692 950 834 1007 μόνον,
865 950 928 995 ὅτι
955 955 1014 1003 εἷς
1042 951 1164 997 οῦδὲν
1188 955 1397 1011 χρήσιμον
1426 956 1527 1001 cimi-

91 1021 199 1058 λωτο
232 1018 291 1075 τῷ
326 1021 462 1075 κοινῷ.
518 1018 646 1068 αὐτὸς
678 1018 758 1074 γὰρ
802 1022 1039 1075 ἰσχυρίζετο
1069 1017 1180 1062 οὕτω
1208 1024 1526 1079 ὃιανενοῆσθαι,

91 1080 150 1130 ὥς
175 1080 309 1126 πάντα
336 1081 562 1125 (immam
590 1086 665 1139 τῆς
686 1084 912 1138 εΡω,ιιαι’ων
940 1086 1143 1141 ὠφελείας
1177 1089 1310 1130 ἕνεκα.
1363 1091 1408 1131 ἐν
1434 1093 1563 1132 Βυ-Ι)

91 1145 242 1204 ζαντίῳ
278 1149 325 1190 δὲ
351 1150 426 1190 τοῦ
454 1148 761 1204 στρατεύματος
797 1149 818 1192 ὅ
844 1151 922 1191 τοῦ
959 1153 1164 1203 βασιλέως
1199 1153 1398 1209 κηδεστής
1425 1156 1527 1197 ’Λν-

41 1209 277 1266 ι5δρόνικος
306 1212 327 1254 ὃ
351 1211 540 1269 Ἀσάνης
567 1214 793 1270 στρατηγὸς
826 1212 1094 1270 ἀποδειχθείς
1119 1220 1192 1259 καί
1225 1217 1296 1260 τὸν
1322 1217 1424 1276 πρὸς
1451 1218 1526 1262 τόν

90 1276 279 1332 γαμβρὸν
315 1275 490 1331 πόλεμον
532 1276 836 1333 ἀναδεξάμενος
854 1313 865 1334 ,
921 1278 1029 1336 ἄρας
1065 1283 1247 1333 ἐκεῖθεν,
1301 1284 1378 1333 τὰς
1418 1285 1523 1326 κατὰ

93 1339 261 1399 Θρᾴκην
301 1345 462 1401 περιῄει
504 1344 670 1399 πόλεις,
731 1344 898 1388 πάντων
935 1347 1166 1401 προθύμως
1207 1348 1526 1403 ὑποδεχομένων

89 1407 164 1450 καὶ
199 1413 506 1464 συναιρομένων
544 1410 650 1467 πρὸς
685 1409 755 1453 τὸν
787 1409 966 1464 πόλεμον
1002 1411 1052 1454 τά
1102 1411 1274 1455 δυνατά.
1328 1415 1527 1467 βασιλεὺς

91 1473 140 1513 δὲ
167 1471 190 1514 ὅ
210 1476 559 1530 Καντακουζηνὸς
594 1479 746 1531 πολλῆς
772 1479 851 1530 μὲν
887 1479 960 1520 καί
989 1478 1151 1532 ἀγαθῆς
1188 1475 1360 1534 εὗπόρει
1395 1497 1523 1537 στρα-

38 1541 192 1588 αοτιᾶς·
233 1541 531 1595 στρατεύεσθαι
557 1543 604 1583 δὲ
635 1540 850 1597 α’μὴχανον
876 1538 928 1596 ἦν
954 1541 1022 1584 διὰ
1051 1543 1126 1597 τὴν
1153 1540 1291 1599 ὥραν,
1335 1562 1524 1602 καταφυ-

89 1603 165 1659 γὴν
191 1606 266 1659 τῆς
295 1609 490 1661 στρατιᾶς
524 1605 626 1661 πρὸς
666 1606 767 1655 τούς
803 1607 950 1656 ὕει-οὒς
989 1610 1064 1649 καί
1096 1607 1171 1662 τήν
1209 1607 1330 1662 χιόνα
1370 1611 1444 1652 οὐκ
1481 1613 1525 1653 ἒ·

87 1667 262 1724 χοῦσης,
302 1672 701 1726 ἐκπεπολεμωμένων
737 1669 818 1727 ἤδη
858 1673 1032 1715 πάντων,
1089 1670 1213 1725 ὅθεν,
1265 1674 1410 1725 εὐδίας
1442 1677 1648 1730 μὲνΡ.448

181 1795 213 1828 6.
237 1794 382 1838 χιλίαις
407 1795 454 1829 Μ.
481 1807 544 1841 pro
570 1794 787 1840 δισχιλίαις.

90 1898 274 1942 Quantum
308 1898 420 1940 igitur
455 1900 630 1942 pecuniae
667 1899 877 1943 imperatori
916 1904 954 1933 et
985 1901 1090 1934 matri
1129 1901 1205 1933 eius
1231 1901 1392 1943 Byzantii
1418 1906 1455 1934 et
1478 1902 1519 1935 in

88 1945 171 1978 aliis
198 1943 405 1978 civitatibus
432 1945 477 1977 ab
501 1946 738 1990 imperatricis
762 1946 920 1979 factione
944 1946 1105 1979 ablatum
1131 1947 1196 1987 sit,
1220 1958 1294 1980 non
1326 1951 1449 1992 potest
1471 1947 1519 1980 ad

89 2002 245 2035 unguem
269 1990 359 2024 dici:
383 2001 463 2024 cum
487 2003 554 2026 nec
578 1991 686 2036 ipsis,
711 1992 776 2037 qui
801 2003 879 2025 eam
903 1992 1156 2038 asservabant,
1188 1997 1336 2037 propter
1371 1993 1520 2036 grandi-

86 2041 196 2070 tatem
219 2047 389 2070 numerus
414 2039 490 2070 eius
518 2039 625 2082 plane
649 2039 861 2072 constiterit⁴
908 2039 1076 2072 Pecorum
1110 2044 1254 2079 autem,
1289 2039 1401 2072 boum
1435 2039 1519 2084 qui-

87 2082 168 2116 dem
193 2084 412 2127 pascualium
444 2086 483 2116 in
517 2084 631 2117 multa
656 2089 817 2118 armenta
843 2084 1114 2129 dispertitorum
1149 2085 1297 2118 suerunt
1330 2084 1375 2117 ad
1406 2085 1517 2130 quina

86 2129 227 2169 millia,
259 2129 494 2163 ruricolarum
530 2130 611 2174 iuga
637 2131 756 2165 mille:
790 2142 904 2177 equae
941 2132 1125 2176 pascuales
1150 2132 1252 2164 mille
1277 2131 1518 2177 quingentae,

87 2176 215 2208 cameli
251 2174 424 2215 ducenti,
459 2177 549 2210 muli
585 2179 758 2218 trecenti,
797 2178 889 2210 asini
922 2178 1122 2223 quingenti.
1170 2178 1304 2222 Greges
1335 2177 1435 2210 suilli
1469 2176 1518 2209 ad

87 2221 350 2267 quinquaginta
379 2222 494 2255 millia
522 2233 711 2266 porcorum
737 2225 984 2267 continentes;
1017 2225 1136 2257 ovium
1172 2224 1399 2268 septuaginta
1430 2224 1518 2256 mil-

86 2267 159 2309 lia;
198 2269 338 2312 frugum
364 2269 480 2301 acervi
517 2269 749 2303 incredibiles
785 2275 822 2303 et
851 2272 999 2304 omnino
1026 2269 1321 2303 innumerabiles.
1371 2268 1515 2313 Quibus

87 2313 254 2346 omnibus
287 2314 386 2348 brevi
418 2320 577 2359 tempore
603 2317 798 2359 spoliatus,
838 2315 932 2349 nihil
967 2317 1114 2349 imbelle
1148 2322 1210 2349 aut
1243 2316 1515 2360 pusillanimum

86 2359 227 2392 locutus
253 2365 317 2393 est.
344 2360 443 2393 Illud
465 2362 652 2396 dumtaxat
678 2363 712 2395 ei
736 2363 922 2396 tristitiam
946 2363 1132 2403 movebat,
1158 2362 1256 2408 quod
1279 2367 1402 2395 tantae
1427 2372 1514 2406 opes

88 2405 134 2438 ad
162 2406 303 2438 nullum
340 2407 394 2439 rei
425 2407 592 2450 publicae
621 2409 866 2449 commodum,
889 2409 944 2453 (in
974 2409 1074 2442 cuius
1113 2409 1393 2442 emolumentum
1434 2408 1514 2452 ipse

86 2452 207 2485 omnia
231 2452 441 2496 impendere
478 2465 516 2487 se
541 2455 713 2498 cogitasse
737 2455 967 2498 affirmabat‚)
1003 2460 1306 2489 converterentur.
1354 2454 1515 2498 Byzantii

87 2499 268 2541 copiarum
307 2498 380 2532 dux
415 2499 640 2535 Andronicus
672 2501 827 2542 Asanes,
862 2501 1101 2534 Cantacuzeni
1134 2511 1256 2541 socer,
1294 2500 1512 2541 declaratus,

86 2543 187 2576 bello
212 2549 336 2577 eontra
360 2556 530 2590 generum
554 2552 720 2593 recepto,
752 2547 838 2581 inde
863 2547 1064 2591 profectus,
1097 2547 1274 2580 Thraciae
1298 2545 1403 2580 urbes
1427 2545 1511 2580 obi-

86 2589 170 2628 bat,
204 2591 372 2624 omnibus
402 2602 482 2624 eum
508 2594 638 2638 cupide
663 2593 928 2638 excipientibus
957 2599 994 2627 et
1021 2599 1193 2637 quantum
1218 2598 1386 2637 poterant
1407 2592 1513 2626 adiu-

86 2634 269 2673 vantibus.
314 2638 585 2672 Cantacuzenus
609 2652 691 2675 cum
714 2651 943 2674 numerosum
966 2639 1118 2673 haberet
1145 2640 1346 2684 fortemque
1374 2640 1513 2672 exerci-

87 2686 185 2722 tum,
212 2682 363 2716 educere
388 2684 489 2718 illum
515 2691 662 2730 propter
685 2687 773 2720 anni
796 2691 1046 2731 tempestatem
1071 2685 1264 2731 nequibat:
1290 2685 1388 2731 quod
1411 2685 1513 2719 mili--v

87 2727 186 2761 tibus
220 2728 387 2763 adversus
427 2731 565 2774 pluvias
599 2738 638 2766 et
667 2733 767 2766 nives
792 2743 967 2778 nusquam
998 2736 1139 2776 pateret
1169 2731 1370 2776 perfugium
1390 2756 1400 2772 ,
1439 2733 1511 2764 iam

89 2774 256 2814 omnibus
294 2781 335 2815 ut
367 2777 505 2813 hostem
539 2776 822 2818 adversantibus,
879 2777 979 2814 Unde
1016 2778 1211 2825 tranquillo
1258 2778 1359 2813 coelo
1404 2776 1511 2812 urbes
