1800 3138
527 192 905 234 nis‘romARUM
945 195 1017 233 111.
1049 196 1121 240 29.
1436 195 1454 229 ι
1467 176 1539 232 83

112 291 166 334 m?
202 290 262 346 μὴ
310 288 539 342 δυνάμενον
581 288 624 332 τὸ
666 286 906 345 στράτευμα
948 292 1114 333 ΙΙἸυσῶν
1151 293 1436 348 διακαρτερεῖν
1475 290 1584 340 ἕπίΑ.
1599 305 1737 351 c,1341

110 362 280 411 σκηναῖς
307 354 575 408 α’νεζεύγνυον
602 356 662 403 εἰς
688 353 762 409 τὴν
792 356 969 408 οἰκείαν,
1012 358 1279 410 στρατιωτῶν
1307 372 1352 398 τε
1375 358 1449 398 καί
1477 356 1595 408 ἴπ-ν,
1611 374 1677 410 350

110 438 199 463 πων
226 423 364 468 αὕτοῖς
406 418 487 460 ὑπὸ
518 415 671 474 κρύους
713 421 836 460 τινῶν
865 419 1145 473 α’πολομένων.
1202 420 1310 474 μετὰ
1348 424 1471 463 τοῦτο
1499 423 1547 465 δὲ

108 483 307 539 βασιλεὺς
341 483 363 526 ὅ
403 483 752 539 Καντακουζηνὸς
793 483 898 538 πρὸς
923 485 1122 537 βασιλίδα
1150 485 1375 541 πρεσβείαν
1419 482 1547 536 αὖθις

83 552 301 606 5πέπομφε
329 549 428 605 περὶ
451 547 629 604 εἰρήνης.
682 548 798 604 ἤξίου
823 564 892 602 τε,
931 548 990 604 μὴ
1021 549 1091 592 διὰ
1119 549 1193 605 τὴν
1219 552 1426 607 προτέραν
1470 568 1548 593 κα-

107 616 328 667 κοβουλίαν
354 621 441 663 τοῖς
475 612 582 663 ἶσοις
620 608 649 668 ἢ
679 628 749 654 και
775 612 966 693 χείροσιν
996 615 1252 670 ἐπιχειρεῖν,
1291 615 1397 657 ἄλλα
1429 631 1547 658 συνι-

108 679 254 729 δόντας
279 679 325 720 ἐκ
351 681 435 721 τῶν
461 679 759 734 πραττομένων
776 710 789 732 ,
827 695 886 728 ως
912 679 990 719 ov’x
1018 675 1071 721 ἂν
1095 683 1396 736 λυσιτελήσειεν
1415 680 1439 722 ὅ
1469 683 1548 723 πό-

106 749 256 798 λεμος,
286 743 391 786 α’λλά
415 742 468 785 τὰ
491 742 712 796 Ῥωμαίων
741 739 875 798 ἄρδην
913 745 1173 799 διαφθερεῖ,
1220 744 1436 801 αἱρεῖσθαι
1473 745 1548 801 τὴν

105 809 287 864 εἰρήνην.
343 810 416 850 καί
449 807 530 863 γὰρ
574 809 649 850 καί
676 805 828 860 αὐτὸν,
871 811 1005 851 καίτοι
1034 807 1266 862 δυνάμενον
1309 811 1547 863 ἀμύνεσθαι

57 881 189 924 ιοτοῖς
223 873 352 926 ἴσοις,
392 875 658 916 καταθέσθαι
693 872 879 926 μάλιστα
922 873 997 915 τὸν
1037 871 1218 927 πόλεμον
1267 877 1428 918 ἐθέλειν
1470 878 1548 918 τοῦ

104 941 220 996 κοινῇ
249 941 563 987 λυσιτελοῦντος
590 941 726 981 ἓνεκα.
753 940 1006 993 ἐπρέσβευον
1035 940 1081 981 δὲ
1112 935 1196 991 &re
1216 937 1414 995 πρότερον
1432 937 1577 996 ἥκωνΒ

104 1005 163 1053 εἰς
191 1003 414 1059 πρεσβείαν
441 1002 687 1058 Δημήτριος
713 1000 735 1045 ὃ
766 1001 1087 1059 Σγουρόπουλος
1113 1006 1186 1045 καί
1212 1003 1235 1045 ὅ
1274 1004 1422 1054 Πόθος
1457 1003 1545 1047 Ἰω-

104 1071 226 1124 άννης
236 1100 253 1118 ,
280 1074 367 1116 τοῖς
412 1069 589 1125 Ἀγγὲλῳ
629 1070 688 1126 τῷ
714 1069 910 1126 πιγκέρνῃ
939 1070 1102 1118 οἰκείοις
1140 1071 1544 1122 συγκατειλεγμένος,

102 1133 210 1190 πρὸς
244 1135 324 1186 μὲν
362 1129 436 1175 οὖν
473 1133 550 1187 τὴν
587 1135 814 1189 πρεσβείαν
852 1135 891 1176 οἱ
927 1136 974 1176 ἐν
1001 1133 1221 1191 Βυζαντίῳ
1249 1132 1299 1175 τὰ
1328 1137 1547 1187 βασιλίδος

56 1201 352 1247 ιόδιοικοῦντες
381 1198 652 1253 ἀπεκρίναντο
679 1198 816 1240 οὐδέν.
871 1201 954 1241 τῶν
983 1200 1197 1254 πρέσβεων
1226 1200 1272 1240 δὲ
1302 1197 1371 1240 τὸν
1406 1198 1546 1254 ἕτερον

102 1266 182 1318 μὲν
219 1263 338 1317 ὀλίγα
373 1261 717 1318 λοιδορήσαντες,
763 1259 877 1320 εἶχον
914 1265 958 1306 ἑν
994 1265 1189 1320 φρουρᾷ·
1227 1262 1544 1319 Σγουρόπουλον

103 1330 151 1370 δὲ
178 1327 332 1377 πολλὰς
359 1326 618 1380 αἰκισάμενοι
646 1327 805 1383 πληγάς
848 1330 921 1370 καί
945 1326 1020 1382 τὴν
1048 1328 1211 1383 ὖπήνην
1239 1328 1549 1384 περικείραντες

103 1391 177 1434 καί
200 1391 409 1449 κεφαλὴν,
439 1390 673 1446 ἐπόμπευον
699 1394 771 1434 ἐπὶ
794 1394 867 1448 τῆς
896 1394 1097 1447 δημοσίας
1126 1394 1294 1447 α’γορᾶς.
1350 1390 1429 1434 εἶθ’
1462 1393 1544 1434 ὑπὸ

104 1462 258 1506 κλοιοῖς
285 1463 474 1511 κατεῖχον
500 1456 841 1506 κατακλείσαντες
873 1459 1155 1515 δεσμωτηρίῳ.
1222 1457 1296 1512 τὴν
1334 1457 1547 1513 διαφορὰν

46 1524 152 1571 αοδὲ
179 1524 252 1577 τῆς
278 1524 482 1577 τιμωρίας
508 1521 684 1564 ἐνεποίει
711 1521 757 1564 τὸ
785 1521 858 1565 τὸν
884 1524 962 1575 μὲν
992 1523 1038 1563 ἐκ
1066 1525 1152 1565 τῶν
1191 1521 1353 1564 οἰκείων
1376 1523 1547 1576 βασιλέ-

106 1603 163 1636 ως
190 1584 323 1639 εἶναι,
369 1588 429 1635 εἰς
457 1585 532 1635 οὕς
560 1585 647 1628 ἔδει
672 1589 811 1629 πᾶσαν
849 1588 1142 1629 ἐνδείκνυσθαι
1169 1590 1338 1642 πικρίαν
1366 1589 1438 1628 καί
1462 1599 1583 1642 puy-c

105 1653 261 1706 δημίοιν
301 1650 461 1707 ὕβρεως
502 1653 704 1693 ἐλλείπειν
737 1649 972 1706 ὑπερβολήν
990 1668 999 1679 ·
1048 1646 1138 1703 ἅμα
1164 1653 1244 1703 μὲν
1270 1648 1460 1695 κάκεῖνον
1491 1654 1543 1692 δι’

104 1718 244 1759 αὐτῶν
268 1715 521 1772 ἡγουμένους
553 1716 755 1769 ἀτιμοῦν,
785 1714 876 1769 ἅμα
904 1718 944 1757 δ’
962 1715 1030 1757 ἵνα
1060 1715 1134 1757 καί
1158 1715 1260 1771 πρὸς
1286 1710 1452 1769 ἄμυναν
1481 1718 1546 1756 δι-

104 1783 352 1839 ερεθιζωσιν
369 1815 383 1836 ,
428 1783 685 1836 α’ποθέμενον
721 1780 821 1833 τούς
858 1781 958 1838 περὶ
991 1782 1068 1836 τῆς
1101 1779 1267 1838 εἰρήνης
1311 1778 1546 1836 λογισμούς.

107 1948 328 1994 nequirent,
351 1947 532 1982 militibus
557 1951 594 1982 et
618 1948 720 1994 equis
744 1948 887 1994 aliquot
916 1950 1052 1984 enectis
1078 1949 1251 1995 frigorum
1283 1947 1547 1992 magnitudine,

108 1994 254 2030 domum
290 1998 526 2032 reverterunt
588 1995 670 2028 Post
709 1994 800 2029 haec
834 1995 1031 2039 imperator
1053 1997 1325 2031 Cantacuzenus
1352 1995 1549 2048 Augustam

107 2041 154 2075 de
185 2052 270 2085 pace
297 2041 428 2074 iterum
460 2040 624 2086 appellat
654 2042 844 2086 petitque,
867 2052 942 2078 ne,
975 2054 1045 2088 qua
1069 2044 1169 2088 prius
1194 2042 1422 2081 temeritate,
1447 2042 1548 2085 paria

107 2093 173 2121 aut
199 2087 378 2120 deteriora
403 2087 512 2120 etiam
549 2088 586 2120 in
609 2093 798 2131 posterum
832 2087 1071 2132 aggrediatur.
1128 2088 1229 2142 Qui-n
1251 2088 1373 2131 potius
1397 2098 1477 2119 cum
1503 2098 1548 2120 ex

108 2133 282 2166 anteactis
308 2133 379 2165 iam
405 2135 638 2178 cognoverit,
664 2133 802 2165 bellum
828 2133 923 2166 istuc
958 2136 1155 2167 Romanum
1196 2134 1386 2176 imperium
1423 2132 1548 2166 sundi-

109 2185 167 2212 tus
194 2179 442 2232 perditurum,
469 2189 590 2223 pacem
618 2179 809 2213 admittat:
834 2189 871 2212 se
897 2190 1066 2225 quoque,
1095 2181 1181 2213 licet
1205 2191 1269 2223 par
1303 2180 1382 2222 piri
1413 2178 1548 2212 referre

110 2226 250 2270 possit,
288 2225 485 2259 communis
519 2224 607 2257 boni
645 2236 751 2258 eausa
792 2224 838 2256 ab
873 2227 980 2258 armis
1018 2226 1261 2258 libentissime
1298 2224 1548 2260 discessurum.

109 2273 264 2315 Legatus
289 2276 378 2310 erat,
406 2272 468 2316 qni
505 2276 542 2304 et
566 2271 669 2313 alias,
705 2271 910 2304 Demetrius
945 2272 1188 2316 Sguropulus,
1223 2277 1259 2304 et
1294 2282 1365 2304 una
1398 2272 1547 2304 loannes

110 2318 245 2352 Pothus
271 2327 315 2349 ex
339 2318 464 2360 Angeli
490 2319 683 2361 pincernae
709 2317 926 2350 domesticis.
970 2318 1021 2350 Ad
1050 2319 1268 2361 legationem
1295 2317 1360 2362 qui
1387 2318 1549 2359 Byzantii

112 2375 179 2408 pro
205 2363 430 2408 imperatrice
454 2363 657 2396 tractabant
681 2364 893 2418 imperium,
922 2363 1015 2396 nihil
1040 2363 1272 2408 respondent,
1300 2362 1364 2396 sed
1389 2363 1547 2406 legatum

111 2410 263 2442 alterum
276 2409 398 2442 multis
415 2408 621 2453 adspersum
642 2410 813 2443 conviciis
838 2411 876 2442 in
902 2410 1102 2443 custodiam
1127 2409 1380 2453 compingunt5
1413 2388 1547 2453 Snguro-

112 2457 240 2510 pulum
273 2466 357 2490 vero
394 2456 605 2501 verberibus
642 2455 891 2501 indignissime
923 2462 1131 2500 coopertum
1169 2456 1327 2500 pilisque
1353 2453 1487 2488 barbae
1511 2461 1549 2489 et

111 2502 240 2547 capitis
263 2501 463 2543 nudatum,
489 2502 527 2535 in
554 2503 631 2535 soro
656 2506 697 2534 ut
720 2504 757 2534 in
783 2512 913 2546 pompa
943 2502 1088 2545 publice
1113 2501 1347 2545 spectandum
1373 2505 1546 2534 statuunt.

112 2548 254 2582 Deinde
282 2548 425 2580 iniectis
451 2548 544 2580 collo
568 2549 740 2588 vinculis,
772 2549 811 2580 in
834 2559 1010 2581 carcerem
1043 2547 1208 2583 trudunt
1258 2546 1304 2579 Su
1310 2547 1435 2591 pplicii
1473 2547 1548 2579 dif-

112 2595 302 2627 ferentiam
331 2594 508 2634 faciebat,
533 2593 631 2638 quod
655 2594 715 2627 hic
751 2599 845 2627 esset
877 2604 920 2626 ex
956 2595 1182 2637 imperatoris
1214 2593 1478 2632 familiaribus,
1508 2594 1548 2626 in

115 2651 206 2684 quos
231 2645 414 2684 oporteret
440 2650 583 2672 omnem
608 2639 841 2673 acerbitatem
869 2639 1051 2673 effundere
1081 2639 1316 2684 nullamque,
1351 2644 1548 2684 quantum-

113 2687 166 2718 vis
191 2691 368 2725 atrocem,
394 2686 563 2719 iniuriam
587 2698 661 2719 non
687 2687 869 2719 conferre:
897 2696 974 2717 cum
1000 2686 1069 2718 hoe
1094 2684 1201 2718 modo
1228 2696 1264 2718 se
1300 2686 1417 2730 ipsum
1454 2686 1549 2717 Can-

114 2737 324 2765 tacuzcnum
358 2733 552 2774 ignominia
585 2733 622 2765 iu
658 2732 730 2765 illis
756 2734 908 2765 multare
934 2732 1215 2772 arbitrarentur,
1249 2731 1357 2764 simul
1390 2737 1430 2764 ut
1466 2742 1547 2762 eum

116 2779 160 2813 ad
186 2779 382 2819 ultionem,
405 2779 500 2824 pacis
535 2778 732 2826 cupiditate
768 2778 933 2818 abiecta,
968 2778 1162 2813 irritarent.
1225 2777 1334 2812 Erant
1365 2777 1547 2822 siquidem
