1800 3132
522 167 900 216 msTomAmJM
939 177 1012 216 m.
1039 178 1108 222 511.
1412 157 1522 231 327

88 275 410 329 ἒπαγγελομένου
442 273 615 329 Κράλη,
644 277 684 317 εἰ
717 275 822 331 πρὸς
849 273 979 319 αὕτὸν
1006 279 1196 334 α’φίκοιτο
1224 275 1351 328 αὖτός
1369 293 1381 305 ·
1437 268 1513 319 καὶ
1530 287 1611 323 ΔΩ.
1628 288 1720 333 1342

91 335 154 380 ὅτι
190 342 351 381 πολλῶν
386 335 468 394 ἤδη
502 342 583 382 τῶν
620 339 726 396 πρὸς
759 343 937 394 βασιλέα
966 341 1316 398 Καντακουζηνὸν
1358 339 1440 384 ὑπὸ
1467 342 1526 399 τῷ

89 406 167 446 τοῦ
192 406 373 457 πολέμου
399 404 538 462 χρόνῳ
565 408 842 461 γεγενημένων
872 409 1116 463 δυσχερῶν,
1162 408 1236 449 καί
1270 410 1347 462 τῆς
1372 423 1415 450 τε
1442 424 1525 462 μη-

89 468 188 524 τρὸς
221 472 486 528 δεσμωτηρίῳ
524 471 883 527 ἐναποθανούσης,
922 472 995 514 καί
1015 473 1280 529 Ἀνδρονίκου
1317 474 1394 515 τοῦ
1425 470 1549 514 υἱοῦ

61 534 219 583 5πολῦν
243 534 323 590 ἤδη
350 533 504 591 χρόνον
542 538 711 590 δεσμοῖς
745 539 1269 594 προσταλαιπωρήσαντος,
1310 537 1385 580 καὶ
1419 533 1652 598 ἅλλῃν,4,6

86 598 262 642 κακώσει
286 601 512 656 χρημάτων
541 618 587 643 τε
616 600 799 658 ἀπείρων
826 603 1118 658 ἡρπασμένων,
1142 605 1214 645 καί
1241 605 1402 645 πολλῶν
1423 601 1523 644 ἀτό-

75 681 176 722 ,πων
203 661 339 707 ἄλλων
366 668 436 722 ἐφ’
459 664 582 720 ὕβρει
609 666 768 709 ἐκείνου
808 669 1089 722 εἰργασμένων
1102 701 1116 720 ,
1159 667 1232 710 καὶ
1262 670 1343 710 τῶν
1380 669 1564 723 &unq-B

86 730 210 772 δείων
234 728 416 782 μάλιστα
443 731 516 773 καί
542 733 747 786 συγγενῶν
783 735 865 775 τῶν
903 735 984 786 μὲν
1026 733 1175 781 αὐταῖς
1202 734 1366 782 ου’σίαις
1392 749 1523 774 συνα-

84 795 339 850 πολωλότων,
367 799 448 838 τῶν
476 799 516 838 δ’
543 799 588 839 ἐκ
609 797 985 854 [περιφανεστάτων
1015 797 1088 840 καί
1113 801 1322 840 πλουσίων
1350 794 1523 851 ἆπόρων

38 860 159 908 ιοκαί
187 862 412 914 δεσμωτῶν
436 865 750 916 κατεχομένων,
786 863 837 904 οὔ
864 863 1020 921 ῥᾳδίως
1047 858 1191 919 ἤλπιζε
1222 865 1521 917 Καντακουζη-

82 924 156 967 νὸν
195 925 267 967 τόν
304 930 481 980 βασιλέα
520 927 823 983 πεισθήσεσθαι
850 928 955 984 πρὸς
982 927 1056 982 τὴν
1085 926 1266 983 εἰρήνην,
1294 928 1385 969 ἀλλ’
1411 928 1520 981 ἇμυ·

82 993 247 1032 νεῖσθαι
274 992 402 1034 παντὶ
426 993 592 1051 τρόπῳ,
619 992 692 1034 καί
719 992 775 1035 ἴσ’
802 996 891 1036 ἄντ’
918 992 1021 1036 ἰσων
1052 991 1303 1035 ἀποδώσειν.
1359 991 1389 1034 ἃ
1416 1009 1518 1048 ναρ-

82 1057 158 1113 κᾷν
185 1054 317 1111 αὐτήν
347 1058 478 1099 ἐποίει
504 1060 578 1100 καί
603 1058 796 1100 ἀποκνεῖν
821 1058 926 1114 πρὸς
955 1057 1001 1100 τὸ
1030 1057 1311 1112 βουλεύεσθαι
1339 1060 1437 1114 περί
1454 1059 1514 1100 εἷ-

82 1123 208 1176 ρήνης
237 1123 425 1178 οἰομένην
453 1123 640 1179 ἀνήνυτα
667 1130 818 1166 πονεῖν.
874 1125 966 1166 ἐπεὶ
991 1121 1055 1166 ὅτι
1082 1140 1127 1178 γε
1157 1123 1256 1179 πρὶν
1284 1126 1343 1172 εἰς
1368 1125 1519 1165 τοσοῦ-

33 1189 154 1231 ιότον
179 1187 354 1237 ἀτοπίας
379 1191 663 1243 ἐξεληλακέναι
691 1189 762 1231 καί
789 1192 928 1231 πᾶσαν
956 1189 1146 1244 ὠμότητα
1175 1189 1247 1230 καί
1279 1186 1404 1244 ὕβριν
1420 1186 1518 1237 τοὺς

77 1255 177 1309 περὶ
203 1249 331 1309 αὗτήν
360 1255 623 1306 ἐνδείξασθαι
650 1253 751 1311 πρὸς
776 1256 975 1310 βασιλέα,
1001 1258 1085 1297 τῶν
1111 1252 1249 1296 ἄλλων
1277 1253 1382 1309 αὕτη
1410 1256 1515 1307 μιῖλ·

77 1322 149 1359 λον
182 1318 322 1375 ᾑρεῖτο
362 1318 438 1374 τήν
481 1322 666 1376 εἰρήνην,
714 1319 844 1362 πολλοὶ
887 1323 1084 1374 δείγματα
1129 1318 1365 1374 ἐξενήνοχεν
1404 1317 1556 1373 αὖτὴῦ

77 1387 296 1426 πεισθεῖσα
339 1385 540 1440 ἀκριβῶς,
581 1383 638 1436 ὥς
671 1384 817 1444 φθόνῳ
853 1387 911 1444 τῷ
947 1384 1051 1442 πρὸς
1079 1387 1255 1439 βασιλέα
1285 1382 1306 1425 ὃ
1336 1383 1537 1437 πόλεμος

78 1448 248 1505 ἐκινήθη
287 1447 362 1503 τήν
403 1450 565 1505 α’ρχὴν,
605 1452 696 1492 ἀλλ’
725 1451 802 1492 οὔκ
828 1453 979 1501 ἐκεῖνος
1007 1449 1281 1504 ἐπεβούλευεν
1309 1450 1418 1506 αὐτῇ
1445 1448 1519 1493 καὶ

25 1521 164 1564 ποτοῖς
194 1514 357 1568 παισὶν,
402 1515 460 1564 ῶς
497 1513 534 1556 οἱ
561 1516 822 1570 συκοφάνται
849 1513 1116 1570 κατηγόρουν.
1170 1513 1264 1556 τότε
1292 1516 1332 1556 δ’
1364 1510 1441 1555 οὖν
1469 1510 1515 1554 ὅ·

76 1597 168 1633 μως
200 1578 274 1635 τὴν
301 1579 400 1635 περὶ
424 1583 497 1635 τῆς
523 1578 689 1635 εἷρήνης
714 1579 939 1635 ὑπερέθετο
968 1580 1205 1632 διάσκεψιν.
1262 1577 1537 1626 Ἀπόκαυκος

79 1647 126 1688 δὲ
158 1645 178 1688 ὃ
213 1647 344 1700 μέγας
370 1644 482 1697 δοὺξ,
516 1646 607 1687 ἐπεὶ
634 1647 950 1701 ἐφωπλισμέναι
975 1639 1085 1698 ἦσαν
1115 1642 1158 1689 αἱ
1182 1641 1380 1698 τριήρεις,
1410 1642 1512 1683 ἀπέ-

76 1716 253 1754 πλευσεν
291 1713 355 1760 εἰς’
386 1712 660 1766 Ἀμφίπολιν,
703 1709 751 1752 τὸ
790 1711 868 1763 μὲν
896 1711 1054 1761 δοκεῖν,
1083 1705 1140 1757 ῶς
1171 1705 1276 1749 κατὰ
1304 1705 1512 1760 βασιλέως

77 1777 432 1832 Καντακουζηνοῦ
447 1778 504 1834 τῷ
522 1774 672 1832 Κῳίλῃ
695 1773 979 1828 διαλεξόμενος
989 1774 1061 1816 καί
1078 1774 1233 1815 πείσων
1248 1769 1511 1833 προδιδόναι.

168 1879 201 1915 8.
226 1877 268 1912 ἐν
294 1880 375 1914 ταῖς
397 1876 446 1910 Μ.
469 1860 536 1921 mg.
561 1886 626 1922 pro
650 1873 790 1913 αὐταῖς.

75 1979 161 2002 num
184 1966 342 2002 vinctum
363 1966 618 2000 adducturum:
642 1964 794 2011 perinde
819 1964 922 2010 quasi
948 1963 1070 1998 Crales
1095 1973 1133 1996 se
1156 1961 1261 1996 illum
1288 1960 1507 1996 traditurum

74 2015 316 2059 promisisset,
341 2014 371 2046 si
395 2014 550 2059 ipsemet
573 2012 620 2046 ad
643 2023 681 2045 se
706 2012 889 2045 venisset:
915 2015 952 2044 et
976 2009 1075 2056 quod
1099 2010 1385 2043 Cantacuzenum
1409 2011 1507 2041 tem-

73 2071 162 2107 pore
186 2060 276 2093 belli
295 2060 416 2094 multis
440 2059 604 2093 attritum
628 2056 900 2092 difficultatibus
929 2061 985 2097 et,
1009 2061 1122 2089 matre
1148 2055 1187 2086 iu
1210 2065 1348 2087 carcere
1368 2054 1506 2087 exstin-

74 2113 132 2140 cta
146 2131 155 2146 ,
182 2107 332 2152 filioque
358 2105 563 2140 Andronico
588 2105 650 2139 diu
677 2105 748 2136 iam
766 2104 919 2138 vinculis
939 2108 976 2136 et
998 2103 1080 2135 aliis
1101 2099 1336 2134 incommodis
1357 2099 1504 2139 afflicto,

74 2154 322 2197 immensaque
345 2153 381 2185 vi
405 2153 580 2196 pecuniae
605 2151 824 2196 spoliatum,
863 2149 1030 2194 pluribus
1065 2152 1250 2193 praeterea
1285 2156 1364 2177 cum
1398 2145 1504 2178 inso-

73 2199 188 2232 lentia
213 2203 250 2231 et
274 2199 489 2231 contumelia
519 2200 556 2232 in
581 2198 686 2231 illum
715 2196 933 2241 designatis,
961 2200 998 2228 et
1020 2192 1243 2226 amicissimis
1269 2192 1504 2236 cognatisque

73 2245 156 2279 aliis
182 2245 254 2277 vita
279 2244 507 2290 fortunisque
531 2244 638 2277 simul
667 2243 849 2288 expulsis,
880 2241 962 2274 aliis
994 2252 1038 2274 cx
1065 2238 1320 2274 illustrissimis
1349 2243 1386 2271 et
1408 2248 1503 2282 opu-

73 2291 183 2325 lentis
208 2289 255 2322 ad
277 2295 523 2334 paupertatem
546 2290 699 2325 redactis
733 2294 770 2322 et
793 2289 832 2322 in
858 2286 1059 2320 custodiam
1084 2285 1260 2324 detrusis,
1296 2294 1370 2316 non
1394 2283 1504 2316 facile

74 2337 121 2371 ad
146 2347 268 2382 pacem
282 2336 569 2379 ‘inclinatur-um,
596 2335 659 2369 sed
681 2335 945 2369 vindicaturum
970 2345 1008 2367 se
1032 2332 1148 2366 modis
1178 2329 1345 2363 omnibus
1371 2333 1408 2362 et
1431 2340 1499 2374 par

72 2385 153 2428 pari
178 2383 372 2417 relaturum
402 2382 584 2426 cogitaret⁴
626 2381 720 2415 Hinc
746 2380 792 2414 ad
813 2379 965 2414 consilia
986 2379 1084 2424 pacis
1111 2376 1277 2422 agitanda
1300 2375 1400 2410 lenta
1423 2385 1502 2408 esse

71 2440 113 2463 ac
138 2435 300 2475 torpere,
325 2427 423 2472 quod
447 2427 606 2462 laborem
630 2428 775 2461 inanem
799 2431 951 2472 putaret.
997 2426 1086 2458 Nam
1115 2424 1323 2468 priusquam
1348 2420 1395 2454 ad
1418 2425 1500 2454 tan-

72 2480 145 2509 tam
175 2474 429 2519 indignitatem
457 2475 638 2508 veniretur
673 2479 710 2507 et
741 2475 797 2507 sui
832 2472 930 2506 omni
962 2470 1176 2504 crudelitate
1210 2467 1503 2512 contumeliaque

72 2522 112 2554 in
128 2532 208 2554 eum
232 2520 561 2561 debaccharentur,
586 2531 671 2565 prae
690 2519 771 2552 aliis
796 2529 918 2564 pacem
944 2528 1020 2551 sese
1045 2514 1296 2559 concupiscere
1315 2513 1500 2559 complura

72 2567 182 2600 dabat
205 2566 358 2600 indicia:
383 2567 431 2598 ita
455 2577 597 2610 prorsus
619 2566 848 2605 existimans,
874 2564 951 2597 eius
974 2563 1059 2596 odio
1080 2561 1215 2594 bellum
1239 2560 1333 2592 istuc
1350 2571 1371 2592 a
1393 2561 1499 2604 prin-

72 2614 168 2657 cipio
194 2613 411 2646 concitatum
437 2611 564 2646 fuisse:
607 2622 675 2645 nec
702 2623 781 2645 eum
811 2611 883 2644 sibi
907 2620 949 2641 ac
972 2610 1057 2642 filiis
1088 2606 1238 2640 insidias
1265 2605 1501 2646 meditatum,

71 2659 172 2693 cuius
203 2658 347 2692 sceleris
380 2670 399 2690 a
434 2658 662 2702 sycophantia
701 2656 988 2691 insimulabatur.
1039 2653 1142 2686 Tunc
1175 2657 1295 2685 tamen
1329 2651 1375 2684 de
1411 2662 1504 2697 pace

71 2705 367 2738 deliberationem
396 2703 594 2737 differebat.
621 2702 869 2748 Apocauchus,
894 2700 1080 2734 instructis
1105 2697 1328 2739 triremibus,
1349 2698 1499 2742 Amphi-

69 2752 182 2801 polim
206 2750 404 2796 navigavit,
429 2760 511 2797 prae
537 2761 574 2785 se
597 2749 727 2791 serens,
753 2754 912 2782 acturum
938 2746 1036 2793 apud
1059 2745 1196 2781 etalem
1222 2750 1344 2779 contra
1360 2743 1494 2778 canta-
