1820 3152
276 163 389 222 538
805 181 1175 226 CANrAcUzssm

80 287 171 324 A.c.
186 282 699 340 ι345προσαγορευομὲνου,
729 281 805 338 τὴν
831 285 978 340 στέγην
1002 281 1083 325 ὖπὸ
1109 284 1184 325 τοῦ
1202 282 1356 339 χρόνον
1378 274 1706 339 διεφθαρμένου,

275 352 417 392 πᾶσαν
444 348 602 392 εἴσοδον
635 347 900 405 ἄναφράξας,
931 351 1134 399 οἰκίσκους
1162 346 1278 391 ἔνδον
1305 349 1462 391 ἐκείνου
1490 348 1708 397 πλείστους

239 416 429 458 Βδιελεῐν
454 415 524 470 ἐφ’
551 410 729 472 ἑκατέρῳ
757 415 876 470 μέρει
892 447 904 470 ,
932 414 1006 457 καὶ
1032 412 1192 464 τούτοις
1218 414 1480 457 κατακλεῖσαι
1503 409 1600 461 τούς
1639 413 1709 453 δε-

273 477 442 533 σμώτας
467 476 627 522 ἄνωθεν
655 482 872 530 καλωδίοις
894 482 1055 530 καθιείς
1064 513 1077 532 ,
1106 476 1213 522 ὥστε
1241 478 1389 528 νυκτὸς
1423 480 1501 532 μὲν
1528 482 1615 528 τοῖς
1641 476 1704 519 οἶ-

271 547 427 594 κίσκοις
458 547 648 601 χρῆσθαι
667 578 678 597 ,
714 543 874 601 ἡμέρας
902 547 948 589 δὲ
977 543 1081 602 πρὸς
1104 545 1279 600 μετρίαν
1306 540 1445 586 ἄνεσιν
1472 545 1529 600 τῷ
1555 539 1729 584 ὖπολε-5

270 613 474 669 λειμμένῳ
516 609 672 664 μεταξὺ
714 613 881 670 χωρίῳ·
938 610 1011 667 τὴν
1049 612 1096 653 δὲ
1128 608 1321 667 φρουράν
1349 605 1512 652 ἄνωθεν
1540 610 1715 663 ἒγκαθιε

271 678 478 732 δρυμένην
517 678 588 719 ἐπὶ
621 679 704 719 τῶν
741 680 892 732 τειχῶν
934 676 1003 720 διά
1044 674 1179 731 πάσης
1205 674 1352 724 νυκτός
1378 691 1423 718 τε
1451 672 1525 717 καί
1548 674 1710 730 ἡμέρας

270 742 344 798 τὴν
379 741 569 798 φυλακήν
607 744 689 784 τῶν
733 744 953 797 δεσμωτῶν
992 745 1232 795 ποιεῖσθαι,
1278 735 1356 783 κᾶν
1382 755 1491 789 τινος
1521 739 1706 788 δέοιντο,

270 806 457 849 κάτωθεν
489 806 595 863 πρὸς
618 807 717 858 τούς
745 808 958 864 φρουροὺς
985 811 1198 851 ποιεῖσθαι
1223 806 1323 855 τούς
1342 804 1486 860 λόγους
1504 805 1709 860 φανερῶς,

272 869 380 914 ὥστε
409 869 596 922 ἅπαντας
621 875 802 928 εἰδέναι,
847 875 914 917 ἴνα
944 874 1003 929 μή
1034 872 1202 916 λάθοιεν
1240 872 1464 926 ἐπιβουλήν
1500 886 1593 912 τινα
1633 881 1763 911 ‹tv-¹0

271 935 601 993 σκευασάμενοι,
632 938 774 996 κρύφα
803 941 887 981 τῶν
914 938 1112 996 φυλάκων
1138 939 1227 980 τισί
1253 938 1549 990 διαλεχθέντες.
1603 931 1706 987 μετά

270 1006 394 1047 τοῦτο
426 1005 473 1045 δὲ
496 1002 662 1060 ἔφασαν
689 1004 728 1046 οἱ
754 1007 992 1055 συνειδότες
1020 1007 1093 1047 καί
1120 1003 1190 1047 ἐπὶ
1215 1002 1413 1058 βασιλίδα
1440 1003 1596 1055 χωρεῖν
1616 1000 1709 1041 δια-

233 1070 458 1112 (ἶνοεῖσθαι
488 1068 560 1110 καί
603 1070 857 1128 άπορειρᾷν,
902 1072 939 1113 εἰ
977 1068 1170 1125 βούλοιτο
1206 1067 1282 1124 τὴν
1308 1068 1466 1109 ἐκείνου
1494 1065 1711 1119 θυγατέρα

269 1137 441 1189 βασιλεῖ
471 1136 527 1190 τῷ
569 1133 647 1192 υἱῷ
683 1134 787 1191 πρός
812 1137 944 1190 γάμον
972 1133 1219 1188 συνάπτειν,
1255 1131 1337 1188 εἴγε
1363 1132 1554 1186 βούλοιτο
1579 1127 1710 1174 αὐτὸν

271 1199 329 1249 ὥς
367 1200 472 1255 ὑπὲρ
515 1201 666 1242 τέκνων
713 1200 1049 1256 ιῖγωνιζόμενον,
1089 1199 1225 1242 πάντα
1261 1199 1439 1240 πλοῦτον
1473 1195 1546 1238 τόν
1573 1197 1761 1240 av’t02715

268 1264 374 1322 πρὸς
404 1264 473 1308 τὸν
510 1265 581 1308 ἐπὶ
616 1264 966 1322 Καντακουζηνόν
992 1267 1230 1308 ἀναλίσκειν
1259 1262 1452 1316 πόλεμον.
1506 1262 1579 1303 καί
1604 1260 1710 1315 πρό-

269 1347 390 1387 τερον
425 1333 503 1384 μὲν
554 1332 632 1387 γάρ
687 1332 809 1374 οὐδὲν
844 1335 1124 1375 ἐλλελοιπέναι
1167 1330 1408 1385 προθυμίας
1447 1326 1521 1368 καὶ
1570 1328 1709 1368 πᾶσαν

269 1396 457 1453 σπουδὴν
485 1396 592 1453 πρὸς
618 1396 693 1452 τήν
721 1399 879 1440 ἐκείνου
910 1396 1136 1440 κατάλυσιν
1167 1397 1476 1448 ἐπιδεδεῖχθαι,
1500 1390 1573 1434 καί
1601 1391 1708 1434 πάν-

270 1478 321 1505 τα
349 1463 607 1504 ἀναλωκέναι
635 1462 688 1503 τά
711 1461 825 1504 κοινά
856 1465 928 1504 καί
958 1461 988 1503 οἳ
1016 1463 1208 1518 ἀφείλετο
1236 1463 1281 1502 ἐκ
1310 1461 1393 1502 τῶν
1412 1458 1550 1516 ἐκείνῳ
1573 1472 1705 1513 προσ-

269 1526 469 1582 εχόντων·
535 1526 630 1569 νυνί
661 1529 707 1569 δὲ
743 1529 802 1576 εἰς
838 1527 1078 1570 τούναντίον
1107 1524 1219 1568 ἅπαν
1244 1527 1325 1568 τῶν
1355 1523 1609 1580 πραγμάτων
1633 1532 1763 1564 πε-Ἅῠ

143 1598 260 1638 v.523
274 1593 522 1647 ριελθόντων
548 1594 622 1634 καί
646 1594 786 1635 πᾶσαν
811 1592 968 1636 ἐκείνου
995 1592 1071 1648 τὴν
1100 1587 1270 1648 ἤπειρον
1299 1591 1587 1648 ἀφελομένου,
1627 1588 1707 1632 αὕ-

272 1659 342 1701 τὸν
372 1659 590 1713 κρατήσειν
615 1661 684 1714 τῆς
710 1656 950 1714 θαλάσσης,
980 1658 1247 1700 ἀναλίσκοντα
1287 1659 1332 1699 ἐκ
1360 1658 1442 1698 τῶν
1474 1655 1605 1708 ἰδίων,
1636 1652 1710 1697 καί

273 1725 510 1776 Βυζαντίου
540 1723 610 1765 καί
639 1726 722 1766 τῶν
750 1722 887 1780 νήσων
915 1726 1115 1781 ἀσφαλῶς
1143 1725 1334 1775 καθέξειν
1351 1721 1426 1777 τήν
1447 1718 1598 1775 οἷρχήν·
1627 1716 1706 1762 κᾶν

223 1799 256 1833 D
272 1792 349 1853 μὲν
385 1790 519 1845 ἐκείνη
557 1789 745 1833 πείθοιτο
773 1789 848 1846 τὴν
874 1793 1090 1847 θυγατέρα
1118 1786 1427 1846 προσαρμόζειν
1453 1789 1626 1841 βασιλεῖ
1648 1786 1718 1842 τῷ

273 1929 355 1953 cum
390 1922 486 1952 esset
519 1919 574 1952 ibi
607 1917 754 1960 domus,
790 1928 957 1964 magnum
981 1918 1224 1952 lastinianum
1248 1914 1452 1962 appellata,
1477 1918 1573 1949 tecto
1596 1916 1705 1949 vetu-

272 1971 366 2000 state
390 1971 624 2010 consumpto‚
648 1965 839 1999 destructis
867 1965 1118 2006 conclavibus,
1150 1965 1229 2010 ipse
1269 1962 1501 1998 domunculas
1529 1960 1705 2006 plurimas

272 2012 469 2046 sub'terra
504 2012 549 2045 ab
574 2018 726 2057 utraque
750 2018 854 2056 parte
881 2011 1113 2045 inaedificare
1141 2011 1308 2051 volebat,
1337 2015 1373 2042 et
1394 2010 1432 2042 in
1456 2007 1513 2041 his
1539 2017 1618 2040 reos
1642 2006 1703 2039 fu-

271 2059 381 2092 nibus
422 2058 595 2093 demissos
632 2058 807 2100 condere,
843 2065 885 2093 ut
910 2057 1077 2092 noctibus
1105 2056 1250 2102 quidem
1268 2057 1307 2089 in
1331 2053 1556 2089 domunculis
1579 2063 1706 2086 mane-

272 2106 378 2145 rent,
410 2105 537 2140 diebus
563 2105 609 2138 ad
640 2105 859 2139 mediocrem
888 2105 1134 2139 remissionem
1158 2113 1240 2136 area
1266 2103 1305 2135 in
1330 2101 1450 2135 medio
1473 2100 1599 2134 relicta
1623 2103 1705 2133 ute-

272 2157 419 2193 rentur,
455 2153 610 2198 illosque
645 2163 753 2196 supra
788 2164 908 2186 muros
942 2151 1113 2196 vigilibus
1142 2148 1369 2189 constitutis,
1401 2152 1516 2180 totum
1542 2145 1637 2179 diem
1662 2155 1706 2178 ac

272 2203 416 2233 noctem
441 2198 628 2233 custodiri.
677 2198 786 2243 Quod
809 2199 839 2232 si
863 2209 932 2244 qua
958 2210 996 2231 re
1018 2197 1222 2241 indigerent
1244 2195 1371 2239 vigiles
1394 2194 1462 2235 illi,
1488 2199 1529 2226 ut
1552 2192 1706 2226 inferio·

273 2245 376 2278 ribus
410 2245 621 2279 custodibus
653 2245 748 2279 clare
784 2250 822 2278 et
864 2250 987 2290 aperte
1028 2243 1211 2283 dicerent,
1255 2242 1421 2277 omnibus
1458 2238 1706 2279 audientibus,

275 2303 348 2337 quo
369 2291 583 2325 insidiarum
601 2291 775 2325 vitaretur
793 2293 965 2336 suspicio,
986 2291 1015 2324 si
1034 2291 1124 2322 elam
1146 2299 1227 2321 cum
1246 2287 1461 2332 quibusdam
1485 2287 1631 2321 illorum
1649 2284 1705 2316 fa·—

274 2337 500 2372 bularentur.
525 2337 707 2379 posthaec,
722 2343 762 2372 ut
772 2338 978 2372 referebant
990 2337 1053 2381 qui
1068 2341 1209 2376 norant,
1224 2339 1260 2368 et
1280 2333 1540 2379 imperatricem
1559 2330 1705 2376 aggredi

276 2384 451 2426 cogitavit
475 2389 511 2418 et
526 2389 677 2425 tentare,
693 2396 738 2417 an
750 2385 860 2420 vellet
874 2385 985 2429 ipsius
1006 2383 1118 2415 filiam
1133 2381 1358 2425 despondere
1378 2380 1454 2414 filio
1469 2390 1534 2413 suo
1549 2379 1705 2422 impera-

275 2431 359 2471 tori,
376 2432 406 2464 si
426 2437 570 2477 paratus
594 2432 642 2464 sit
666 2431 756 2475 ipse,
773 2431 873 2464 velut
894 2441 958 2475 pro
977 2430 1061 2462 filiis
1083 2429 1281 2469 decertans,
1305 2437 1427 2460 omnes
1452 2436 1538 2470 opes
1560 2434 1641 2458 suas
1661 2423 1704 2459 in.

272 2476 411 2511 bellum
427 2483 550 2512 contra
564 2477 845 2511 Cantacuzenum
866 2476 1085 2520 impendere,
1110 2474 1199 2507 Nam
1213 2479 1250 2507 et
1267 2473 1418 2508 antehac
1428 2482 1611 2518 nunquam
1627 2479 1703 2503 non

273 2523 427 2558 alacrem
454 2524 577 2565 fuisse,
609 2528 760 2557 etomne
789 2522 948 2556 studium
968 2533 1071 2556 suum
1097 2521 1142 2554 ad
1163 2531 1244 2554 eum
1266 2519 1498 2554 evertendum
1529 2517 1703 2552 contulis-

273 2580 331 2604 se:
358 2574 395 2602 et
423 2582 502 2603 curn
528 2570 712 2616 publicam
731 2571 920 2614 pecuniam
936 2573 1174 2607 omnem‚tum
1194 2578 1301 2614 quam
1317 2565 1554 2600 Cantaeuzeni
1575 2561 1700 2597 amieis

274 2615 484 2657 abstulerit,
516 2618 555 2650 in
589 2628 631 2651 eo
667 2616 872 2650 collocasse.
927 2615 1031 2649 Nunc
1067 2625 1146 2646 curn
1183 2625 1237 2647 res
1270 2613 1417 2647 omnino
1441 2622 1569 2651 secus,
1592 2619 1699 2654 quam

274 2662 509 2707 sperabatur,
533 2663 748 2703 acciderint,
772 2667 809 2696 et
831 2663 894 2696 ille
919 2667 1028 2696 totam
1052 2661 1297 2694 continentem
1322 2659 1526 2704 occuparit,
1550 2668 1588 2690 se
1609 2655 1699 2688 mari

275 2709 561 2742 dominaturum:
596 2715 776 2754 sumptum
814 2709 858 2742 de
897 2721 959 2742 suo
996 2709 1191 2742 facturum:
1226 2711 1263 2738 ct
1288 2706 1449 2750 Byzantii
1478 2703 1714 2737 i‘nsularum-·

275 2767 344 2802 que
368 2756 559 2802 imperium
588 2766 711 2791 secure
738 2760 969 2792 retenturum.
1028 2756 1072 2789 Et
1095 2754 1125 2788 si
1152 2752 1299 2800 quidem
1324 2753 1388 2787 ina
1418 2749 1605 2786 connubio
1632 2758 1715 2782 an-·
