1812 3132
298 199 317 236 1
333 203 359 238 2
370 202 398 238 2
819 194 1193 238 CANTACUZENI

89 298 530 357 Δ.Ο.ι341ἕτόλμησεν·
563 295 662 341 ὅθεν
688 299 872 347 κοῖκεῖνος
902 300 1004 340 πᾶσι
1032 299 1312 353 προσεφέρετο
1338 299 1519 354 μετρίως
1544 293 1725 348 ὑπεπτη-

280 366 380 421 χόσι
417 365 490 408 καί
515 363 844 416 δεδουλωμένοις
872 363 1066 417 ἀκριβῶς.
1123 364 1202 405 σοῦ
1235 364 1282 405 δὲ
1320 364 1415 404 νυνὲ
1436 359 1604 422 πρώτου
1633 363 1728 402 τολ-

282 431 492 487 μήσαντος
520 432 730 473 ἀντειπεῖν
759 429 1002 485 ἀναφανδὸν
1021 463 1032 481 ,
1061 430 1196 470 ου’κέτι
1222 426 1522 482 συγκαλύπτειν
1548 424 1624 481 τήν
1651 443 1727 468 κα-

284 499 378 539 κίαν
405 493 490 547 οἷός
519 512 563 538 τε
592 495 749 550 ἐγένετο
760 528 772 548 ,
804 495 895 537 ἀλλ’
925 493 1007 536 ἀπὸ
1040 496 1117 536 σοῦ
1144 490 1326 544 κᾶκεῖνος
1361 490 1532 549 ἄρξεται
1559 489 1726 546 πρώτου

281 562 378 611 τοὺς
405 564 466 611 εἰς
493 559 626 604 αὐτὸν
655 559 972 615 ἁμαρτάνοντας
1000 557 1203 610 κολάζειν.
1253 560 1407 602 αὐτίκα
1433 573 1475 600 τε
1504 553 1643 610 ὤμνυε
1673 548 1758 599 τὰ5<

284 630 627 683 φρικωδέστατα,
658 625 714 675 ὥς
759 624 899 668 πάντα
930 624 1015 679 εἴη,
1060 621 1139 666 ὅσα
1177 626 1429 681 φθέγξαιτο,
1472 624 1609 678 α’ληθῆ
1657 622 1731 664 καὶ

284 695 365 746 ὥς,
411 694 450 736 εἴ
473 693 532 747 μή
561 691 636 748 τήν
657 694 859 747 ταχίστην
884 690 950 733 ἑνί
971 706 1016 745 γε
1047 707 1104 748 τῳ
1131 689 1270 748 τρόπῳ
1299 691 1478 747 πειρῷτο
1507 688 1730 739 διασώζειν

284 757 456 811 ἑαυτὸν,
482 759 606 800 οῦδὲν
633 756 854 810 ἐμποδών,
882 755 941 811 μή
972 756 1044 798 καί
1071 752 1197 799 αὐτὸν
1225 753 1298 797 καί
1328 758 1468 797 πᾶσαν
1495 752 1571 808 τήν
1594 754 1729 796 οἰκίαν

285 821 530 867 ἆπολὲσθαι.
588 821 609 864 ὃ
658 825 695 865 δ’
718 856 730 876 ,
775 819 915 879 ὥσπερ
947 816 998 877 ἦν
1026 820 1165 874 εἰκὸς,
1206 823 1304 875 περὶ
1330 822 1414 863 τῶν
1441 817 1628 873 ἐσχάτων
1655 816 1728 860 τὸν

284 889 419 946 φόβον
437 888 651 945 ἐσχηκώς,
685 887 819 930 ἐδεῖτό
848 890 887 930 οἱ
915 887 1067 943 τρόπον
1084 887 1347 940 ὑποθέσθαι,
1385 887 1437 927 δι’
1453 879 1503 926 οὗ
1525 882 1576 925 vd
1597 880 1793 939 προσ-ω’

144 960 183 995 Ρ.
203 958 264 1003 411
283 956 497 1007 δοκώμενα
527 954 640 996 δεινοὶ
671 951 1166 1009 δυνήσεταιδιαςουγεῖν.
1207 951 1227 994 ὅ
1262 954 1302 993 δ’
1329 950 1538 1006 ἔφασκεν,
1568 945 1619 991 οὗ
1643 965 1728 1002 χα-

284 1020 409 1062 λεπόν
447 1021 526 1072 μὲν
564 1017 671 1062 εἶναι
709 1018 782 1060 καί
825 1018 955 1061 αὐτὸν
996 1021 1041 1060 ὲκ
1070 1021 1153 1061 τῶν
1175 1017 1389 1074 παρόντων
1414 1014 1460 1059 τὸ
1488 1016 1580 1058 δέον
1606 1030 1725 1056 συνι-

284 1088 396 1138 δεῖν,
426 1086 477 1126 οὕ
507 1088 591 1127 ταῖν
619 1086 780 1126 πολλῶν
812 1084 887 1126 καί
911 1081 1098 1139 α’νοήτων
1126 1079 1253 1136 ὄντα,
1283 1081 1387 1124 ἀλλά
1421 1083 1503 1124 τῶν
1535 1077 1729 1136 ἐμπειρίᾳ

284 1149 536 1206 πραγμάτων
564 1150 636 1192 καί
662 1151 831 1192 συνέσει
859 1155 946 1198 τοῖς
973 1146 1152 1204 πρώτοις
1179 1147 1462 1201 ἇ,ιιιλλιόμενον
1485 1145 1725 1199 Ῥωμαίων.

283 1217 553 1271 παραινέσειν
591 1216 637 1256 δὲ
673 1213 748 1256 καί
790 1211 947 1268 αὖτὸν,
995 1213 1024 1256 ἃ
1063 1213 1195 1256 οἴεται
1222 1210 1527 1267 λυσιτελήσειν,
1569 1201 1782 1264 μᾶλλον15

283 1282 346 1333 δ’,
375 1275 435 1323 ὧν
459 1283 593 1336 χωρίς
620 1283 830 1336 σωτηρίας
874 1278 1081 1324 ἀδύνατον
1112 1285 1269 1334 τυχεῖν.
1327 1277 1489 1321 οἴεσθαι
1520 1278 1566 1319 δὲ
1593 1276 1727 1331 μηδὲν

283 1349 423 1401 ἕτερον
450 1346 566 1402 αὐτῷ
604 1344 892 1402 λυσιτελήσειν
918 1346 992 1388 καί
1016 1351 1100 1394 τοῖς
1133 1339 1299 1395 ἄλλοις,
1343 1339 1370 1399 ἢ
1411 1341 1592 1395 πόλεμον
1620 1342 1728 1397 ἄρα·

279 1413 390 1469 μένῳ
420 1409 523 1464 πρὸς
563 1412 748 1463 ἐκεῖνον,
795 1411 924 1454 παντὶ
955 1413 1095 1454 σθένει
1130 1413 1358 1467 πειρᾶσθαι
1397 1406 1621 1451 καταλύειν
1648 1407 1726 1462 τήν

281 1477 439 1518 ἐκείνου
470 1474 662 1530 δύναμιν.
717 1479 837 1520 τοῦτο
867 1479 908 1519 δ’
933 1475 1051 1519 ἔσται
1083 1474 1227 1534 ῥᾴδιον
1248 1508 1259 1526 ,
1300 1471 1352 1517 ἂν
1379 1472 1565 1527 βασιλίδι
1593 1487 1726 1527 προσ-

281 1541 417 1583 ελθών
444 1544 518 1584 καί
543 1539 620 1597 τήν
651 1543 710 1592 εἷς
736 1545 893 1597 ἐκείνην
921 1538 1086 1585 εὔνοιαν
1115 1542 1189 1583 καί
1214 1542 1392 1595 βασιλέα
1409 1537 1482 1582 τὸν
1499 1539 1592 1580 υἱὸν
1621 1538 1783 1580 tino-20

239 1609 440 1661 Βκριθείς
456 1640 467 1660 ,
505 1607 734 1665 α’ναπείσῃς
774 1606 927 1650 ἐκεῖνον
953 1610 1152 1660 πολέμιον
1177 1607 1348 1659 νομίσαι
1374 1604 1446 1646 καί
1483 1603 1729 1658 ἐπιβουλεύ-

281 1688 379 1714 οντα
424 1673 530 1730 αὖτῇ
571 1672 676 1729 πρὸς
712 1672 788 1728 τὴν
816 1670 978 1729 ἀρχὴν,
1019 1671 1194 1729 φάσκων
1231 1670 1329 1726 περὶ
1352 1671 1510 1712 ἐκείνου
1537 1668 1724 1726 ἀκριβῶς

278 1742 503 1781 πεπεῖσθαι
541 1736 594 1781 τοὶ
636 1742 815 1782 τοιαῦτα
849 1739 923 1782 καὶ
959 1737 1034 1795 τήν
1073 1737 1239 1782 ἀδικίαν
1286 1735 1345 1793 μή
1376 1737 1572 1791 ἐνεγκεῖν,
1613 1735 1720 1778 ἀλλὰ

376 1857 408 1889 7,
434 1844 484 1889 τῷ
510 1844 543 1877 Ρ.
665 1847 697 1882 8.
719 1842 787 1886 τὴν
812 1844 893 1880 add.
907 1844 957 1878 M.

282 1952 413 1984 timore
437 1951 693 1986 submittentes
718 1962 794 1985 sese
824 1956 861 1986 et
894 1953 1102 1985 servitutem
1128 1950 1321 1995 perfectam
1346 1947 1562 1991 εετνίεηῑεε,
1596 1961 1720 1985 omnes

281 1997 490 2031 humaniter
513 1998 654 2032 habuit.
704 1996 793 2032 Cum
827 2003 949 2032 autem
987 2003 1027 2031 tu
1065 2008 1160 2030 nunc
1188 1997 1511 2043 primutnpiiblice
1544 1998 1578 2031 ei
1613 2009 1719 2043 repu-

281 2055 388 2089 gnare
423 2056 497 2078 non
538 2045 728 2085 timueris,
768 2055 842 2078 non
874 2044 1029 2089 amplius
1064 2045 1191 2077 vitium
1230 2055 1333 2077 suum
1365 2045 1546 2078 occultare
1578 2045 1720 2089 quivit,

281 2091 344 2123 sed
369 2090 433 2123 abs
469 2097 505 2124 te
538 2092 609 2124 sibi
643 2090 822 2124 obnoxios
855 2090 1031 2133 puniendi
1069 2091 1216 2124 initium
1249 2090 1377 2123 faciet:
1411 2092 1608 2137 statimque
1644 2097 1719 2126 tre·

279 2137 412 2170 mendo
445 2143 665 2171 sacramento
693 2137 799 2170 dictis
835 2137 943 2170 fidem
976 2137 1163 2170 adstruxit.
1212 2137 1262 2169 Ac
1292 2137 1364 2169 nisi
1405 2149 1511 2183 quam
1547 2138 1722 2171 citissime

307 2194 427 2228 noquo
454 2183 561 2217 modo
587 2185 695 2216 saluti
724 2193 808 2216 suae
833 2185 1017 2228 provisum
1044 2189 1125 2222 eat,
1158 2193 1239 2216 cum
1273 2187 1351 2216 tota
1388 2183 1495 2217 domo
1535 2184 1614 2217 sine
1643 2185 1719 2218 ulla

280 2195 511 2263 dubitatione
538 2230 750 2274 periturum.
800 2230 889 2274 Ergo
912 2230 1100 2264 Chumnus
1125 2229 1210 2263 hine
1243 2240 1317 2262 non
1343 2229 1522 2263 immerito
1563 2235 1721 2265 extrema

279 2281 465 2315 metuens,
498 2276 619 2309 doceri
647 2287 684 2309 se
708 2276 942 2317 obsecrabat,
984 2288 1056 2322 quo
1089 2281 1192 2320 pacto
1230 2276 1441 2320 impendens
1475 2276 1546 2309 sibi
1579 2282 1719 2310 tantum

279 2323 413 2355 malum
442 2325 621 2367 effugeret.
671 2323 765 2356 Tum
790 2323 1047 2367 Apocauchus,
1084 2324 1200 2367 ipsum
1233 2333 1379 2368 quoque
1411 2333 1430 2355 e
1463 2334 1502 2357 re
1537 2324 1719 2367 praesenti

280 2369 370 2412 quid
394 2381 483 2414 opus
510 2370 579 2410 sit,
614 2380 687 2403 non
721 2369 910 2403 difficulter
934 2381 1040 2413 posse
1074 2379 1308 2413 cognoscere3
1343 2370 1478 2415 quippe
1511 2369 1574 2414 qui
1608 2369 1716 2414 vulgo

277 2416 416 2455 maior,
442 2427 508 2449 nec
532 2416 661 2449 stultus
687 2417 752 2456 sit,
781 2417 844 2450 sed
869 2426 950 2450 etun
975 2416 1097 2460 primis
1123 2416 1360 2449 Romanorum
1385 2415 1607 2461 experientia
1629 2427 1716 2459 pru-

278 2459 476 2508 dentiaque
512 2468 634 2496 certet.
684 2462 810 2496 Nihilo
847 2464 969 2496 minus
1005 2462 1295 2501 admoniturum,
1333 2473 1425 2506 quae
1458 2462 1495 2494 in
1527 2473 1600 2495 rem
1637 2461 1715 2495 fore

251 2524 253 2527 .
279 2506 496 2551 arbitretur3
524 2510 594 2541 imo
618 2519 722 2549 vero,
751 2509 828 2541 sine
853 2509 989 2554 quibus
1013 2508 1107 2542 salus
1133 2508 1356 2553 desperanda
1382 2508 1439 2541 sit.
1497 2509 1623 2541 Putate
1646 2517 1712 2540 au-

279 2557 376 2593 tem,
408 2566 481 2588 non
507 2555 607 2589 aliud
631 2556 701 2600 ipsi
725 2556 930 2602 ceterisque
956 2555 1203 2599 profuturum,
1243 2565 1349 2599 quam
1374 2556 1403 2588 si
1433 2555 1582 2599 arreptis
1607 2554 1730 2589 armis·

279 2599 325 2632 ad
354 2600 542 2634 domestici
574 2612 660 2646 opes
691 2601 939 2636 debilitaridas
974 2601 1256 2646 frangendasque
1283 2602 1369 2634 totis
1398 2601 1537 2634 viribus
1572 2601 1712 2636 incum-

277 2644 376 2678 bant.
426 2647 501 2679 Hoc
525 2648 562 2680 in
596 2648 746 2690 prociivi
771 2659 847 2681 esse
868 2675 877 2689 ‚
913 2648 939 2680 si
976 2649 1201 2692 imperatrice
1235 2648 1353 2686 adita,
1390 2652 1427 2680 et
1458 2640 1722 2679 benevoientia'

277 2702 359 2737 erga
393 2693 505 2737 ipsam
546 2694 735 2739 filiumque
774 2696 1032 2738 imperatorem
1063 2694 1250 2733 simulata,
1298 2705 1374 2726 eam
1411 2697 1635 2736 permoveat,
1671 2698 1712 2726 ut

279 2748 358 2771 eum
382 2750 446 2783 pro
480 2739 581 2773 hoste
612 2746 650 2773 et
683 2740 902 2776 insidiatore
936 2741 1065 2779 ducat,
1106 2740 1285 2785 addatque
1322 2751 1358 2773 se
1396 2739 1484 2772 haec
1518 2750 1580 2783 pro
1615 2743 1712 2772 certo

278 2784 456 2820 audivisse
485 2791 521 2820 et
545 2796 622 2820 csse
647 2786 761 2820 scelus
787 2799 866 2822 nou
899 2786 1105 2827 ferendum,
1146 2797 1255 2832 seque
1279 2786 1386 2820 malle
1415 2796 1494 2819 cum
1525 2786 1609 2820 filiis
1639 2785 1713 2819 suis
