1800 3132
296 187 408 253 324
821 201 1190 245 CANTACUZENI

99 317 178 351 A.C.
194 318 277 362 ¹34²
289 302 550 360 Ἀνδρόνικον
576 301 648 345 τὸν
674 301 864 357 γαμβρὸν
893 302 1143 356 βουλόμενον
1169 303 1344 354 βασιλέα
1365 300 1582 354 Ῥωμαίων
1610 301 1712 343 ἄπο-

291 373 477 427 φαίνειν,
518 370 590 409 καί
616 370 791 420 βασιλέα
821 366 969 423 εἴργειν
999 363 1347 420 Καντακουζηνὸν
1373 368 1446 408 καί
1471 366 1527 421 μὴ
1556 369 1628 423 ε’ᾆν
1653 369 1712 415 εἰς

290 434 367 489 τὴν
388 435 604 486 Ῥωμαίων
635 429 863 486 ἐπανήκειν,
893 431 1064 484 κώλυμα
1093 429 1286 482 ἐσόμενον
1312 433 1484 488 γαμβρῷ
1511 430 1611 483 πρὸς
1638 430 1712 485 τὴν

288 496 452 554 ἇρχήν·
510 500 593 538 τῶν
623 491 758 537 ἄλλων
792 495 870 551 γὰρ
910 494 1058 537 οὐδένα
1096 497 1269 537 ἐποιεῖτο
1301 494 1432 548 λόγον.
1487 497 1605 536 τοῦτο
1631 498 1710 548 μὲν

287 559 373 616 οὖν,
405 561 486 604 εἴτε
516 563 684 615 άληθῶς
713 558 899 613 ἐβούλετο
928 560 948 601 ὁ
976 563 1103 613 μέγας
1133 557 1257 611 δούξ,
1299 557 1379 600 εἴτε
1405 558 1485 615 μὴ,
1528 558 1734 615 φανερὸν5

285 630 360 669 ου’κ
389 629 586 680 ἐξεγένετο
604 659 617 678 ‚
655 627 730 666 τοῦ
770 625 866 680 περὶ
889 628 1023 667 ταῦτα
1052 626 1372 676 διακονουμένου
1400 628 1471 666 καί
1494 623 1546 666 τὰ
1576 624 1711 679 α’πόρ-

284 691 392 748 <ima
415 691 651 739 συνειδότος
672 693 812 745 Χρέλη
840 688 1038 745 πρότερον
1065 686 1358 737 α’ποθανόντος.
1412 688 1515 744 πρὸς
1538 687 1617 744 γάρ
1638 689 1711 731 τὸν

281 758 539 811 Ἀνδρονίκου
568 758 644 797 τοῦ
669 753 856 809 γαμβροῦ
883 757 1038 809 πατέρα
1068 757 1111 796 έν
1141 756 1300 808 Φεραῖς
1327 753 1350 793 ὅ
1379 756 1508 807 μέγας
1530 752 1630 804 δούξ
1656 746 1709 795 τᾶ

281 823 456 864 τοιαῦτα
502 819 572 861 διά
617 835 737 861 τινων
769 823 849 860 τῶν
885 819 1066 871 μάλιστα
1101 816 1383 859 εὐνουστάτων
1420 814 1709 872 ἀπαγγέλλων,

281 886 471 929 κάκείνου
525 887 668 941 Χρέλῃ
723 886 1012 938 διαλεγομένου
1055 886 1152 937 περί
1189 885 1419 924 Μελενίκον
1459 884 1761 938 διατρίβοντιῐο

281 951 354 993 καί
381 952 434 991 δι’
465 952 620 991 ἐκείνου
650 947 722 997 τὰς
751 947 900 1002 Κράλη
930 948 1211 1001 λαμβάνοντος
1236 947 1480 1001 α’πολογίας,
1525 942 1650 997 αὖθις
1681 945 1705 988 ὅ

234 1035 267 1069 Ῑ)
283 1017 411 1069 μέγας
449 1012 546 1064 δούξ
583 1011 835 1056 ἐπυνθάνετό
874 1028 918 1054 τε
946 1014 1041 1065 περὶ
1068 1008 1125 1054 ὧν
1152 1014 1296 1063 ἐδεῖτο,
1328 1013 1399 1052 καί
1425 1011 1502 1054 ὅσα
1527 1010 1577 1067 ἦν
1601 1007 1705 1053 κατά

275 1078 442 1135 γνώμην
477 1074 603 1126 αὖθις
643 1079 892 1130 ἀπεκρίνετο.
963 1076 1133 1131 Κράλης
1162 1078 1208 1118 δὲ
1236 1076 1292 1125 ὥς
1320 1072 1487 1131 άληθῶς
1513 1076 1707 1131 τοιαύτην

276 1145 558 1197 διεβεβαιοῦτο
599 1140 702 1196 πρὸς
742 1140 1085 1197 Καντακουζηνὸν
1121 1139 1193 1182 τὸν
1219 1141 1395 1195 βασιλέα
1423 1141 1500 1196 τὴν
1525 1140 1706 1196 μεγάλου

275 1207 425 1257 δουκὸς
467 1205 636 1257 ἆξίωσιν
666 1203 797 1258 εἶναι,
839 1209 911 1247 καί
936 1204 1189 1260 ἐβουλεύετο,
1221 1203 1296 1258 ὁ’,τι
1328 1207 1414 1246 δέοι
1443 1206 1546 1262 πρὸς
1573 1210 1756 1253 rafim&

274 1270 601 1328 ἀποκρίνεσθαι,
647 1269 843 1326 βασιλεύς
879 1287 921 1312 τε
958 1269 1016 1324 μὴ
1047 1270 1220 1311 κωλύειν
1250 1272 1559 1324 συνεβούλευεν,
1593 1272 1698 1314 ἄλλά

271 1341 430 1391 μᾶλλον
461 1338 532 1377 καί
558 1334 856 1390 συμπράττειν,
884 1336 951 1376 ἵνα
978 1338 1135 1388 μᾶλλον
1163 1334 1185 1374 ὅ
1215 1337 1313 1388 περὶ
1339 1334 1467 1377 αὖτ’ὁν
1491 1335 1700 1378 Ἀποκαύ-

273 1418 347 1444 κου
389 1401 544 1457 φθόνος
589 1403 737 1455 γίνοιτο
766 1400 968 1456 φανερὸς,
1023 1401 1096 1442 καί
1131 1401 1188 1450 ὦς
1226 1397 1301 1441 οὐκ
1338 1400 1476 1456 εὐνοία
1522 1402 1572 1456 τῇ
1599 1399 1700 1459 πρὸς

147 1468 472 1531 νο4α5βασιλίδα
501 1468 572 1507 καί
597 1467 771 1519 βασιλέα
801 1465 869 1507 τὸν
901 1465 995 1507 υἱὸν
1023 1464 1097 1506 τὸν
1126 1463 1331 1519 ἐμφύλιον
1350 1467 1477 1518 κινοίη
1496 1463 1702 1517 πόλεμον,

277 1532 365 1573 ἀλλ’
405 1527 514 1587 αὐτῷ
550 1529 622 1583 τήν
653 1529 873 1581 Ῥωμαίων
908 1533 952 1570 ἑκ
995 1528 1146 1577 παντὸς
1187 1526 1334 1583 τρόπου
1365 1527 1752 1582 περιποιούμενοςαο

188 1622 211 1637 «v
275 1596 508 1651 ἡγεμονίαν.
562 1593 738 1652 Κράλης
766 1597 843 1646 μὲν
869 1589 943 1635 οὖν
972 1590 1060 1646 ἅμα
1087 1597 1256 1646 βασιλεῖ’
1275 1595 1331 1649 τῷ
1358 1595 1704 1651 Καντακουζηνιῇ,

275 1662 321 1702 ἐν
347 1665 432 1708 τοῖς
452 1655 680 1713 Ἀλμυροῖς
707 1660 1127 1714 προσαγορευομένοις
1153 1657 1316 1706 λάκκοις
1335 1658 1702 1712 ἐστρατοπεδεύετο

274 1724 411 1767 ἐλθών
450 1726 523 1766 καί
568 1724 780 1778 περιέμενε
826 1722 898 1765 τὸν
929 1725 988 1773 εἰς
1027 1723 1278 1780 Ἀμφίπολιν
1303 1724 1379 1765 τοῦ
1395 1721 1575 1777 μεγάλου
1604 1725 1700 1766 δου-

374 1825 424 1858 ι6.
451 1825 650 1869 κρίνεσθαι
675 1823 709 1856 Ρ.

278 1903 398 1936 nicum
427 1901 694 1945 palaeologum,
740 1910 907 1944 generum
933 1909 1057 1942 sunm,
1091 1900 1337 1945 imperatorem
1365 1898 1564 1940 declarare,
1589 1902 1696 1935 armis

279 1949 494 1993 impediret,
528 1951 565 1980 et
596 1948 884 1980 Cantacuzenum
918 1956 1079 1979 coercere
1116 1957 1182 1979 nec
1213 1949 1250 1978 in
1283 1946 1517 1977 Romanorum
1549 1947 1697 1990 provin-

279 1995 371 2027 ciam
400 1995 530 2027 reverti
553 1994 688 2025 sineret
708 2017 717 2032 ‚
741 1991 1001 2036 impedimento
1027 1993 1196 2026 videlicet
1220 1992 1375 2026 futurum
1400 2002 1529 2034 genero
1556 1992 1600 2024 ad
1626 1994 1697 2026 im-

278 2041 443 2085 perium:
473 2040 562 2072 alios
587 2038 683 2071 enim
708 2041 807 2082 parvi
829 2037 1017 2081 pendebat.
1065 2039 1140 2071 Hoc
1167 2043 1283 2071 utrum
1306 2047 1450 2081 magnus
1476 2038 1546 2069 dux
1574 2049 1696 2073 revera

280 2086 512 2125 desiderarit,
547 2096 613 2118 nec
648 2095 717 2124 ne,
763 2083 891 2116 Cin-ele
934 2086 971 2116 in
1013 2083 1080 2117 hoc
1123 2083 1365 2117 subserviente
1405 2089 1694 2130 secretorumque

280 2133 422 2166 conscio
449 2132 548 2176 prius
571 2135 732 2169 mortuo,
757 2129 1017 2173 incompertum
1046 2131 1185 2163 mansit.
1231 2129 1322 2162 Patri
1347 2129 1481 2172 quippe
1502 2129 1694 2164 Andronici

281 2179 402 2223 generi
427 2177 555 2212 Pheras
579 2186 722 2220 magnus
749 2175 822 2208 dux
847 2175 933 2209 talia
956 2186 1020 2219 per
1044 2175 1213 2222 quosdam
1238 2175 1469 2207 amicissimos
1506 2177 1691 2218 nuntians,

281 2234 397 2269 eoque
431 2234 510 2256 cum
542 2222 690 2261 Chrele,
723 2224 787 2265 qui
811 2221 908 2266 apud
945 2221 1158 2255 Melenicum
1190 2220 1379 2259 manebat,
1417 2226 1542 2263 agente
1569 2227 1605 2255 et
1628 2233 1692 2266 per

281 2270 384 2302 illum
420 2269 534 2303 Cralis
570 2278 739 2312 responsa
774 2269 991 2313 accipiente,
1037 2278 1172 2301 rursum
1202 2277 1345 2310 magnus
1378 2264 1450 2298 dux
1475 2278 1566 2310 quae
1600 2278 1689 2312 opus

279 2320 359 2348 erat
389 2314 649 2357 interrogabat,
691 2318 727 2346 et
761 2313 822 2346 ille
862 2325 954 2358 qnae
987 2314 1154 2352 sentiret,
1195 2311 1312 2344 denuo
1348 2312 1595 2354 respondebat.
1646 2315 1691 2347 Ut

278 2366 398 2394 autem
425 2360 644 2393 confirmavit
669 2358 812 2400 Crales,
838 2370 1002 2404 magnum
1027 2360 1150 2393 ducem
1175 2362 1296 2390 contra
1325 2358 1568 2401 imperatorem
1593 2359 1687 2393 Can-

277 2411 488 2439 tacuzenum
531 2417 612 2439 vere
653 2407 745 2438 istuc
768 2411 910 2450 petere,
937 2410 974 2437 et
996 2405 1084 2448 quid
1107 2402 1392 2447 respondendum
1421 2410 1514 2438 esset
1538 2407 1687 2450 quaesi-

276 2454 348 2492 vit,
371 2454 562 2496 imperator
585 2451 745 2484 hortatus
771 2456 844 2490 est,
872 2456 913 2484 ut
937 2462 973 2484 se
998 2451 1042 2483 ab
1068 2450 1131 2483 illo
1161 2449 1340 2481 conveniri
1374 2455 1578 2493 pateretur,
1613 2463 1684 2497 quo

277 2498 355 2530 eius
392 2498 431 2530 in
463 2508 500 2530 se
537 2496 672 2531 invidia
714 2499 877 2530 testatior
911 2495 1092 2529 evaderet:
1125 2495 1294 2527 nimirum
1327 2507 1404 2538 non?
1432 2495 1686 2530 benevolentia

278 2554 357 2587 erga
385 2544 571 2587 Augustam
597 2549 635 2575 et
661 2544 909 2586 imperatorem
937 2541 1050 2575 filium
1079 2541 1182 2574 civile
1206 2540 1274 2573 hoc
1303 2540 1438 2574 bellum
1472 2541 1518 2573 ab
1551 2554 1593 2576 eo
1626 2543 1684 2575 in-

275 2588 469 2627 flammari,
502 2589 563 2621 sed
599 2594 639 2620 ut
673 2588 743 2621 sibi
775 2599 838 2632 per
869 2589 920 2621 fas
952 2593 990 2620 et
1022 2587 1122 2620 nefas
1156 2587 1345 2630 imperium
1371 2588 1581 2631 acquireret.
1631 2588 1683 2628 Ita

275 2633 395 2666 Crales
421 2644 491 2665 una
516 2646 594 2667 cum
621 2633 866 2668 Cantacuzeno
889 2633 935 2666 ad
960 2632 1076 2665 salsos
1103 2633 1197 2665 lacus
1219 2658 1227 2672 ‚
1249 2638 1289 2665 ut
1311 2633 1550 2677 appellantur,
1578 2635 1684 2667 veni·-

270 2690 357 2719 ens,
389 2684 500 2711 castra
535 2680 639 2718 facit,
671 2681 788 2724 magui
823 2680 921 2712 ducis
954 2679 1140 2723 appulsum
1174 2677 1219 2710 ad
1255 2678 1516 2723 Amphipolim,
1550 2684 1590 2712 ut
1624 2679 1678 2712 ibi

267 2735 350 2759 eum
384 2728 639 2762 conventurus,
674 2730 891 2769 exspectans.
947 2725 1107 2767 Byzantii
1146 2735 1228 2758 vero
1259 2724 1322 2757 alii
1349 2724 1393 2758 de
1424 2725 1615 2758 nobilitate
1640 2729 1678 2759 et

264 2771 332 2807 viri
355 2769 621 2804 honoratissimi
644 2781 662 2803 a
685 2782 811 2815 magno
855 2770 944 2804 duce
964 2771 1267 2804 Cantacuzenismi
1298 2771 1492 2816 postulati,
1523 2771 1676 2805 carceri-
