1800 3132
502 182 882 228 HISTORIARUM
923 186 996 227 111.
1027 192 1096 235 12.
1471 167 1504 224 8
1519 186 1536 221 1

74 290 357 344 καταλέγειν,
406 283 548 328 ἔπειτα
578 287 625 328 δὲ
651 287 726 328 καί
750 285 850 341 περὶ
872 288 1103 342 χρημάτων
1133 286 1404 342 σκεψόμεθα,
1445 283 1738 336 ὅθενΔ.Ο.ι34ι

99 353 323 408 λαμβάνειν
363 354 508 400 αὐτοῖς
546 351 706 402 ἐξέσται
745 350 852 407 πρὸς
877 354 955 394 τοῦ
982 355 1130 395 στόλου
1159 352 1234 408 τήν
1262 353 1548 407 παρασκευήν.

64 452 66 455 ,
99 418 206 475 πρὸς
245 421 292 461 δὲ
329 415 490 466 τούτοις
532 415 607 458 καί
642 415 739 466 τούς
779 418 862 459 τῶν
899 418 1108 472 δημοσίων
1147 415 1293 474 φόρων
1329 416 1541 472 διοικητὰς

100 483 258 539 ἀνάγκη
274 485 496 540 καθιστᾷν,
525 481 594 524 ἵνα
613 481 686 537 μὴ,
722 481 913 531 ἀτάκτως
941 486 1182 539 φερομένων
1209 483 1283 524 καί
1308 483 1365 532 ὥς
1393 481 1533 536 ἔτυχε,
1559 484 1591 517 D

78 548 217 605 ὄλύμη
254 564 318 597 τις
354 547 522 603 γένηται
558 548 659 604 περὶ
689 546 890 604 χρήματα
926 547 980 590 τὰ
1007 549 1146 603 κοινοὶ,
1182 546 1465 591 ἐπιδεδωκότα
1495 547 1547 589 οὕ

100 615 260 669 μικραῖς
297 615 342 655 ἐκ
382 612 623 668 προσθήκης
652 614 731 666 μὲν
759 610 959 667 οὐδεμιᾶς
987 615 1071 655 τῶν
1107 615 1354 668 εἰθισμένων
1382 612 1546 669 φόρων,

101 681 146 729 ἐξ
175 675 330 734 ἑτέρων
357 679 404 720 δέ
430 695 553 720 τινων
580 675 747 734 τρόπων
772 680 847 721 καί
874 679 1079 722 ἐπινοιῶν.
1134 679 1305 722 ἐπειδάν
1336 679 1383 721 δὲ
1409 681 1547 720 ταῦτα

98 747 178 800 τῆς
208 741 494 799 προσηκούσης
522 745 758 797 ἐπιμελείας
785 740 889 801 τύχῃ
925 747 999 786 καί
1012 764 1016 766 ·
1034 747 1278 801 φροντίδος,
1321 745 1545 799 πρεσβείαν

101 811 350 862 διανοοῦμαι
375 809 552 862 πέμπειν
576 803 686 864 4πρὸς
721 807 795 851 τὸν
825 806 1012 864 ἄρχοντα
1047 810 1128 852 τῶν
1162 811 1403 864 Τριβαλῶν,
1450 807 1543 862 ἅμα

52 877 179 929 ῐομὲν
211 876 600 928 κατασκεψομένους
626 873 702 930 τῆν
729 876 888 917 ἐκείνου
929 875 1105 929 δύναμιν
1150 874 1278 930 ὁπόση
1319 874 1409 929 εἴη,
1451 871 1542 927 ἅμα

44 966 49 969 -
97 942 169 994 δὲ,
198 942 238 983 εἰ
263 938 464 995 καὶπρὸς
505 938 732 994 διαλλαγὰς
767 937 943 993 ἑτοίμως
978 940 1091 995 ἔχει,
1130 941 1400 998 χωρήσοντας
1439 939 1545 994 πρὸς

96 1003 325 1054 διαλύσεις.
384 1001 433 1046 οὗ
459 1003 540 1061 γάρ
570 1002 753 1060 ἧγοῦμαι
778 1007 854 1047 νῦν
881 1006 981 1060 ἡμῖν
1006 1010 1258 1060 λυσιτελεῖν,
1299 1004 1393 1057 ἐξὸν
1428 1003 1545 1061 εἰρή-

95 1087 168 1126 νην
203 1070 308 1124 μετὰ
352 1072 436 1112 τῶν
462 1069 729 1126 ὄμορούντων
755 1072 891 1113 ἐθνῶν
919 1067 1056 1125 ἄγειν,
1107 1070 1244 1114 ἑκοντί
1266 1070 1337 1114 τὸν
1364 1070 1543 1123 πόλεμον

95 1135 325 1192 αἱρεῖσθαι.
382 1133 511 1185 αὐτὸς
550 1137 598 1178 δὲ
638 1135 783 1190 ὀλίγας
807 1133 969 1192 ἡμέρας
992 1138 1214 1195 Βυζαντίῳ
1243 1138 1541 1191 ἐνδιατρίψας,

38 1200 238 1247 swa-ma
278 1199 326 1243 τὸ
369 1199 684 1257 μισθοφορικὸν
727 1203 803 1256 τῆς
840 1206 1043 1257 στρατιᾶς
1083 1206 1155 1245 καί
1187 1205 1268 1245 τῶν
1296 1203 1343 1243 ἐκ
1371 1203 1543 1256 χωρίων

87 1265 172 1315 τὰς
206 1265 440 1322 προσόδους
478 1264 661 1320 ἐχόντων
687 1266 784 1316 τούς
811 1269 1123 1323 δυνατωτέρους
1150 1264 1430 1323 παραλαβών,
1473 1265 1530 1314 ὥς
1542 1268 1578 1305 Ρ.
1604 1269 1673 1306 358

93 1333 166 1374 καί
203 1335 276 1387 τῆς
313 1330 508 1387 ἑσπερίου
545 1334 744 1387 στρατιᾶς
780 1335 1076 1387 συνεσομένης,
1122 1332 1227 1388 πρὸς
1263 1331 1442 1387 ἑσπέραν
1467 1334 1544 1373 τοῦ

94 1400 299 1452 χειμῶνος
335 1399 592 1451 βαδιοῦμαι,
633 1404 720 1446 τοϊς
746 1393 888 1448 ἄλλοις
918 1400 1149 1454 ἐπιτρέψας
1177 1397 1280 1440 οἴκοι
1310 1397 1539 1452 διατρίβειν

95 1462 168 1504 καὶ
184 1462 579 1518 παρασκευάζεσθαι
597 1461 704 1518 πρὸς
729 1461 808 1517 τὴν
836 1463 1068 1518 στρατείαν,
1100 1463 1157 1512 ὥς
1185 1460 1274 1516 ἅμα
1295 1459 1370 1517 ἦρι
1391 1463 1539 1514 ἐσομέ-

43 1543 184 1582 ιιονης.
236 1526 309 1568 καὶ
327 1526 557 1580 Ἀλβανοὺς
591 1527 687 1577 τοὺς
715 1528 813 1581 περὶ
838 1528 1098 1584 Πογονιανὴν
1126 1531 1197 1571 καί
1225 1528 1442 1582 Λιβίσδαν
1470 1543 1538 1568 νε-

95 1593 300 1645 μομένους
337 1589 581 1647 ληϊσάμενος
623 1593 696 1634 καί
732 1596 849 1642 δίκας
887 1596 960 1649 τῆς
999 1595 1162 1644 α’δικίας
1200 1594 1384 1646 ἐπιθεὶς,
1416 1593 1538 1648 (ἴστε

54 1688 58 1690 »
94 1655 174 1712 γὰρ
205 1656 339 1711 δήπου
378 1656 452 1698 καί
489 1653 632 1710 αὖτοί,
675 1658 733 1706 ὥς
763 1661 836 1699 καί
860 1657 1074 1713 περιόντος
1101 1659 1305 1712 βασιλέως
1332 1659 1405 1700 καί
1429 1658 1536 1710 μετὰ

93 1720 172 1776 τὴν
207 1724 363 1765 ἐκείνου
403 1721 594 1778 τελευτήν
625 1721 758 1766 πολλοὶ
792 1722 867 1774 τὰς
893 1726 967 1778 τῆς
1004 1724 1275 1780 Ἀκαρνανίας
1303 1720 1442 1772 πόλεις
1466 1724 1539 1764 καὶ

203 1849 231 1873 1·
258 1837 456 1884 συλλέγειν
480 1836 528 1873 Μ.
551 1846 619 1885 mg.

93 1951 154 1978 ves
200 1954 367 1989 reparare
409 1950 609 1991 nautasque
656 1958 698 1980 ac
743 1944 878 1982 milites
924 1943 1118 1995 colligere,
1169 1943 1233 1994 qui
1279 1943 1531 1983 conscendant.

93 1991 218 2024 Postea
249 1989 288 2025 et'
318 1991 363 2024 de
397 1993 552 2036 pecunia
585 1992 812 2036 videbimus,
842 1995 938 2028 unde
976 2007 1017 2029 ea
1052 1998 1091 2029 in
1126 1996 1275 2029 classem
1311 1995 1532 2040 suppeditet.

94 2036 240 2070 Adhaec
265 2038 490 2083 vectigalium
515 2038 743 2083 publicorum
767 2047 948 2075 curatores
973 2053 1118 2076 necesse
1146 2043 1214 2075 erit
1237 2042 1440 2083 declarare3
1466 2046 1533 2080 ne,

95 2084 126 2116 si
150 2084 298 2117 confuse
322 2095 363 2116 ac
386 2085 536 2119 fortuito
562 2086 773 2130 capiantur,
815 2099 919 2133 grave
954 2089 1123 2122 damnum
1157 2089 1296 2121 aerario
1323 2088 1532 2132 iniungant:

96 2129 194 2175 quod
218 2129 364 2176 quidem
390 2132 490 2164 nulla
515 2137 766 2166 consuetorum
791 2137 994 2168 accessione
1029 2134 1272 2176 tributorum,
1309 2145 1429 2167 verum
1452 2133 1532 2166 aliis

93 2176 211 2209 modis
234 2181 270 2208 et
294 2177 432 2211 artibus
456 2178 687 2213 vehementer
709 2181 831 2213 crevit.
880 2181 950 2214 Ubi
975 2182 1084 2222 haec,
1114 2193 1183 2226 qua
1209 2192 1274 2225 par
1298 2186 1368 2221 est,
1394 2179 1531 2212 seduli-

95 2227 169 2256 tate
192 2222 495 2270 solicitudineque
520 2225 682 2259 confecta
706 2226 863 2267 fuerint,
897 2228 1032 2272 legatos
1065 2228 1111 2260 ad
1145 2227 1390 2262 Triballorum
1424 2237 1529 2270 reg-u-

93 2269 169 2303 lum
191 2270 343 2303 mittere
362 2270 404 2304 in
424 2272 544 2304 animo
569 2271 707 2306 habeo:
746 2274 810 2319 qui
833 2275 941 2308 simul
966 2276 1043 2308 eius
1070 2275 1162 2307 vires
1188 2279 1225 2306 et
1246 2274 1366 2318 copias
1404 2273 1530 2316 explo-

94 2321 194 2349 rent:
229 2317 354 2357 simul,
398 2317 427 2349 si
465 2328 485 2349 a
520 2319 815 2352 reconciliatione
848 2331 921 2353 non
955 2320 1168 2361 abhorreat,
1209 2331 1333 2364 pacem
1374 2331 1451 2352 eum
1490 2330 1531 2352 eo

94 2368 322 2407 componant.
382 2363 473 2395 Nam
509 2376 606 2397 nunc
644 2365 790 2411 quidem
831 2368 990 2401 rationes
1022 2373 1166 2400 nostrae
1206 2379 1277 2400 non
1311 2366 1454 2406 ferunt,
1491 2371 1534 2398 ut

94 2408 250 2442 arbitror
266 2433 275 2449 ,
301 2410 445 2454 quando
470 2410 509 2444 in
531 2422 620 2455 pace
645 2422 723 2444 cum
748 2413 911 2446 finitimis
937 2414 1105 2458 gentibus
1138 2414 1257 2447 vivere
1291 2413 1394 2453 licet,
1436 2412 1530 2445 ultro

91 2454 232 2488 bellum
271 2455 475 2499 deposcere.
529 2456 599 2490 Ubi
629 2458 853 2504 aliquamdiu
879 2461 1040 2503 Byzantii
1075 2460 1200 2500 suero,
1236 2458 1368 2492 deinde
1396 2458 1529 2492 milites

92 2501 332 2534 mercenarios
377 2508 414 2535 et
444 2503 507 2548 qui
553 2514 597 2537 ex
626 2506 928 2548 possessiunculis
970 2505 1157 2540 uberiores
1191 2505 1339 2550 capiunt
1373 2505 1530 2543 reditus,

93 2558 297 2588 assumens,
322 2548 537 2582 occidentali
563 2551 710 2595 insuper
734 2553 892 2586 exercitu
912 2564 1098 2586 accessuro
1113 2578 1122 2592 ‚
1155 2551 1274 2585 hieme
1296 2551 1334 2585 in
1360 2550 1530 2585 occiden-

93 2597 167 2626 tem
195 2593 368 2627 movebo:
394 2595 482 2629 alios
506 2596 603 2630 domi
627 2609 772 2630 manere
791 2599 904 2631 sinam
921 2625 930 2640 ‚
955 2604 996 2632 ut
1014 2600 1158 2632 interim
1181 2598 1226 2631 ad
1247 2597 1530 2643 expeditionem,

95 2650 176 2672 cum
199 2651 261 2674 ver
288 2642 494 2685 aperietur,
528 2643 791 2687 suscipiendam
829 2656 865 2678 sc
901 2651 1117 2690 comparent.
1167 2645 1212 2677 Et
1240 2643 1397 2678 Albanos
1434 2644 1528 2676 cirea

92 2685 331 2730 Pogonianam
355 2692 392 2720 et
422 2687 604 2723 Libisdam
629 2691 765 2733 positos
790 2691 1029 2736 depraedatus
1059 2696 1095 2724 et
1120 2691 1269 2725 iniurias
1293 2691 1338 2725 ab
1363 2690 1415 2723 eis
1440 2701 1524 2733 per-

93 2738 236 2766 secutus
271 2733 400 2776 (nostis
436 2735 531 2768 enim
558 2736 684 2781 utique
708 2747 769 2770 vos
798 2739 906 2771 ctiam
923 2763 932 2777 ‚
968 2730 1162 2782 quomodo'
1184 2736 1303 2771 adhuc
1331 2738 1523 2781 superstite

93 2779 308 2822 imperatore
337 2784 373 2812 et
398 2786 481 2825 post
503 2782 582 2816 eius
615 2782 755 2818 obitum
780 2784 886 2819 urbes
913 2783 1134 2819 Acarnaniae
1166 2785 1367 2829 complures
1397 2787 1434 2815 et
1456 2783 1524 2816 Ba·

141 2845 409 2881 cantacuzenus
428 2846 479 2899 χΙΙ.
1236 2853 1261 2886 6
