1800 3138
509 171 884 214 ms‘ronmmm
923 173 996 213 111.
1026 171 1092 216 36.
1410 173 1441 208 2
1453 171 1520 228 ¹9

96 271 318 331 ὅςῖῥωδῶν,
346 269 425 312 ὕπὸ
455 272 805 326 Καντακουζηνσῦ
833 272 910 312 τοῦ
929 273 1133 324 βασιλέως
1159 270 1387 325 ἐθελήσωσι
1412 271 1610 323 pal-Ac
1630 274 1714 322 ¹34²

95 342 166 379 λον
197 332 405 391 ἄρχεσθαι
433 333 460 390 ἢ
488 335 660 378 ἐκείνου.
687 338 779 377 ἐπεί
807 338 853 377 δὲ
883 335 1122 389 ἀξιώματός
1151 352 1195 377 τε
1222 335 1408 388 μείζονος
1426 336 1561 378 ἐπε-Ι)

95 400 245 455 λάβετο
274 401 348 442 καί
370 400 444 443 τόν
468 401 643 455 πόλεμον
671 397 779 442 εἶδεν
806 401 1045 455 αὐξηθέντα
1073 402 1143 442 ἐπί
1169 402 1288 454 μέγα,
1322 399 1370 442 τὸ
1394 415 1524 455 προσ·

95 474 245 509 ωπεῖον
276 468 554 519 ἀποθέμενος,
599 465 728 515 αὐτὸς
779 465 913 507 πάντα
942 462 994 521 ἧν
1020 466 1094 507 καί
1121 465 1287 507 πάντων
1315 461 1422 520 ἦρχε
1450 466 1525 506 καί

68 531 293 585 5μειζόνων
325 531 396 573 καὶ
420 532 660 578 ἐλαττόνων.
718 534 766 574 αἳ
790 547 835 573 τε
861 531 938 586 γὰρ
967 531 1050 572 τῶν
1073 530 1302 585 χρημάτων
1328 528 1524 585 πρόσοδοι

96 599 178 639 τῶν
205 599 351 639 κοινῶν
378 595 447 638 ὑπ’
468 598 624 638 ἐκείνου
646 599 866 655 διῳκοῦντο
887 596 960 637 καί
978 593 1136 636 πόλεων
1156 595 1289 650 ιίρχαί
1305 594 1378 636 καί
1395 611 1524 650 στραα

93 665 254 717 τηγιάι,
296 657 356 711 οἷς
382 660 506 710 αὐτὸς
533 663 742 714 ἐκέλευεν,
788 660 972 703 ἐδίδοντο
999 659 1071 701 καί
1096 654 1146 701 εὖ
1171 665 1301 701 ποιεῖν
1328 658 1400 701 καί
1423 655 1523 701 τοῦ-

93 729 256 769 ναντίον
281 726 424 783 κύριος
451 722 524 782 ἦν·
571 729 643 769 καί
676 726 803 770 πάνθ’
838 726 993 779 ὁμοίως
1029 724 1134 780 πρὸς
1174 722 1523 779 Καντακουζηνὸν

92 791 164 835 τὸν
187 795 386 846 βασιλέα,
424 794 502 842 ἓως
537 791 598 835 ἔτι
621 795 752 846 μέγας
778 788 830 847 ἧν
857 793 1117 844 δομέστικος,
1159 790 1359 844 ἡμιλλᾶτο
1386 788 1523 832 πάντα

44 858 335 903 ιοῦπ’ἑκείνου
365 853 543 912 ἄγεσθαι
569 857 829 912 βουλόμενος.
856 854 1038 900 συνιδών
1066 858 1125 909 δὲ,
1151 855 1208 904 ὡς
1227 853 1415 910 ἐπαχθὴς
1434 861 1523 904 τοῖς

89 923 388 978 εὐγενεστέροις
413 921 436 979 ἦ
469 925 626 966 ἐκείνου
659 923 800 966 ἔσεται
833 921 943 979 α’ρχὴ
962 955 976 974 ,
1018 921 1092 964 καί
1118 921 1270 973 δείσας,
1296 918 1354 976 μή
1379 938 1419 962 τι
1448 919 1517 962 διὰ

89 985 245 1043 ταύτην
272 989 342 1030 ὑπ’
371 990 538 1031 ἐκείνων
569 990 877 1046 ἐπιβουλευθῇ,
903 986 1006 1042 ἔγνω
1035 989 1121 1028 δεῖν
1147 985 1301 1035 πάντας
1327 987 1523 1042 διαφθεί-

90 1069 202 1110 ρειν,
231 1053 307 1107 ὥς,
337 1054 377 1096 εἰ
401 1056 475 1109 τῆς
516 1052 682 1110 φαύλης
707 1053 836 1109 τύχης
866 1052 1164 1108 ὖπολειφθεῖεν
1188 1050 1327 1105 μόνοι,
1371 1051 1522 1108 ῥᾳδὰυς
1534 1061 1568 1094 Ρ.
1582 1061 1650 1107 468

89 1120 205 1176 αὐτῷ’
244 1119 349 1175 πρὸς
383 1116 495 1161 ἅπαν
537 1118 710 1171 εἴξοντες
744 1117 792 1160 τὸ
824 1115 1175 1174 προσταττόμενον
1223 1118 1299 1158 οὐκ
1343 1113 1527 1172 ἀνοήτως

44 1187 263 1239 ι5οἰηθείς.
318 1183 392 1226 καί
430 1186 594 1240 πρῶτον
630 1185 708 1239 μὲν
746 1185 828 1226 α’πὸ
857 1186 941 1226 τῶν
969 1185 1063 1225 καθ’
1091 1178 1196 1236 αἷμα
1239 1184 1526 1238 προσηκόντων

91 1251 163 1292 καί
187 1247 369 1303 μάλιστα
395 1253 573 1305 γνησίων
595 1245 743 1306 ἤρχετο
763 1250 1096 1306 Καντακουζηνῷ
1123 1250 1181 1305 τῷ
1206 1251 1397 1302 βασιλεῖ,
1425 1244 1527 1303 ὕλης

90 1330 136 1357 τε
177 1315 367 1369 εὐπορῶν
403 1314 510 1370 πρὸς
545 1315 620 1364 τὰς
653 1313 854 1369 διαβολὰς
892 1314 1072 1356 καὶτῶν
1102 1310 1238 1355 ἄλλων
1275 1316 1433 1367 μᾶλλον
1469 1313 1527 1363 ὦς

91 1380 400 1435 δυνατωτέρους
427 1380 633 1430 δεδοικώς.
690 1379 831 1422 ἔπειτα
861 1381 908 1421 δὲ
945 1378 1019 1421 καὶ
1050 1376 1149 1428 τούς
1190 1373 1357 1428 ἄλλους·
1379 1379 1655 1435 ἒφεξῆςν,377

90 1446 298 1499 μετῆλθε,
326 1445 502 1499 μηδενὸς
530 1445 807 1502 φεισάμενος,
835 1444 882 1487 τὸ
909 1446 1044 1486 δοκεῖν
1069 1445 1172 1499 μὲν,
1202 1440 1267 1486 ὅτι
1294 1443 1427 1502 ψήφῳ
1453 1445 1526 1499 τῆς

40 1507 320 1563 ποσυγκλὴτου
347 1511 502 1564 βουλῆς
527 1514 601 1552 καί
623 1512 842 1564 βασιλίδος
870 1509 943 1552 καί
956 1509 1142 1563 μάλιστα
1164 1507 1431 1564 πατριάρχου
1448 1507 1527 1559 τὰς

89 1574 319 1628 τιμωρίας,
359 1570 420 1624 οἷς
459 1572 509 1617 ἂν
551 1574 816 1630 ἐθελήσειεν,
855 1573 1040 1629 ἐπάγων,
1082 1576 1135 1632 τῇ
1166 1576 1202 1616 δ’
1231 1576 1429 1632 ἀληθείᾳ,
1470 1572 1523 1615 τοὶ

90 1640 292 1681 δοκοῦντα
320 1636 457 1697 ἑαυτῷ
486 1643 631 1682 ποιῶν.
683 1638 760 1694 τὴν
788 1641 835 1681 δὲ
861 1640 1067 1693 βασιλέως
1093 1640 1251 1694 μητέρα
1280 1638 1562 1680 Κοιντακου-Β

91 1705 241 1759 ζηνοῦ,
270 1705 343 1746 καί
365 1705 565 1760 πρότερον
593 1706 638 1747 ἐν
668 1705 932 1761 δεσμωτηρίῳ
960 1704 1376 1757 κατακεκλεισμένην,
1416 1704 1525 1756 μᾶλ-

89 1773 161 1811 λον
186 1769 358 1812 ἐκάκουν
385 1771 615 1827 ἐξεπίτηδες
641 1771 716 1813 καί
759 1770 882 1811 ου’δὲν
907 1766 1017 1818 εἶδος
1042 1766 1173 1824 λύπης
1208 1763 1409 1810 ἀπέλιπον
1434 1769 1524 1810 ε’πι-

90 1925 329 1968 olfacientes,
369 1926 634 1969 Cantacuzeni‚
672 1937 781 1973 quam
810 1927 923 1972 ipsius
957 1926 1148 1972 imperium
1182 1924 1353 1966 mallent,
1390 1923 1456 1958 ubi
1485 1929 1524 1959 et

88 1973 232 2017 gradum
257 1974 548 2008 excellentiorem
580 1978 636 2007 est
659 1979 872 2007 consecutus
908 1977 946 2007 et
978 1972 1115 2007 bellum
1147 1971 1186 2004 in
1224 1972 1339 2004 maius
1378 1976 1524 2005 auctum

87 2018 199 2059 vidit,
223 2021 319 2053 larva
342 2019 531 2064 deposita,
566 2021 683 2054 factus
707 2024 763 2053 est
787 2020 909 2053 omnia
930 2020 1180 2063 maiorumque
1206 2018 1305 2051 iuxta
1327 2027 1368 2050 ac
1399 2017 1524 2050 mino·

88 2076 166 2098 rum
210 2077 325 2099 rernm
360 2066 549 2100 arbitrium
586 2066 836 2112 ditionemque
867 2066 1062 2109 usurpavit.
1123 2063 1212 2096 Nam
1250 2069 1288 2096 et
1320 2063 1524 2096 communia

87 2111 275 2155 vectigalia
302 2111 347 2145 ab
371 2123 414 2144 eo
443 2111 731 2157 procurabantur
754 2117 791 2145 et
814 2111 983 2157 praefecti
1007 2121 1050 2143 ac
1075 2110 1184 2144 duces
1209 2108 1353 2141 urbium
1378 2120 1421 2141 ex
1444 2109 1523 2142 eius

86 2158 274 2191 voluntate
300 2159 534 2202 creabantur3
573 2159 743 2203 beneque
767 2164 805 2192 et
838 2158 933 2190 male
957 2157 1074 2190 facere
1100 2157 1140 2190 in
1171 2156 1270 2188 illius
1293 2166 1400 2188 manu
1426 2159 1523 2199 erat3

86 2213 128 2235 ac
152 2213 215 2247 per
238 2205 358 2237 omnia
380 2204 564 2238 nitebatur
587 2205 716 2239 similis
741 2215 818 2238 esse
835 2203 1081 2237 Cantacuzeno
1106 2202 1224 2236 adhuc
1245 2211 1371 2248 magno
1397 2200 1524 2234 dome·

86 2249 199 2284 stico.
228 2250 323 2283 nihil
346 2261 422 2283 non
445 2262 466 2283 a
490 2262 528 2284 se
557 2252 632 2297 regi
658 2256 767 2296 atque
792 2250 1036 2284 administrari
1060 2248 1280 2283 desiderans.
1329 2246 1399 2280 Sed
1424 2246 1522 2280 enim

85 2295 318 2340 perspiciens,
342 2296 493 2342 imperia
524 2309 589 2331 sua
612 2297 857 2331 nobilioribus
883 2295 1080 2330 iniucunda
1114 2300 1151 2328 et
1174 2303 1323 2328 onerosa
1346 2294 1445 2333 sore,
1466 2293 1522 2326 ti·-

86 2352 284 2386 mensque,
323 2352 370 2376 ne
396 2342 485 2388 quid
510 2343 645 2378 idcirco
670 2343 884 2377 insidiarum
910 2342 982 2376 sibi
1007 2346 1211 2387 pararetur,
1246 2339 1406 2373 omnium
1436 2349 1520 2384 per-

86 2386 287 2422 dundorum
312 2389 500 2422 consilium
526 2391 641 2435 cepit,
673 2395 716 2423 ut
750 2388 906 2423 humiles
930 2389 1000 2422 soli
1024 2387 1164 2427 relicti,
1203 2385 1408 2420 auctoritati
1432 2396 1518 2419 suae

82 2433 126 2467 -in
152 2433 318 2468 omnibus
343 2435 556 2479 propensius
582 2441 764 2481 parerent.
812 2435 887 2469 Nec
908 2441 986 2469 erat
1009 2435 1117 2468 stulta
1142 2433 1324 2476 cogitatio.
1369 2431 1420 2467 Ac
1442 2431 1516 2466 ini·

86 2479 177 2512 tium
204 2480 348 2526 quidem
381 2492 400 2513 a
433 2480 675 2516 Cantacuzeni
709 2481 985 2526 consanguineis
1022 2485 1058 2514 et
1090 2479 1211 2513 amicis
1243 2477 1518 2522 germanissimis

87 2525 212 2559 duxit:
239 2537 318 2559 cum
342 2531 379 2559 et
400 2528 548 2560 materia
574 2528 621 2561 ad
648 2527 941 2562 calumniandum
964 2525 1166 2561 abundaret
1193 2528 1230 2557 et
1262 2535 1323 2557 eos
1350 2529 1391 2558 ut
1421 2533 1518 2567 opu-

85 2571 258 2605 lentiores
290 2572 443 2618 amplius
482 2579 670 2609 metueret,
722 2574 865 2608 Deinde
901 2575 991 2607 alios
1032 2570 1158 2606 ordine
1195 2580 1393 2614 aggressus,
1421 2570 1516 2603 nulli

86 2619 266 2661 pepercit:
293 2620 412 2664 specie
437 2619 604 2663 quidem,
627 2621 733 2666 quasi
758 2620 994 2664 imperatricis
1020 2622 1057 2651 et
1080 2617 1293 2660 optimatum
1315 2616 1392 2649 eius
1412 2626 1516 2660 prae·

87 2663 280 2710 sertimque
299 2665 522 2710 patriarchae
545 2665 688 2701 decreto
703 2692 717 2708 ,
744 2677 904 2710 poenas,
928 2664 1060 2711 quibus
1089 2663 1145 2695 illi
1170 2663 1316 2703 vellent,
1346 2661 1514 2703 inferret3

87 2719 125 2742 re
150 2714 268 2743 autem
292 2712 368 2756 ipsa
395 2711 540 2744 libidini
568 2724 650 2746 suae
682 2713 892 2749 obsecutus,
939 2709 1178 2744 Cantacuzeni
1212 2713 1329 2742 autem
1366 2712 1514 2741 matrem

87 2753 158 2790 iam
183 2762 265 2791 ante
296 2757 335 2792 in
363 2768 538 2793 carcerem
568 2758 754 2796 conditam
788 2759 831 2793 de
867 2757 1042 2792 industria
1077 2766 1203 2790 vexare
1236 2752 1408 2795 instabat,
1446 2763 1514 2787 nec
