1800 3132
523 183 900 227 HlsTORIARUM
940 187 1014 226 ιιι.
1053 187 1096 230 6.
1453 166 1529 234 45

89 303 140 329 τα
167 282 222 328 ἂν
245 283 310 340 εἴη
337 284 677 340 λυσιτελέστερα,
706 279 890 327 ἑλέσθαι.
946 284 1039 340 δοιή
1063 285 1110 327 δὲ
1137 281 1240 334 θεός
1266 279 1440 327 ἑλέσθαι
1471 283 1526 326 τά
1542 293 1625 330 A.C.
1640 295 1725 342 ¹34¹

90 351 255 406 βελτίω.

204 415 253 466 ς’.
312 417 496 458 Τοιαῦτα
532 415 637 472 πρὸς
676 417 877 470 βασιλίδα
902 414 1005 468 μετά
1036 416 1277 473 παρ’ῥησιάς
1303 418 1379 458 τοῦ
1403 414 1534 471 μεγά-
1544 427 1655 472 Ρ.367

93 488 169 525 λου
197 480 442 536 δομεστίκου
470 481 544 524 καί
557 482 690 537 χωρίς
706 497 815 531 τινος
841 480 1206 537 περικαλύμματος
1234 483 1528 536 διειλεγμένου,
1538 496 1658 542 [293

66 547 264 606 5έπῄνεσέ
291 563 336 590 τε
364 547 463 597 τούς
501 546 646 602 λόγους
672 547 745 589 καί
765 545 873 602 αὕτη
887 580 901 600 ,
929 544 987 596 ὥς
1018 547 1067 588 οὗ
1093 549 1281 602 σκληρῶς
1309 548 1409 589 ου’δὲ
1436 566 1539 603 τρα-

92 615 227 668 χέως,
255 610 394 669 ὥσπερ
433 610 804 670 προοιμιαζόμενος
831 609 971 666 εἶπεν,
1009 613 1273 668 εἰρημένους,
1312 613 1402 654 ἀλλ’
1432 614 1537 669 άλη-

93 682 214 730 θείας
249 695 295 722 τε
331 681 559 733 ἐχομένους
593 680 667 720 καί
694 675 962 734 δικαιοσύνης
988 681 1061 720 καί
1086 678 1326 734 παρ’ῥησίας
1353 677 1571 734 apsumi-3

94 761 171 800 σης
199 747 306 804 φίλῳ
336 741 497 801 άληθεῖ.
553 744 651 801 περὶ
687 746 766 798 μὲν
806 739 881 786 οὖν
925 746 1003 786 τοῦ
1039 742 1242 799 πρότερόν
1283 760 1327 787 τε
1353 746 1426 786 καί
1462 746 1538 787 νῦν

95 810 250 865 ὁμοίως
264 810 447 864 μάλιστα
469 806 577 852 εἶναι
596 808 773 852 δυνατὸν
799 811 929 867 αὐτῷ,
959 810 1000 852 εἰ
1024 807 1232 863 ἐβούλετο,
1260 809 1334 866 τὴν
1356 811 1540 863 Ῥωμαί-

1 890 4 891 ’
45 894 154 922 soant
191 875 407 931 βασιλείαν
443 873 584 935 ἑαυτῷ
627 880 883 932 περιποιεῖν,
927 878 1177 931 σαφέστατα
1215 874 1383 919 πάντων
1427 873 1537 930 αὕτὴ

97 944 254 986 εἰδέναι
281 939 498 997 ὡμολόγει.
555 940 656 998 πρὸς
685 940 713 984 ἃ
741 943 788 984 δὲ
815 941 935 997 η’ξίου
962 941 1216 999 ἰσχυρίζετο,
1246 941 1304 990 ὥς
1332 942 1383 983 οὔ
1412 943 1540 993 μόνον

95 1011 258 1062 ταῦτα,
287 1006 393 1065 ἅπερ
420 1003 574 1066 ᾔτησεν
602 1007 732 1058 αὐτὸς
749 1041 761 1062 ,
802 1005 909 1050 α’λλά
935 1009 1008 1049 καὶ
1033 1006 1328 1049 πολλαπλασίω
1356 1004 1542 1061 ἀνασχέ-

96 1078 202 1117 σθαι
241 1075 429 1129 δυνατή·
465 1075 540 1117 καί
575 1073 632 1125 ὥς
670 1076 764 1116 οὐδ’
790 1069 843 1116 ἂν
870 1075 910 1115 εἰ
934 1071 1084 1122 πάντες
1113 1068 1330 1128 ἅνθρωποι
1363 1089 1542 1129 συμφω-

98 1140 298 1196 νήσαντες
328 1145 454 1197 φαῖεν
491 1143 581 1182 κατ’
609 1140 765 1194 αὐτοῦ,
809 1137 1061 1194 δυνήσονται
1086 1137 1241 1194 ταύτην
1277 1140 1394 1195 αὐτῷ
1419 1141 1543 1181 ἐκπο-

47 1209 306 1260 ιὸλεμῶσαι,
355 1207 448 1247 ἀλλ’
486 1201 663 1248 ἄθικτον
703 1206 818 1264 αὐτῷ
843 1227 845 1229 ·
867 1204 941 1247 καὶ
985 1204 1188 1260 ἀκεραίαν
1235 1202 1409 1259 τηρήσει
1467 1203 1544 1259 τὴν

100 1275 273 1328 φιλίαν,
300 1273 343 1315 εἰ
366 1271 426 1327 μή
454 1279 505 1315 τι
524 1269 625 1314 ἄλλο
639 1306 652 1325 ,
682 1271 791 1314 α’λλά
819 1274 903 1314 τῶν
920 1286 967 1326 γε
995 1271 1202 1324 βασιλέως
1228 1267 1359 1324 λόγων
1386 1284 1546 1324 μεμνη-

97 1340 234 1394 μέμη,
263 1333 298 1397 ᾧ
323 1337 521 1389 πολλάκις
548 1337 710 1394 εἴρηται
736 1339 836 1394 περὶ
863 1339 1021 1391 αὐτοῦ’,
1061 1335 1118 1385 ὥς
1156 1335 1246 1376 οὔδ’
1286 1331 1338 1376 ἂν
1364 1336 1404 1376 εἰ
1426 1336 1586 1391 ξίφοςα

99 1402 366 1457 σπασάμενον
395 1406 482 1446 κατ’
511 1404 649 1446 αὐτοῦ
675 1406 895 1459 χωροῦντα
922 1402 980 1452 ὥς
1007 1398 1312 1444 ἇποκτενοῦντα
1339 1399 1407 1457 ἴδῃ
1426 1433 1439 1452 ‚
1457 1401 1548 1441 οὐδ’

104 1467 214 1511 οὕτω
244 1467 498 1526 δυνήσεσθαι
527 1468 660 1512 αὐτὸν
685 1471 885 1526 μισῆσαι,
912 1466 1024 1511 ἀλλὰ
1047 1465 1123 1523 τήν
1149 1465 1244 1521 ἴσην
1271 1460 1439 1508 εὔνοιαν
1468 1465 1549 1506 αὕ-

47 1535 168 1591 2015,
185 1537 258 1577 καί
274 1535 420 1577 τούτου
441 1535 748 1591 πεπραγμένου,
769 1535 963 1590 τηρήσειν
980 1535 1053 1575 καί
1069 1533 1230 1589 φιλίαν.
1258 1525 1368 1589 ᾧπερ
1388 1529 1547 1587 ἔφασκε

101 1600 298 1656 χρωμένη
343 1599 581 1658 διδασκάλῳ
627 1600 699 1643 καί
738 1599 843 1656 αὕτη
888 1602 1087 1643 τοσοῦτον
1123 1598 1370 1652 ὖπερέχοντι
1417 1596 1547 1650 αὐτῆς

104 1668 179 1707 καί
213 1668 379 1708 συνέσει
422 1666 496 1708 καί
529 1666 787 1720 πραγμάτων
826 1667 1045 1722 ἐμπειρίᾳ,
1084 1662 1138 1705 τά
1183 1662 1256 1705 ἶσα
1294 1663 1394 1715 περὶ
1419 1661 1553 1703 αὐτοῦ

103 1733 179 1772 καί
202 1728 416 1785 γινώσκειν
443 1731 516 1774 καὶ
542 1731 816 1786 πειράσεσθαι
844 1729 1061 1787 φυλάξειν.
1115 1729 1189 1769 καί
1230 1724 1553 1782 παρεθάρρυνεν

104 1795 259 1850 αὐτὸν,
285 1799 419 1852 μηδὲν
446 1800 545 1853 περι·
571 1799 702 1852 αὐτῆς
729 1793 982 1838 ὑποπτεύειν
1014 1795 1206 1850 ἀγεννὲς,
1226 1793 1318 1835 ἀλλ’
1346 1788 1454 1834 εἶναι
1481 1794 1551 1846 βε-

201 1927 252 1961 ι7.
294 1906 326 1961 ᾦ
348 1915 422 1958 Μ.,
444 1914 495 1953 ὥς
518 1917 556 1950 Ρ.
652 1926 708 1950 20.
735 1915 888 1962 τηρήσει
911 1915 948 1948 Ρ.

108 2022 202 2057 quae
226 2011 516 2046 conducibiliora
540 2011 700 2052 fuerint,
720 2011 864 2056 eligere.
912 2011 1020 2045 Faxit
1042 2013 1164 2044 autem
1187 2008 1286 2043 Deus
1301 2032 1311 2049 ,
1335 2012 1378 2041 ut
1400 2008 1552 2041 meliora

109 2059 235 2104 eligas.

197 2106 232 2140 6.
280 2104 372 2138 Cum
406 2105 459 2137 ita
498 2104 615 2138 libere
646 2105 798 2149 sineque
843 2104 920 2137 ullo
966 2104 1217 2148 integumento
1261 2101 1371 2134 verba
1408 2099 1555 2134 fecisset

108 2162 259 2197 magnus
287 2151 507 2185 domesticus
523 2177 531 2191 ,
555 2152 763 2195 imperatrix
786 2155 827 2183 ut
850 2161 926 2184 non
947 2149 1040 2182 <lura
1066 2162 1107 2182 ac
1132 2158 1256 2193 aspera
1290 2147 1406 2193 (quod
1430 2153 1555 2181 tamen

110 2199 150 2231 in
183 2199 367 2242 prooemio
398 2199 628 2242 promiserat)
670 2196 734 2229 sed
776 2208 860 2230 vera
896 2202 932 2230 et
966 2208 1010 2229 ex
1047 2196 1234 2241 aequitate
1269 2206 1348 2228 cum
1383 2193 1555 2227 libertate

110 2244 226 2278 amico
263 2255 430 2290 germano
464 2244 704 2278 conveniente
741 2244 905 2277 locutum
931 2242 1207 2277 commendavit.
1254 2241 1418 2274 Potuisse
1444 2241 1556 2285 igitur

111 2297 221 2324 antea
263 2297 300 2325 et
342 2301 441 2324 nunc
479 2290 631 2335 perinde
666 2291 895 2335 maximeque
928 2300 1059 2335 posse,
1092 2290 1123 2322 si
1157 2288 1319 2326 luberet,
1356 2287 1556 2319 Romanum

111 2337 296 2383 possidere
321 2337 535 2382 imperium,
561 2337 758 2370 certissimo
783 2337 873 2369 scire
898 2348 936 2370 se
962 2343 1036 2369 n'on
1061 2334 1226 2380 negabat.
1283 2333 1339 2367 Ad
1366 2343 1408 2365 ea
1433 2339 1556 2366 autem

114 2395 210 2429 quae
234 2383 382 2428 petebat
398 2409 408 2424 ,
432 2395 507 2417 non
530 2384 595 2417 illa
621 2383 742 2424 modo,
767 2393 891 2416 verum
914 2384 1030 2417 multo
1055 2382 1160 2426 plura
1186 2380 1363 2414 sustinere
1388 2391 1426 2413 se
1448 2390 1555 2424 posse

114 2428 378 2475 respondebat;
411 2435 448 2463 et
482 2430 644 2475 quamvis
681 2440 803 2463 omnes
839 2430 1009 2462 mortales
1044 2439 1220 2462 consensu
1253 2426 1423 2460 adversus
1449 2427 1554 2459 illum

113 2477 312 2521 garrirent,
346 2487 530 2521 nunquam
565 2477 620 2508 illi
654 2476 832 2509 infensam
859 2476 1077 2516 reddituros,
1103 2474 1168 2507 sed
1192 2473 1405 2507 inviolatam
1431 2474 1555 2505 since-

114 2533 264 2568 tamque
298 2523 494 2555 amicitiam
533 2523 567 2556 ei
603 2525 879 2568 praestituram;
923 2525 953 2566 si
989 2533 1062 2554 non
1099 2525 1248 2566 propter
1272 2520 1397 2560 aliud,
1424 2519 1554 2552 saltem

114 2575 264 2615 propter
288 2580 351 2609 ea,
376 2579 468 2613 quae
493 2580 538 2602 ex
562 2572 779 2613 imperatore
805 2579 1062 2614 saepenumero
1087 2566 1268 2599 audierit:
1293 2577 1361 2599 nec
1381 2566 1411 2599 si
1427 2565 1556 2598 distri-

115 2621 175 2650 cto
201 2627 286 2650 ense
311 2615 349 2648 in
374 2626 410 2648 se
437 2615 626 2649 occidendi
651 2628 758 2649 eausa
781 2621 945 2649 ruentem
971 2615 1128 2653 videret,
1161 2622 1266 2658 posse
1290 2613 1396 2646 illum
1424 2612 1556 2652 odisse,

118 2662 185 2695 sed
221 2662 374 2707 pristina
411 2661 666 2695 benevolentia
688 2664 796 2696 etiam
826 2663 878 2695 sie
902 2662 1174 2705 complexurum
1200 2665 1236 2692 et
1261 2659 1366 2692 amici
1392 2660 1472 2691 loco
1500 2659 1558 2690 ni-

118 2709 197 2742 hilo
231 2710 350 2745 minus
387 2707 608 2746 habiturum,
665 2710 709 2742 Et
734 2708 875 2748 aiebat,
901 2720 940 2741 se
966 2709 1183 2752 imperatore
1208 2707 1388 2748 magistro,
1414 2709 1556 2738 tantum

117 2755 190 2788 sibi
216 2754 411 2799 prudentia
435 2760 472 2787 et
497 2766 563 2788 usu
589 2760 816 2800 praestante,
841 2755 966 2788 eadem
995 2753 1039 2786 de
1062 2753 1129 2786 illo
1157 2753 1292 2786 sentire
1319 2758 1355 2785 et
1379 2751 1456 2784 eius
1491 2750 1557 2782 ad-

118 2800 315 2836 monitioni
339 2800 557 2846 parituram5
579 2802 888 2847 confirmabatque
913 2802 1029 2843 illum,
1056 2811 1102 2835 ne
1127 2799 1217 2846 quid
1242 2797 1287 2832 de
1312 2810 1349 2832 sc
1374 2797 1556 2832 abiectum
