1800 3132
287 176 361 234 80
819 193 1188 241 CANTACUZENI

90 302 172 338 ΔΕ.
192 297 347 348 ι34ιὲτι
391 297 526 354 πολλῷ
562 296 721 350 μᾶλλον
767 292 1084 355 ἆναγκαιότερον
1128 302 1200 342 καί
1239 304 1568 359 λυσιτελέστερον
1620 303 1726 361 πρὸς

281 362 356 419 την
386 364 446 411 εἷς
473 362 790 418 Πελοπόννησον
826 366 1047 419 στρατείαν
1087 363 1176 418 ἅμα
1209 362 1284 422 ἦρι
1311 370 1726 423 παρεσκευασμένους

283 427 419 472 ἐδόκει
459 424 567 469 εἶναι
620 430 694 471 καί
734 428 793 484 μὴ
823 432 1046 485 προΐεσθαι
1085 430 1160 473 τὸν
1187 431 1347 486 καιρὸν,
1386 433 1571 488 πράξεων
1596 450 1728 489 παρεα

279 493 460 549 χόμενον
479 491 671 547 μεγάλων
694 494 901 550 ἀφορμάς.
929 497 1000 549 „sl
1023 495 1118 551 γὰρ,
1135 500 1240 539 θεοῦ
1262 500 1608 553 συναιρουμένου,
1628 499 1728 552 τοὺς

280 559 354 614 τήν
370 557 687 614 Πελοπόννησον
705 562 915 610 οἰκοῦντας
944 565 1184 611 Λατίνους”
1212 562 1368 619 ἔφασκε
1393 566 1581 617 ,,γένοιτο
1598 567 1754 620 προσ-5

286 628 455 679 λαβεῖν,
495 624 651 681 ἀνάγκη
684 626 757 667 καί
782 624 882 676 τούς
910 625 986 681 την
1010 627 1205 683 Ἀττικὴν
1232 631 1307 670 καί
1332 631 1541 671 Βοιωτίαν
1569 631 1729 672 οἰκοῦν-

248 706 359 739 Βτας
390 690 661 742 Κατελάνους
690 687 717 747 ἢ
743 690 908 741 ἑκόντας
937 690 1038 747 ἡμῖν
1068 690 1095 748 ἢ
1123 696 1375 747 βιασθέντας
1414 698 1730 751 προσχωρῆσαι.

283 755 433 798 τούτου
473 759 519 799 δὲ
552 760 824 813 γεγενημένου
867 759 940 799 καί
977 760 1049 814 τῆς
1073 760 1291 813 Ῥωμαίων
1329 757 1548 816 ἡγεμονίας
1587 757 1727 816 ὥσπερ

284 824 329 864 ἐν
374 829 459 871 τοῖς
495 820 626 865 πάλαι
666 822 838 879 χρόνοις
874 826 922 866 ἐκ
949 823 1271 881 Πελοποννήσου
1315 827 1443 880 μέχρι
1488 828 1743 879 Βυζαντίου

283 890 484 942 συνεχοῦς
517 890 810 944 γεγενημένης,
852 886 983 940 ἔξεστι
1019 892 1222 948 συνορᾷν,
1267 888 1324 939 ὥς
1351 887 1473 931 οὐδὲν
1501 889 1620 945 ἔργον
1647 885 1782 946 ἦδηῐο

289 951 522 1008 Τριβαλούς
550 970 594 995 τε
623 956 696 995 καί
721 952 815 1004 τούς
843 950 998 1005 ἄλλους
1031 957 1265 1011 περιοίκους
1291 959 1375 998 τῶν
1401 954 1629 1011 βαρβάρων
1656 957 1730 1010 τῆς

280 1015 441 1074 ὕβρεως
483 1020 600 1069 δίκας
636 1020 850 1073 α’παιτεῖν,
893 1016 944 1076 ἧς
983 1022 1276 1077 ἐξυβρίζουσιν
1303 1022 1362 1071 εἰς
1393 1019 1504 1076 ἡμᾶς
1530 1023 1730 1063 τοσοῦτον

279 1079 360 1140 ἤδη
388 1084 554 1141 χρόνον.
610 1083 668 1135 ὥς
688 1081 761 1127 οὖν
786 1088 975 1140 μεγάλων
994 1089 1153 1129 ἐκεῖθεν
1171 1087 1349 1129 ἐλπίδων
1368 1085 1731 1143 ὖποφαινομένων,

280 1149 388 1193 οὕτω
427 1148 626 1206 προσήκει
665 1152 864 1205 πράττειν
902 1149 1006 1194 ὥστε
1036 1151 1096 1210 μη
1125 1151 1196 1196 τὸν
1237 1151 1384 1209 καιρὸν
1427 1151 1538 1208 ἡμᾶς
1575 1153 1731 1207 διαφυ-

279 1222 379 1271 γεῖν.
434 1211 487 1258 οὗ
516 1215 566 1272 δὴ
600 1219 719 1260 ἕνεκα
751 1220 811 1268 εἰς
836 1217 1069 1270 Βυζάντιον
1104 1219 1218 1274 ἡμᾶς
1266 1220 1507 1260 ἐπανελθεῖν
1547 1217 1784 1273 ἦγοῦμαιιὸ

282 1283 375 1324 νυνί
401 1280 635 1338 προσήκειν,
703 1282 920 1337 δυνάμεως
946 1283 1026 1339 γάρ
1060 1284 1158 1340 ἡμῖν
1185 1283 1286 1340 πρὸς
1311 1283 1384 1340 τὴν
1413 1283 1732 1339 Πελοπόννησον

235 1361 263 1395 c
278 1351 404 1402 χρεία
440 1351 659 1404 ναυτικῆς,
701 1348 753 1404 ἣν
782 1351 853 1390 δεῖ
873 1353 948 1390 τοῦ
971 1355 1178 1404 χειμῶνος
1207 1352 1622 1404 παρασκευασθῆναι.
1680 1345 1732 1393 ἂν
1769 1345 1779 1385 ’-

281 1410 355 1455 οὖν
381 1415 536 1456 τούτων
566 1410 846 1469 ἀμελήσαντες
877 1417 975 1468 νῦν,
1004 1414 1262 1469 τραπώμεθα
1294 1413 1396 1471 πρὸς
1423 1413 1498 1469 την
1526 1413 1732 1477 ἑσπέραν,

279 1477 526 1531 νομίσαντες
550 1478 893 1534 ὦςιέπανήξομεν
923 1480 1044 1521 τάκεῖ
1073 1481 1406 1536 καταστήσαντες
1426 1482 1609 1534 ταχέως,
1639 1483 1732 1532 δέος

279 1544 338 1600 μή
380 1544 576 1598 πολέμοις
615 1547 889 1598 ἐμπλακέντες
925 1549 1001 1587 καί
1025 1563 1132 1591 τισιν
1170 1545 1326 1600 ἑτέροις
1367 1546 1608 1600 ἀναγκαίοις
1659 1550 1785 1593 καὶαο

279 1609 337 1666 μὴ
377 1611 623 1666 δυνηθέντες
655 1612 1087 1666 παρασκευάσασθαι,
1127 1611 1422 1661 ἐπανελθόντες
1462 1614 1732 1666 ἀπολέσωμεν

159 1675 366 1735 ν,3ι4τὴν
392 1677 556 1732 πρᾶξιν.
601 1675 674 1719 ἐὰν
705 1677 751 1718 δὲ
780 1677 996 1731 γενώμεθα
1026 1679 1071 1729 ἐν
1096 1678 1315 1734 Βυζαντίῳ
1345 1679 1440 1730 νῦν,
1479 1679 1627 1733 πρῶτα
1653 1681 1732 1733 μὲν

282 1742 525 1798 ναυάρχους
555 1740 866 1798 καταστήσομεν
893 1742 967 1784 καί
993 1741 1247 1798 στρατηγὸν,
1289 1738 1349 1792 οἷς
1382 1743 1552 1798 μελήσει
1580 1741 1657 1792 τάς
1686 1758 1733 1785 τε

283 1809 386 1857 ναῦς
425 1805 711 1860 ἐπισκευάζειν
748 1811 823 1850 καί
847 1807 1028 1863 ναύτας,
1076 1808 1118 1851 οἲ
1142 1808 1410 1864 ἑπιβησονται
1427 1842 1440 1863 ,
1465 1811 1537 1851 καί
1561 1807 1733 1860 ὁπλίτας

376 1909 432 1954 24.
460 1908 520 1953 ἰβή
526 1917 657 1946 σογται
679 1909 715 1944 P.

283 2017 350 2053 est,
376 2011 420 2045 ad
448 2010 718 2056 expeditionem
753 2012 791 2044 in
814 2010 1098 2055 Peloponnesum
1128 2009 1308 2054 principio
1333 2010 1425 2043 veris
1451 2013 1594 2054 paratos
1631 2021 1730 2044 esse:

282 2069 351 2091 nee
375 2069 395 2091 e
422 2057 588 2091 manibus
615 2058 873 2091 dimittendum
898 2062 1060 2101 tempus,
1093 2056 1201 2089 rebus
1240 2056 1422 2099 praeclare
1458 2056 1622 2099 gerendis
1650 2057 1732 2091 ido-

286 2116 407 2138 neum.
458 2105 496 2138 Si
531 2104 627 2138 enim
659 2105 736 2137 Deo
770 2105 989 2142 auxiliante,
1036 2104 1181 2148 inquit,
1206 2103 1492 2146 Peloponnesum
1522 2101 1729 2138 habitantes

284 2152 436 2184 Latinos
479 2150 524 2184 ad
564 2151 756 2194 imperium
786 2150 1075 2189 adiunxerimus,
1126 2149 1235 2182 etiam
1276 2149 1461 2188 Catalaui,
1500 2148 1658 2182 Atticam
1694 2155 1732 2185 et

282 2198 469 2232 Boeotiam
521 2197 744 2237 incolentes,
774 2197 890 2229 velint
932 2196 1072 2236 nolint,
1106 2206 1142 2227 se
1177 2195 1285 2228 nobis
1325 2194 1469 2228 dedunt.
1520 2194 1602 2239 Quo
1637 2197 1730 2231 facto

285 2245 519 2289 Romanoque
557 2244 765 2288 principatu
790 2243 891 2277 velut
919 2243 1006 2275 olim
1032 2253 1052 2274 a
1080 2242 1329 2287 Peloponneso
1366 2241 1575 2284 Byzantium
1611 2243 1731 2276 conti-

284 2296 420 2331 nuato,
455 2291 610 2335 intelligi
640 2293 785 2333 potest,
821 2299 895 2323 non
920 2288 997 2322 fore
1027 2299 1217 2334 operosum
1253 2288 1427 2321 Triballis
1469 2287 1625 2334 aliisque
1657 2289 1732 2323 cir-

286 2336 573 2371 cumiacentibus
601 2336 764 2369 barbaris
799 2347 863 2381 pro
899 2334 1067 2376 iniuriis,
1098 2335 1236 2368 tamdiu
1261 2334 1367 2368 nobis
1402 2345 1481 2367 cum
1509 2338 1607 2368 tanta
1632 2335 1732 2369 inso-

288 2383 404 2416 lentia
433 2383 560 2423 illatis,
584 2383 740 2428 pretium
765 2382 980 2427 persolvere.
1031 2381 1083 2414 Ad
1112 2392 1192 2425 spes
1223 2381 1331 2424 igitur
1363 2380 1601 2425 amplissimas
1642 2381 1731 2416 inde

290 2429 521 2463 sublucentes
546 2429 848 2463 accomodandum
882 2434 937 2461 est
972 2427 1100 2473 agendi
1125 2426 1309 2467 studium,
1348 2438 1394 2461 nc
1434 2427 1572 2462 occasio
1603 2427 1733 2461 elaba-

290 2480 359 2508 tur.
410 2476 488 2520 Qua
516 2476 560 2509 de
590 2486 696 2508 causa
721 2474 928 2520 Byzantium
954 2474 1178 2508 redeundum
1200 2484 1349 2508 censeo:
1376 2474 1422 2507 ad
1444 2473 1732 2518 Peloponnesum

291 2523 388 2555 enim
421 2523 542 2555 navali
577 2528 749 2567 apparatu
791 2521 1014 2566 indigemus,
1052 2527 1088 2554 et
1123 2521 1154 2554 is
1192 2531 1257 2565 per
1289 2520 1446 2553 hiemem
1487 2520 1732 2565 providendus

290 2573 354 2601 est.
404 2568 511 2613 Quod
549 2570 592 2610 si,
631 2569 688 2603 his
731 2568 838 2601 modo
869 2567 1100 2611 posthabitis,
1135 2567 1173 2600 in
1207 2567 1428 2600 occidentem
1464 2571 1730 2607 convertemur,

291 2615 482 2658 opinantes
508 2627 573 2648 nos
599 2615 795 2649 constituto
825 2615 903 2648 illic
945 2625 1060 2646 rerum
1096 2619 1190 2646 statu
1222 2613 1388 2646 celeriter
1422 2622 1646 2652 reversuro-⁴1,
1679 2613 1731 2646 ti-

290 2660 481 2700 mendum,
519 2672 564 2694 ne
591 2661 667 2695 illic
696 2660 795 2695 bello
818 2666 854 2694 et
879 2660 959 2694 aliis
990 2658 1204 2705 quibusdam
1237 2659 1512 2693 necessitatibus
1539 2658 1735 2703 impliciti,

290 2712 373 2752 post
397 2707 571 2748 reditum,
597 2719 678 2740 cum
702 2720 767 2741 nos
797 2708 976 2740 instruere
1000 2707 1269 2752 nequiverimus
1285 2732 1294 2746 ‚
1334 2706 1385 2739 rei
1411 2703 1588 2749 gerendae
1614 2704 1736 2738 facul-

291 2758 403 2787 tatem
443 2755 658 2788 amittamus.
736 2755 800 2787 Sin
837 2753 1000 2797 Byzantii
1038 2765 1134 2786 nunc
1166 2753 1361 2792 fuerimus,
1390 2753 1543 2796 primum
1587 2751 1734 2796 quidem

294 2801 493 2834 nauarchos
518 2806 553 2834 et
578 2801 706 2835 ducem
733 2800 854 2834 classis
881 2798 1148 2845 designabimus
1164 2825 1173 2840 ,
1209 2798 1342 2844 quibus
1378 2808 1481 2832 curae
1514 2798 1583 2830 erit
1608 2803 1644 2832 et
1665 2807 1733 2831 na-
