1800 3138
523 178 899 220 HISTORIARUM
939 181 1011 219 111.
1054 182 1124 226 27.
1431 160 1539 233 169

93 285 263 325 τοιαῦτα
290 282 368 333 μὲν
395 278 645 321 ἕποθειῖισαν
672 281 716 320 ἐν
746 285 831 326 τοῖς
863 279 1014 331 λογίοις
1043 278 1083 320 οἱ
1110 277 1258 321 πολλοὶ
1267 313 1279 332 ,
1323 279 1353 321 οἳ
1379 281 1451 320 καί
1476 279 1575 328 εἰςΑ.
1590 283 1725 329 (3.1341

93 346 266 402 ’ὕστερον
303 347 419 398 ἐξέβη
457 343 560 385 κατὰ
603 342 680 398 τὴν
714 343 903 396 ἐξήγησιν
947 344 1088 385 αὐτῶν
1114 345 1276 398 σχεδόν.
1332 342 1462 392 αΰτὸς
1489 345 1536 385 δὲ

94 410 116 451 ὁ
145 409 344 464 βασιλεῦς
382 408 479 463 περὶ
513 407 584 450 τὸν
614 409 924 461 Διδυμοτείχου
955 408 1156 463 ἀρχιερέα
1185 407 1338 464 πολλὴν
1364 406 1440 463 τήν
1466 409 1536 449 πί-

94 493 186 519 στιν
233 475 343 530 ἔχων
379 474 454 516 καί
479 475 560 516 τῶν
587 471 830 529 κρειττόνων
860 470 917 522 ὥς
943 489 1022 514 τινι
1048 474 1280 528 προσέχων,
1310 471 1378 516 οἷα
1406 472 1457 528 δὴ
1488 475 1535 515 ἐν

66 546 258 590 ὅπολλοῖς
289 541 616 596 ἀποδεδειγμένῳ
643 537 849 593 πρότερον
876 540 997 586 θείας
1020 539 1193 591 χάριτος
1222 539 1295 580 οὐκ
1325 539 1536 593 ἀμοιρεῖν,

88 610 163 661 τῆς
191 607 320 661 αὐτῆς
346 605 505 659 ἡμέρας
531 602 637 656 μετὰ
668 602 745 657 τὴν
777 600 1014 658 ἀνάᾷῥησιν
1041 603 1213 656 πέμψας
1246 603 1350 658 πρὸς
1369 604 1534 655 ἐκεῖνον,

87 673 136 714 τὰ
178 672 424 726 γεγενημένα
465 685 511 710 τε
556 670 732 724 ἐδήλου,
764 667 820 717 ὥς
846 669 963 724 κοινῇ
992 667 1134 725 γνώμῃ
1163 672 1392 710 λυσιτελεῖν
1419 667 1525 724 ἐψη-
1539 671 1658 716 Ρ.438

88 737 273 792 φισμένα
312 737 554 789 τελεσθείη,
601 733 674 775 καί
716 733 940 789 προσάγειν
982 731 1115 787 εὖχάς
1152 736 1238 790 θεῷ
1270 734 1376 788 ὑπὲρ
1408 731 1541 776 azizos?

87 803 236 853 ἐδεῖτο,
264 797 370 842 ὥστε
397 801 593 854 γενέσθαι
631 802 696 842 ἐπ’
739 801 852 857 αὗτῷ
877 798 926 840 τό
958 801 1034 840 τοῦ
1052 800 1155 840 θεοῦ
1183 802 1347 853 θέλημα
1367 799 1413 841 τὸ
1436 800 1538 853 ἀγα-

38 865 171 913 ιοθὸν
211 865 285 907 καὶ
318 863 554 919 εὐάρεστον.
620 868 770 906 τοῦτον
807 863 888 920 γὰρ
926 862 1068 906 εἰώθει
1095 863 1168 906 τὸν
1195 862 1348 918 τρόπον
1375 866 1456 905 τῶν
1484 866 1538 906 τὰ

87 933 263 974 τοιαῦτα
305 933 476 974 δεῖσθαι
516 928 781 986 ἠξιωμένων,
822 930 954 984 εὕχάς
997 929 1102 984 ὑπὲρ
1148 926 1279 971 αὐτοῦ
1311 926 1536 984 προσάγειν

86 1001 187 1056 θεῷ.
248 996 271 1039 ὅ
301 999 341 1038 δ’
369 995 565 1053 ἔφασκεν,
595 997 652 1046 αἷς
679 999 730 1038 ου’
754 996 883 1038 καλὸν
907 996 1016 1050 μετὰ
1050 995 1126 1050 τὴν
1153 999 1305 1051 πρᾶξιν
1331 996 1536 1049 ἀπαγγέλ-

88 1072 192 1109 λειν.
246 1066 451 1122 πρότερον
478 1065 558 1120 γὰρ
589 1067 735 1120 ἐχρῆν,
769 1065 891 1118 ἡνίκα
919 1066 993 1105 καί
1019 1063 1134 1120 αὐτῷ
1160 1079 1203 1104 τι
1227 1064 1308 1104 τῶν
1336 1061 1536 1115 δεόντων,

85 1132 195 1173 θεοῦ
240 1130 448 1183 διδόντος,
492 1137 713 1186 παραινεῖν
751 1130 870 1184 ἐξῆν·
927 1128 1022 1172 νυνὶ
1048 1130 1094 1171 δὲ
1125 1126 1247 1170 οὐδὲν
1274 1123 1302 1181 ἢ
1329 1130 1404 1170 τοῦ
1428 1130 1538 1168 θεοῦ

36 1201 260 1246 ιόδεῖσθαι
299 1195 445 1238 λοιπὸν
486 1197 590 1252 ὑπὲρ
639 1197 722 1238 τῶν
760 1198 875 1252 κοινῇ
916 1192 1240 1236 λυσιτελούντων
1275 1194 1350 1234 καὶ
1389 1191 1537 1234 αὐτοῦ·

82 1262 131 1307 τὸ
162 1261 402 1317 βασιλεύειν
432 1264 477 1304 δὲ
500 1261 742 1314 Ῥωμαίων,
785 1262 859 1302 καί
888 1258 1016 1301 αὐτὸν
1043 1261 1122 1312 μὲν
1153 1260 1320 1311 εἰδέναι,
1351 1258 1407 1308 ὥς
1437 1261 1530 1302 ἐπι-

82 1331 327 1386 ψηφισθείη
357 1327 472 1384 παρά
501 1330 600 1386 θεῷ’.
659 1325 766 1383 πλὴν
797 1328 1059 1382 ἔξοιδήσουσι
1085 1325 1138 1368 τά
1164 1328 1284 1380 χείλη
1313 1325 1442 1380 μήπω
1465 1341 1537 1366 πε-
1556 1332 1582 1363 Β

83 1397 252 1440 πανθὲν
293 1392 339 1438 τὸ
377 1398 502 1437 σῦκον
529 1392 869 1450 καταφαγόντος·
923 1393 1200 1444 αἰνιττόμενος
1225 1395 1270 1435 ἐκ
1299 1394 1376 1434 τοῦ
1402 1398 1669 1447 παρα-Ἷ.354

85 1457 334 1517 δείγματος,
377 1461 433 1509 ὥς
472 1463 640 1508 πολλοῖς
678 1455 881 1514 πρότερον
924 1463 1206 1512 περιπεσεῖται
1235 1455 1442 1507 κινδύνοις
1468 1457 1544 1499 καὶ

34 1533 358 1583 αοπειρασμοῖς.
422 1527 558 1568 θέλων
587 1527 624 1566 δ’
667 1521 806 1579 ὥσπερ
854 1522 927 1565 καί
957 1521 1054 1572 τούς
1094 1523 1308 1572 κινδύνους
1337 1520 1433 1564 ὅθεν
1462 1525 1542 1564 κάκ

94 1595 205 1642 τίνος
231 1591 394 1634 ἔσονται
423 1592 587 1645 δηλοῦν,
617 1587 802 1645 ὁράσεως
826 1605 935 1637 τινος
963 1585 1263 1644 ἀνεμᾴινησκεν
1292 1587 1435 1638 αὐτὸν,
1465 1583 1541 1642 ἧς,

87 1657 157 1701 ἔτι
185 1657 401 1712 περιόντος
432 1656 694 1710 Ἀνδρονίκου
723 1659 801 1696 τοῦ
832 1658 1060 1707 βασιλέως,
1088 1655 1236 1709 ἠξίωτο
1263 1659 1362 1711 περὶ
1386 1658 1470 1697 τῶν
1500 1658 1543 1697 ἐ-

88 1726 296 1777 σομένων.
345 1721 503 1778 ἔφασκε
527 1723 573 1763 δὲ
601 1718 802 1774 βασιλευς
831 1720 854 1761 ὅ
871 1722 959 1768 νέος
989 1719 1154 1775 οὖτοσί,
1185 1719 1253 1773 ὥς,
1285 1717 1347 1761 ἔτι
1377 1719 1542 1776 περιόν-

87 1885 238 1930 eiusque
264 1884 363 1917 iussa
391 1883 509 1917 omnia
532 1882 795 1926 complexuros.
844 1880 1064 1915 Huiusmodi
1102 1892 1146 1915 ex
1182 1882 1238 1916 his
1274 1883 1380 1916 multi
1414 1883 1540 1917 vatici-

85 1931 286 1971 nabantur,
320 1940 418 1975 quae
459 1934 584 1974 postca
612 1933 763 1961 eventus
799 1927 912 1960 ferme
949 1927 1208 1973 comprobavit.
1258 1928 1428 1970 Ceterum
1464 1930 1541 1974 ipse

84 1977 305 2022 imperator,
344 1987 424 2009 cum
464 1974 710 2018 Didymotiehi
743 1973 911 2018 episcopo
948 1976 1103 2008 multum
1142 1975 1323 2007 tribueret
1355 1976 1464 2021 eique
1501 1982 1544 2009 ut

86 2024 209 2057 divino
232 2022 372 2055 homini
396 2023 626 2062 auscultaret,
653 2020 806 2066 (quippe
835 2021 899 2065 qui
925 2021 1016 2055 alias
1041 2021 1166 2055 multis
1202 2023 1241 2055 in
1266 2021 1374 2056 rebus
1399 2034 1472 2055 non
1502 2033 1540 2054 se

82 2070 227 2103 divinae
249 2069 384 2114 gratiae
413 2073 597 2113 expertem
619 2069 954 2111 demonstraverat,)
983 2068 1109 2104 eodem
1127 2067 1186 2100 die
1213 2074 1296 2112 post
1320 2069 1541 2102 creationem

82 2115 130 2148 ad
154 2116 258 2148 illum
283 2116 400 2149 misit=
436 2126 529 2161 quae
557 2116 650 2148 facta
677 2120 819 2154 essent,
847 2116 1030 2148 communi
1055 2116 1257 2154 sententia,
1298 2119 1339 2147 ut
1359 2126 1378 2147 e
1407 2127 1445 2149 re
1469 2127 1544 2160 pu-

82 2162 180 2195 blica
204 2162 347 2195 decreta
374 2162 486 2195 fuisse
515 2162 718 2206 significans
745 2166 781 2193 et
805 2172 954 2204 rogans,
993 2163 1109 2194 Deum
1138 2163 1308 2204 precibus
1337 2163 1409 2194 sihi
1450 2172 1539 2196 con-

84 2209 245 2247 ciliarct,
283 2213 325 2240 ut
355 2209 395 2242 in
423 2219 461 2241 se
498 2211 664 2242 voluutas
700 2209 777 2241 eius
814 2209 909 2242 bona
946 2212 984 2241 et
1015 2209 1110 2242 bene
1135 2207 1287 2252 placens
1327 2209 1448 2249 ficret3
1485 2208 1538 2242 sic

89 2255 187 2288 enim
216 2254 254 2286 in
279 2253 343 2286 tali
367 2255 478 2298 gradu
506 2255 642 2289 locatos
670 2265 792 2298 rogare
817 2256 855 2287 in
882 2267 980 2289 more
1005 2255 1183 2295 habebat,
1228 2261 1267 2288 ut
1291 2256 1430 2288 scilicet
1449 2265 1536 2299 pre·—

83 2312 140 2334 ces
171 2301 247 2334 Deo
273 2311 339 2344 pro
365 2312 402 2333 se
426 2300 655 2337 adhiberent.
697 2301 896 2346 Respondit
919 2303 1069 2336 antistes
1085 2327 1095 2342 ,
1120 2313 1195 2335 non
1225 2312 1301 2334 csse
1326 2302 1533 2346 pulchrum,

82 2347 172 2380 haec
196 2345 268 2378 sibi
292 2352 373 2389 post
397 2347 530 2380 factum
562 2347 749 2392 nuntiari3
793 2350 893 2393 prius
919 2351 1087 2384 nuntiata
1122 2349 1346 2393 oportuisse,
1385 2348 1533 2394 quando

86 2398 124 2426 et
147 2393 242 2436 ipse,
265 2392 363 2438 quod
386 2393 424 2424 in
449 2404 523 2427 rem
552 2399 669 2434 esset,
694 2395 764 2428 Dei
793 2406 964 2429 concessu
992 2396 1186 2428 admonere
1214 2397 1403 2437 potuisset.
1429 2395 1535 2429 Nunc

85 2439 189 2474 aliud
211 2437 306 2471 nihil
330 2450 538 2481 superesse,
577 2452 684 2486 quam
710 2442 828 2486 ipsum
854 2448 892 2475 et
913 2453 1098 2478 commune
1124 2442 1259 2475 bonum
1288 2444 1365 2476 Deo
1391 2443 1534 2487 suppli-

87 2486 178 2518 citer
203 2483 464 2519 commendare.
513 2487 558 2520 Et
584 2498 688 2521 nosse
717 2499 754 2521 se
779 2487 946 2533 quidem,
981 2490 1171 2532 imperium
1197 2490 1393 2523 Romanum
1429 2490 1486 2523 illi
1512 2501 1534 2522 a

87 2531 166 2564 Deo
191 2530 375 2564 decretum
414 2542 511 2566 esse:
555 2539 800 2577 verumtamen
832 2535 934 2568 labra
974 2537 1050 2567 eius
1085 2541 1356 2576 extumescent,
1389 2537 1533 2580 inquit,

90 2578 154 2622 qui
178 2588 283 2609 uvam
313 2576 478 2610 acerbam
513 2579 721 2614 comederit.
773 2580 855 2625 Qua
892 2581 1066 2625 parabola
1099 2582 1239 2622 innuit,
1277 2583 1378 2615 illum
1412 2584 1535 2616 multis

92 2628 178 2655 ante
201 2623 374 2667 periculis
401 2629 438 2656 et
462 2625 728 2659 tentationibus
755 2628 1034 2661 circumventum
1058 2627 1116 2660 iri.
1167 2628 1254 2662 Cum
1280 2629 1390 2662 vellet
1414 2634 1535 2662 autem

93 2669 195 2702 velut
219 2669 287 2702 sub
312 2670 436 2702 oculos
461 2671 662 2712 subiicere,
691 2673 788 2706 unde
814 2678 850 2707 et
873 2685 893 2706 a
918 2685 989 2717 quo
1014 2675 1174 2717 pericula
1201 2675 1265 2707 ina
1290 2676 1535 2715 imminerent,

94 2714 164 2766 yisi
199 2715 382 2748 cuiusdam
420 2717 477 2748 sui
511 2728 705 2752 memorem
742 2720 849 2760 fecit,
895 2730 966 2763 quo
1002 2721 1146 2753 vivente
1180 2721 1296 2755 adhuc
1330 2721 1536 2754 Andronico

97 2761 239 2798 iuniore
278 2772 384 2808 super
413 2761 536 2798 futuro
570 2776 689 2800 rerum
727 2770 822 2800 statu
861 2765 1026 2811 diguatus
1057 2766 1198 2802 fuerat:
1233 2766 1333 2814 quod
1369 2767 1465 2804 hunc
1497 2769 1537 2802 in.
