1800 3146
544 189 921 231 nis'romARUM
961 191 1032 269 ¹¹¹}
1062 189 1130 235 75.
1421 165 1534 241 473

102 295 332 348 σοβέργην,
369 291 655 333 πεντεκαίδεκα
683 290 944 344 προθεσμίαν
981 287 1148 345 ἡμερῶν
1173 286 1279 344 πρὸς
1316 284 1535 339 διάσκεψιν
1547 291 1627 327 A.c.
1646 292 1732 338 1343

103 359 262 407 διδούς.
319 358 472 405 ἐκεῖνος
501 357 549 398 δὲ
590 358 790 412 Φεραίοις
828 371 873 397 τε
901 349 1083 411 ἄρχοντα
1112 353 1285 411 ἐφίστη,
1340 350 1414 394 καὶ
1437 366 1538 407 πρε-

102 426 248 477 σβεώιν
278 421 435 475 ἔπεμπε
472 420 576 477 πρὸς
612 419 815 478 Κράλην,
855 422 927 462 καί
961 420 1245 475 ὖπεμᾴινησκε
1282 421 1365 462 ταῖν
1403 414 1540 472 ὅρκων

101 488 177 530 καί
199 491 281 531 τῶν
307 490 526 543 συνθηκῶν
546 490 627 529 τῶν
647 485 756 543 πρὸς
774 484 917 532 αὐτόν.
951 483 1013 535 οἷς
1032 484 1155 535 αὐτὸς
1173 485 1362 538 ἐμμένων
1375 517 1388 537 ,
1415 483 1536 538 ἠξίου

75 554 288 596 &darec-nov
339 551 398 608 μη
451 551 664 606 διαλύειν,
710 552 802 594 ἄλλ’
842 551 1135 607 ἀφίστασθαι,
1187 551 1382 606 Φεραίων
1421 547 1538 605 αὐτῷ

99 617 510 674 προσχωρησάντων,
540 617 614 660 καί
637 615 743 672 μήτε
770 621 987 671 πολεμεῖν,
1029 617 1134 658 α’λλὰ
1162 618 1234 658 καί
1269 613 1347 658 ὅσα
1378 613 1535 658 δυνατὰ

101 686 379 739 συναίρεσθαι
415 683 548 725 πολλὰ
589 686 888 736 κεκακωμένοις
921 683 1001 724 ὖπὸ
1036 686 1113 724 τοῦ
1139 684 1339 735 πολέμου.
1391 678 1536 731 αὗτοῖς

101 765 147 792 τε
177 751 378 804 Φεραίοις
401 750 572 798 ἐλπίδας
596 747 784 791 ὑπετίθει
808 751 1119 805 χρηστοτέρας,
1148 747 1206 797 ὥς
1231 748 1409 802 τάχιστα
1437 748 1542 803 α’φι-

104 813 276 868 ξόμενος
311 817 409 870 παρ’
436 813 592 864 αὐτοὺς
647 815 721 856 καί
777 814 973 870 προνοίας
1012 817 1085 870 τῆς
1120 811 1295 869 δεούσης
1341 809 1543 864 ἀξιώσων.

56 883 281 923 ιοι-οιαῦτα
307 882 387 933 μὲν
414 882 766 934 ἐπαγγειλάμενος
794 881 995 934 ἐξέπεμπε
1034 881 1264 929 κάκείνους.
1322 878 1361 920 οἱ
1390 880 1437 921 ἐκ
1463 879 1544 920 τοῦ

105 948 376 1000 Μομιτζίλου
406 948 452 988 δὲ
483 947 658 988 οἷπιοῦσι
682 944 955 1000 συντυχόντες
999 944 1097 995 τοὺς
1136 946 1214 998 μὲν
1256 944 1330 987 καί
1362 946 1538 987 συνέλα-

106 1016 180 1067 βον
214 1014 378 1065 αὐτῶν,
422 1009 496 1061 οὓς
532 1009 707 1068 ὕστερον
748 1013 961 1054 ἆπέλυσαν
997 1009 1208 1066 γυμνοὺς,
1257 1009 1296 1052 οἱ
1337 1012 1384 1052 δὲ
1425 1009 1549 1063 μόλις

107 1080 336 1135 διαδρᾶναι
363 1079 633 1133 δυνηθέντες,
663 1073 791 1127 αὖθις
818 1077 923 1132 πρὸς
948 1080 1126 1131 βασιλέα
1153 1077 1368 1132 ἐπανῆκον,
1403 1078 1544 1118 πᾶσαν
1558 1086 1674 1122 Ρ.6ι6

107 1145 380 1193 ἀπολέσαντες
418 1142 669 1199 ἀποσκευήν.
734 1145 803 1200 ἐφ’
840 1140 902 1192 οἷς
941 1139 1047 1197 ἄγαν
1085 1140 1243 1198 ἤχθετο
1282 1141 1306 1184 ὅ
1348 1141 1551 1197 βασιλευς

58 1207 219 1265 κόὄρῶν
259 1208 337 1264 τὴν
377 1207 496 1251 πόλιν
532 1208 888 1261 κινδυνεύουσαν,
916 1209 992 1250 καί
1018 1206 1156 1264 ἐζήτει
1197 1204 1310 1256 ὅπως
1348 1207 1550 1261 ἀμύνοιτο

108 1275 374 1330 Μομιτζίλον
404 1272 639 1329 βλάπτοντα
666 1273 718 1317 τὰ
745 1275 935 1329 μέγιστα.
968 1272 1006 1315 οἱ
1036 1275 1082 1316 ἐκ
1108 1274 1348 1325 Βυζαντίου
1376 1275 1423 1316 δὲ
1450 1290 1550 1328 πρε-

107 1343 285 1396 σβευταί
302 1342 396 1383 ἐπεὶ
418 1340 524 1397 πρὸς
542 1342 743 1395 βασιλίδα
761 1341 979 1395 ἐπανῆκον,
1009 1338 1264 1394 ἀπήγγελλόν
1290 1354 1334 1380 τε
1362 1345 1450 1388 τοῖς
1477 1334 1551 1395 ἔρ-

106 1422 237 1462 χουσι
256 1406 309 1449 τὰ
326 1410 424 1462 περὶ
451 1410 522 1462 τῆς
547 1407 797 1462 πρεσβειάς,
825 1405 899 1448 καί
921 1404 973 1448 τὰ
1001 1404 1107 1461 πρὸς
1134 1404 1398 1460 πατριάρχην
1418 1402 1553 1459 γράμι.

110 1489 226 1526 ματα
274 1474 539 1527 παρείχοντο.
594 1471 634 1514 οἱ
662 1473 710 1513 δὲ
747 1467 926 1526 ἤχθοντο
957 1468 1229 1524 α’ποτυχόνι-ες
1265 1465 1323 1512 ὧν
1362 1468 1554 1523 ἐνόμιζον

58 1539 447 1595 ποκατωρθωκέναι.
502 1534 874 1590 μεταπεμψάμενοι
916 1538 962 1578 δὲ
1003 1535 1076 1577 καί
1112 1537 1413 1591 Χρυσοβέργην
1440 1534 1554 1591 η’ραὶ-

110 1621 214 1658 των,
244 1603 289 1646 εἴ
309 1620 351 1645 τι
376 1605 647 1658 α’παγγέλλειν
676 1601 780 1656 ἔχει.
842 1601 864 1643 ὅ
895 1603 940 1644 δὲ
981 1600 1079 1656 περὶ
1102 1601 1180 1653 μὲν
1205 1603 1278 1654 τῆς
1306 1603 1442 1655 κοινῆς
1469 1600 1551 1657 ἔφη

111 1671 339 1726 πρεσβείας
365 1670 491 1711 ου’δὲν
531 1667 643 1723 ἔχειν
670 1671 794 1710 πλέον
823 1670 907 1710 τῶν
943 1673 1030 1715 τοῖς
1056 1666 1301 1722 γράμμασιν
1327 1668 1554 1722 ἐγγεγραμ-

113 1737 250 1789 μένων
287 1736 558 1790 ἀπαγγέλλειν
582 1766 595 1788 ,
650 1735 738 1792 ἰδίᾳ
775 1735 918 1787 μέντοι
954 1730 1060 1788 πρὸς
1093 1733 1293 1785 βασιλίδα
1321 1730 1466 1786 λόγους
1492 1741 1593 1774 τι-Β

114 1800 191 1851 νὰς
229 1799 365 1855 ἔχειν,
410 1799 482 1850 οὓς
519 1797 743 1855 ἐκελεύσθη
781 1799 959 1854 μηδενὸς
996 1795 1142 1853 ἐτέρου
1183 1797 1409 1853 παρόντος,
1451 1797 1558 1854 πρὸς

62 1863 245 1923 25μόνην
286 1868 446 1922 ἐκείνην
486 1869 635 1922 λέγειν.
690 1865 731 1908 οἱ
756 1867 816 1916 ,δ’
835 1866 1023 1907 ἐκέλευον
1071 1865 1205 1918 λέγειν
1243 1861 1350 1920 πρὸς
1397 1860 1557 1914 αῧτούς

216 1998 268 2032 ¹7·
294 1984 592 2031 ἀπαγγέλλοντες
608 1983 660 2018 M.

119 2088 166 2122 ad
203 2087 478 2122 deliberandum
512 2086 738 2132 praefinitis:
786 2083 871 2116 dein
908 2083 1033 2117 Pheris
1066 2083 1288 2129 praefectum
1324 2082 1492 2126 designat
1524 2087 1562 2115 et

119 2134 261 2169 Cralem
286 2146 351 2179 per
376 2140 535 2168 oratores
562 2133 719 2167 foederis
743 2132 1100 2176 iuramentorumque
1129 2129 1319 2163 admonet:
1354 2140 1392 2162 se
1418 2139 1459 2161 ea
1485 2140 1562 2161 ser-

118 2193 204 2215 vare
228 2181 351 2215 docet:
378 2182 456 2226 ipse
479 2191 525 2214 ne
544 2181 680 2220 violet,
704 2183 827 2224 rogat,
852 2176 915 2209 sed
941 2188 960 2209 a
985 2177 1223 2211 Pheraeorum
1249 2176 1320 2209 iam
1355 2175 1428 2209 sibi
1457 2174 1563 2208 ‹ledi-

119 2232 240 2262 torum
275 2228 544 2272 oppugnatione
585 2226 749 2266 desinat,
783 2229 820 2258 et
843 2223 942 2256 bello
968 2227 1184 2262 attenuatis,
1209 2234 1273 2268 pro
1302 2234 1344 2256 eo
1370 2233 1412 2255 ac
1435 2222 1563 2266 possit,

121 2275 342 2319 opituletur:
368 2273 541 2308 Pheraeos
565 2285 628 2319 spe
654 2273 749 2307 bona
776 2271 928 2315 implet,
971 2271 1056 2303 dum
1083 2283 1120 2304 se
1147 2270 1247 2303 brevi
1273 2269 1319 2303 ad
1349 2280 1409 2302 eos
1431 2274 1565 2302 ventu-

76 2332 82 2336 ·
122 2333 220 2362 rum,
249 2326 286 2354 et
310 2326 489 2366 quatenus
525 2320 732 2365 indigeant,
773 2318 818 2351 iis
845 2319 1093 2351 consulturum
1119 2316 1286 2362 spondet.
1338 2317 1457 2361 Atque
1483 2326 1565 2348 cum

121 2368 191 2402 hac
214 2368 411 2413 sponsione
439 2373 476 2400 et
498 2367 581 2400 illos
606 2367 741 2410 legatos
767 2365 933 2402 dimittit.
956 2365 1148 2398 Momitzili
1174 2368 1293 2396 autem
1317 2363 1451 2395 milites
1476 2361 1567 2395 abe-

123 2415 276 2448 untibus
300 2418 525 2447 occurrentes
549 2419 686 2458 partem
712 2423 837 2446 eorum
865 2417 1040 2455 ceperunt
1059 2423 1098 2445 ac
1123 2409 1231 2444 rebus
1259 2409 1412 2449 ablatis,
1436 2414 1564 2454 postea

123 2461 242 2495 nudos
282 2460 522 2493 dimiserunt:
545 2471 626 2505 pars
652 2461 780 2500 altera,
806 2459 974 2492 omnibus
1002 2459 1140 2492 relictis
1166 2455 1461 2500 impedimentis,
1484 2466 1566 2488 eum

124 2509 186 2542 vix
211 2507 417 2553 effugisset,
445 2506 491 2539 ad
514 2507 769 2551 imperatorem
795 2516 935 2539 reversa
965 2510 1028 2538 est.
1066 2505 1140 2549 Qui
1165 2505 1334 2536 maiorem
1360 2503 1399 2535 in
1416 2502 1567 2536 modum

124 2556 304 2593 irascens,
340 2553 437 2599 quod
471 2554 572 2586 urbis
608 2553 808 2597 periculum
838 2552 1010 2591 videbat,
1046 2549 1227 2596 quomodo
1251 2549 1423 2583 iniuriam
1448 2549 1568 2581 maxi-

125 2612 222 2635 mam
245 2613 266 2634 a
289 2599 489 2634 Momitzilo
514 2606 807 2646 persequeretur,
822 2598 1029 2644 quaerebat.
1079 2597 1266 2641 Byzantini
1289 2596 1399 2639 legati
1422 2595 1468 2629 ad
1490 2596 1570 2628 Au-

127 2653 268 2692 gustam
303 2648 436 2681 reversi
474 2645 709 2680 archontibus
747 2646 966 2689 legationem
1003 2643 1281 2683 renuntiarunt,
1312 2649 1348 2676 at
1375 2653 1419 2675 ue
1456 2642 1569 2675 etiam

128 2694 269 2729 litteras
295 2692 523 2740 patriarchae
548 2692 793 2727 reddiderunt.
822 2691 895 2736 Qui
923 2703 961 2724 se
985 2691 1096 2731 felici,
1123 2701 1231 2735 quem
1255 2699 1356 2734 spera
1384 2695 1458 2729 ant,
1488 2700 1570 2721 suc—

130 2752 230 2776 cessu
259 2742 449 2776 frustratos
475 2739 680 2774 doluerunt.
730 2738 1011 2783 Chrysobergem
1042 2748 1147 2781 porro
1171 2735 1382 2771 advocatum
1410 2736 1570 2768 interro·

132 2793 285 2832 garant,
315 2788 347 2823 si
371 2798 463 2835 quos
488 2786 636 2822 nuntios
658 2787 778 2823 ferret.
828 2784 1028 2831 Respondit
1050 2783 1138 2826 ille,
1164 2783 1209 2819 de
1234 2784 1417 2820 communi
1442 2791 1568 2817 eorum
