1812 3138
299 212 410 267 292
838 207 1206 251 CANTAcanm

105 322 144 357 Δ.
157 320 194 355 C.
212 319 369 364 1342vat
385 311 456 354 τὸν
472 309 565 352 υἱόν
587 308 677 363 ἅμα
693 311 772 363 μὲν
787 309 973 366 γαμβρὸν
990 309 1189 363 ἐσόμενον
1204 309 1390 366 Λιβέρῳ,
1410 306 1499 361 ἅμα
1515 308 1562 348 δὲ
1574 308 1648 348 καί
1661 307 1734 360 τῆς

297 379 494 432 στρατιᾶς
507 377 627 417 ἕνεκα
648 378 724 417 τοῦ
743 375 920 430 θαρῥεῖν
949 373 1076 431 αὐτῷ,
1105 375 1162 423 ὥς
1191 375 1389 416 οὐδέποτε
1412 370 1732 426 ἐπιβουλεύσειε·

294 443 353 498 μη
382 444 521 496 μέντοι
550 439 789 483 παντάπασι
818 443 1046 496 διατρίβειν
1075 442 1173 495 παρ’
1201 439 1362 492 αὐτοῖς,
1392 439 1482 480 ἄλλ’
1513 434 1734 490 ἐπανήκειν

160 515 278 558 V.4=o
293 507 396 564 πρὸς
416 505 561 558 αὕτὸν,
583 507 702 561 ἡνίκα
722 502 775 548 ἂν
792 508 950 560 καλοίη.
978 509 1161 560 Λίβερος
1179 506 1225 545 δὲ
1239 505 1332 545 ἐπεὶ
1348 502 1535 545 α’κούσειε
1554 500 1732 555 βασιλέα

246 582 277 614 D
291 575 560 625 πεπεισμένον
578 573 683 627 πρὸς
700 570 746 614 τὸ
768 570 843 626 τήν
859 573 1014 613 ἐκείνου
1035 573 1247 625 θυγατέρα
1266 567 1381 624 ἄγειν
1396 569 1454 624 τῷ
1471 567 1560 624 υἱῷ,
1580 562 1758 619 novoe-5

281 637 399 681 κύνει
419 655 461 680 τε
488 635 784 692 καίἢσπάζετο
807 637 879 679 τὸν
899 638 1102 689 βασιλέως
1117 634 1240 689 πόδα,
1261 635 1332 675 καί
1351 631 1507 681 πολλὰς
1531 628 1730 684 ὡμολόγει

280 705 460 759 χάριτας
483 704 622 761 ἐκείνῳ
638 719 680 745 τε
695 706 767 758 τῆς
781 704 1018 758 εόεργεσιας
1032 700 1104 742 καί
1117 699 1264 757 Κράλῃ
1281 701 1355 741 τοῦ
1375 698 1732 750 συνεπιλαβέσθαι

282 768 387 824 πρὸς
405 767 452 810 τὸ
476 767 607 822 ἔργον.
662 769 784 810 τοῦτο
812 769 857 809 δὲ
877 765 1012 821 λόγοις
1029 764 1156 819 μόνον
1183 767 1426 808 συνετίθετο
1451 767 1608 816 ψιλοῖς·
1629 803 1638 807 ,
1655 756 1729 815 ὅρ-

284 850 370 883 κοις
399 836 445 875 δὲ
475 830 503 888 ἢ
531 835 699 885 δεσμοῖς
727 849 835 874 τισιν
865 828 1006 880 ἄλλοις
1022 831 1126 887 πρὸς
1143 830 1216 872 τὸν
1232 830 1364 884 γάμον
1385 825 1460 869 οὐκ
1478 826 1725 883 ἐχρήσαντο.

157 909 269 944 Ρ.5ιο
394 900 482 952 μηθ’.
537 896 662 940 Μετὰ
702 900 749 940 δὲ
784 901 903 940 τοῦτο
936 896 1012 952 τὴν
1036 895 1236 952 στρατιὰν
1263 892 1518 950 παραλαβών
1543 887 1623 948 ἤδη
1650 901 1780 933 not-10

278 965 610 1021 ρεσκευασμένην
653 962 752 1018 περὶ
793 965 948 1016 θέρους
987 961 1161 1014 ἐκβολὰς
1205 958 1295 1013 ἅμα
1335 958 1409 1000 καί
1438 955 1588 1014 Κράλη
1614 956 1723 1010 μετὰ

277 1028 478 1085 γυναικὸς
516 1029 801 1083 παρεπομένου
841 1023 942 1083 ἄχρι
986 1031 1058 1080 τῆς
1081 1024 1303 1078 Ῥωμαίων
1331 1022 1442 1080 ὅρων
1482 1023 1726 1079 ἡγεμονίας,

243 1096 432 1137 Βέκεῖνοι
458 1096 536 1146 μὲν
565 1090 636 1134 οὖν
672 1094 908 1148 ἀνεχώρουν
945 1091 1265 1144 συνταξάμενοι·
1323 1088 1522 1142 βασιλεὺς
1559 1091 1606 1131 δὲ
1647 1088 1723 1143 τήν

274 1162 524 1214 τεταγμένην
563 1158 671 1212 ἔχων
700 1157 902 1213 στρατιάν
917 1192 930 1211 ,
976 1157 1354 1210 ἐστρατοπέδευσεν
1391 1156 1436 1196 ἐν
1467 1158 1625 1209 Φεραῖς
1651 1155 1725 1196 καὶ

275 1225 469 1279 διήγαγεν
518 1223 588 1265 ἐπὶ
625 1224 758 1278 τρισίν
807 1224 984 1277 ἡμέραις
1034 1221 1325 1278 διαλεγόμενος
1387 1223 1586 1275 Φεραίοις
1623 1222 1720 1274 περὶ
1727 1213 1775 1256 15

273 1293 349 1333 τοῦ
389 1296 650 1345 προσχωρεῖν
690 1290 813 1344 αὐτῷ.
883 1286 1049 1342 Συργης
1077 1285 1157 1340 γὰρ
1186 1285 1288 1339 μετὰ
1319 1286 1393 1341 την
1420 1287 1619 1329 ἐπάνοδον
1646 1283 1724 1340 την

273 1358 320 1398 ἐκ
346 1352 714 1408 Γυναικοκάστρου
758 1357 916 1408 Φεραῖς
957 1352 1095 1406 ὀλίγον
1131 1353 1430 1407 ὲνδιατρίψας,
1475 1347 1580 1406 ἦλθε
1616 1348 1725 1406 πρὸς

274 1420 509 1471 Βυζάντιον
530 1450 541 1470 ,
610 1419 802 1459 κοῖκεῐθεν
850 1420 909 1466 εἰς
954 1419 1179 1472 Ἀρμενίαν
1225 1416 1495 1471 ἅπεχιόρησεν
1512 1450 1525 1470 ,
1569 1413 1721 1472 Ἀρμε-

272 1488 371 1528 νίων
412 1483 483 1525 ἐπὶ
520 1481 566 1524 τὸ
594 1483 736 1537 σφίσιν
777 1478 924 1536 ἄρχειν
953 1481 1080 1523 αὐτόν
1111 1483 1537 1536 προσκαλεσαμένων,
1568 1483 1612 1522 ἐκ
1639 1498 1720 1523 πα-

271 1550 403 1607 τρῴου
449 1548 733 1602 προσηκούσης
771 1549 886 1603 αὐτῷ
931 1546 1083 1600 κλήρου
1129 1549 1203 1601 τῆς
1242 1548 1391 1601 α’ρχῆς.
1462 1549 1642 1601 Φεραῖοι
1670 1548 1772 1589 δὲ20

274 1613 395 1662 οὐδὲν
434 1616 592 1666 μᾶλλον
631 1609 656 1666 ἢ
701 1611 902 1666 πρότερον
941 1608 1050 1666 ἦσαν
1089 1615 1260 1666 βασιλεῖ
1288 1614 1344 1667 τῷ
1381 1615 1718 1671 Καντακουζηνῷ

233 1679 657 1734 Οπαρεσκευασμένοι
706 1680 922 1729 πολεμεῖν,
984 1678 1058 1718 καί
1107 1675 1204 1726 τούς
1248 1676 1493 1732 προσιόντας
1543 1679 1616 1719 ἐπὶ
1660 1681 1718 1736 τῷ

279 1746 550 1798 διαλέγεσθαι
598 1744 733 1791 λίθοις
783 1741 957 1794 ἔβαλλον
995 1744 1069 1784 καί
1100 1745 1264 1795 βέλεσιν
1301 1738 1382 1784 dmi
1429 1744 1512 1783 τῶν
1547 1745 1712 1797 τειχῶν.

272 1807 372 1852 ὅθεν
414 1808 487 1849 καί
525 1807 550 1862 ἢ
599 1806 775 1862 στρατιά
824 1809 881 1856 ὥς
925 1806 1134 1860 πολεμίων
1177 1808 1310 1856 α’δεῶς
1348 1807 1421 1861 τὴν
1456 1810 1604 1863 χώραν
1651 1810 1715 1849 δι-

270 1876 494 1931 επόρθουν.
560 1874 605 1915 ἐν
645 1867 676 1930 ᾧ
707 1874 752 1915 δὲ
789 1875 921 1915 ταῦτα
953 1875 1141 1927 ἐτελεῖτο,
1171 1872 1355 1928 Βράκτος
1383 1874 1467 1914 τῶν
1502 1871 1764 1928 ἧγεμόνων25

271 2030 391 2065 fnisse.
444 2028 597 2062 Proinde
623 2028 807 2060 dimittere
830 2037 867 2060 se
893 2027 1027 2067 filium,
1056 2028 1162 2061 simul
1185 2039 1354 2073 generum
1381 2028 1540 2062 futurum
1559 2028 1709 2072 Libero,

270 2077 378 2109 simul
402 2081 550 2120 propter
575 2075 696 2120 copias
724 2073 884 2114 sociales,
901 2079 940 2106 ut
962 2085 1009 2107 ne
1035 2075 1124 2120 qnid
1148 2075 1193 2108 ab
1222 2085 1259 2108 se
1285 2073 1496 2107 insidiarum
1524 2080 1709 2110 metuant:

269 2135 344 2156 non
371 2123 422 2155 sic
462 2127 603 2161 tamen,
639 2126 678 2153 ut
708 2120 804 2163 apud
838 2130 898 2152 eos
934 2120 1080 2153 omnino
1106 2132 1318 2166 semperque
1344 2127 1507 2162 maneat,
1543 2121 1607 2155 sed
1642 2122 1708 2158 ubi

267 2175 371 2214 pater
410 2169 654 2206 revocaverit,
689 2165 824 2199 redeat.
886 2165 1038 2199 Liberus
1081 2173 1122 2200 ut
1159 2168 1410 2211 imperatorem
1444 2167 1489 2201 de
1521 2168 1705 2203 connubio

269 2215 439 2248 annuisse
465 2214 650 2258 cognovit,
677 2222 758 2244 eum
785 2211 939 2245 adorans
965 2213 1167 2258 pedemque
1198 2213 1431 2253 deosculans,
1469 2215 1602 2248 multas
1633 2215 1704 2258 ipsi

269 2261 314 2294 (le
348 2261 526 2294 beneficio
557 2265 593 2292 et
631 2258 726 2290 Crali
763 2258 807 2291 de
845 2269 954 2301 opera
991 2260 1122 2302 gratias
1151 2258 1234 2303 egit.
1290 2260 1336 2291 At
1361 2259 1457 2292 enim
1483 2261 1572 2294 haec
1594 2260 1703 2296 nudis

266 2306 516 2340 tantummodo
551 2304 671 2338 verbis
705 2304 1014 2347 transigebantur3
1043 2304 1254 2338 iuramentis
1279 2310 1343 2338 aut
1367 2306 1522 2341 nexibus
1547 2308 1629 2342 aliis
1655 2308 1703 2342 ad

265 2356 409 2398 nuptias
436 2350 732 2396 conglutinandas
757 2361 831 2383 non
854 2355 939 2383 sunt
964 2350 1030 2382 usi.

359 2401 415 2443 49.
466 2398 656 2442 Praecipiti
690 2402 827 2429 aestate
866 2398 1084 2440 imperator,
1122 2395 1226 2428 Crale
1263 2407 1345 2428 cum
1377 2409 1488 2431 uxore
1513 2398 1700 2445 usqueead

265 2447 422 2478 confinia
454 2441 761 2488 prosequentibus
795 2441 923 2486 ibique
950 2442 1047 2475 dicta
1071 2442 1187 2474 salute
1213 2443 1491 2486 recedentibus,
1532 2455 1610 2478 cum
1629 2457 1698 2492 pa-

263 2493 350 2524 ratis
402 2496 438 2524 et
473 2489 658 2523 attributis
700 2488 771 2521 sibi
818 2489 930 2531 copiis
960 2478 1093 2520 Pheras
1127 2490 1325 2531 processit:
1361 2489 1425 2523 ubi
1454 2491 1500 2524 ad
1535 2492 1696 2525 triduum

262 2548 435 2575 manens,
463 2548 540 2569 cum
570 2535 733 2568 Pheraeis
761 2533 806 2567 de
833 2534 1019 2568 deditione
1046 2534 1129 2577 egit.
1176 2534 1302 2578 Syrges
1340 2536 1436 2569 enim
1462 2547 1483 2570 e
1507 2537 1696 2582 Gynaeco-

262 2588 378 2615 castro
402 2593 584 2622 reversus,
613 2592 686 2614 non
715 2579 776 2613 diu
805 2580 927 2613 Pheris
951 2579 1168 2619 subsistens,
1199 2581 1407 2622 Byzantium
1430 2583 1581 2627 petivit:
1602 2583 1694 2618 -imle

260 2629 299 2661 in
326 2629 547 2667 Armeniam,
574 2627 619 2659 ab
646 2625 822 2660 Armeniis
847 2625 893 2658 ad
920 2631 1125 2670 sceptrum,
1157 2626 1190 2658 ei
1211 2638 1254 2659 ex
1280 2632 1429 2671 paterna
1456 2634 1551 2662 sorte
1581 2630 1695 2664 ‹lebi-

258 2680 348 2714 tum,
375 2680 522 2706 vocatus
554 2673 730 2706 discessit.
786 2672 932 2705 Pheraei
969 2671 1084 2704 nihilo
1112 2673 1219 2716 magis
1247 2685 1352 2717 quam
1378 2680 1460 2708 ante
1484 2675 1531 2708 ad
1555 2674 1691 2710 Canta-

257 2718 385 2754 cuzeni
419 2724 539 2763 partes
574 2717 872 2763 propendebant,
908 2723 944 2751 et
978 2718 1188 2751 accedentes
1225 2719 1269 2751 ad
1293 2720 1571 2765 colloquendum
1594 2723 1689 2756 saxis

256 2776 297 2800 ac
327 2765 411 2798 telis
446 2765 490 2796 de
524 2774 626 2796 muro
662 2764 911 2807 repellebant3
955 2775 1066 2808 quare
1100 2765 1279 2798 exercitus
1303 2777 1426 2811 agrum
1454 2773 1496 2800 ut
1519 2766 1688 2804 hostilem

255 2822 380 2847 secure
420 2810 639 2847 devastabat.
699 2810 794 2842 Dum
831 2809 916 2843 haec
941 2815 1116 2854 aguntur,
1140 2812 1299 2853 Bractus,
1314 2814 1641 2859 praestantissimus
1665 2825 1685 2850 e
