<?xml version="1.0" encoding="UTF-8"?>
<!DOCTYPE html PUBLIC "-//W3C//DTD XHTML 1.0 Transitional//EN"
    "http://www.w3.org/TR/xhtml1/DTD/xhtml1-transitional.dtd">
<html xmlns="http://www.w3.org/1999/xhtml" xml:lang="en" lang="en">
 <head>
  <title>
</title>
<meta http-equiv="Content-Type" content="text/html;charset=utf-8" />
  <meta name='ocr-system' content='tesseract 3.04.00' />
  <meta name='ocr-capabilities' content='ocr_page ocr_carea ocr_par ocr_line ocrx_word'/>
</head>
<body>
  <div class='ocr_page' id='page_1' title='image "./corpusscriptorum24niebuoft_0043.png"; bbox 0 0 1800 3132; ppageno 0'>
   <div class='ocr_carea' id='block_1_1' title="bbox 493 146 1517 216">
    <p class='ocr_par' dir='ltr' id='par_1_1' title="bbox 493 146 1517 216">
     <span class='ocr_line' id='line_1_1' title="bbox 493 146 1517 216; baseline -0.012 -5"><span class='ocrx_word' id='word_1_1' title='bbox 493 166 881 212; x_wconf 77' lang='lat' dir='ltr'><strong>msTomARUM</strong></span> <span class='ocrx_word' id='word_1_2' title='bbox 920 170 994 208; x_wconf 68' lang='grc' dir='ltr'><strong>ιιι.</strong></span> <span class='ocrx_word' id='word_1_3' title='bbox 1034 170 1076 216; x_wconf 84' lang='grc'><strong>4.</strong></span> <span class='ocrx_word' id='word_1_4' title='bbox 1451 146 1483 201; x_wconf 84' lang='grc'>3</span> <span class='ocrx_word' id='word_1_5' title='bbox 1498 163 1517 198; x_wconf 84' lang='grc' dir='ltr'><em>ι</em></span> 
     </span>
    </p>
   </div>
   <div class='ocr_carea' id='block_1_2' title="bbox 34 267 1716 1777">
    <p class='ocr_par' dir='ltr' id='par_1_2' title="bbox 34 267 1716 1777">
     <span class='ocr_line' id='line_1_2' title="bbox 72 267 1716 330; baseline -0.006 -14"><span class='ocrx_word' id='word_1_6' title='bbox 72 276 164 330; x_wconf 83' lang='grc' dir='ltr'><em>γος”</em></span> <span class='ocrx_word' id='word_1_7' title='bbox 205 268 292 316; x_wconf 79' lang='grc' dir='ltr'><em>εἶπε</em></span> <span class='ocrx_word' id='word_1_8' title='bbox 339 273 441 325; x_wconf 71' lang='lat' dir='ltr'><strong>„arai</strong></span> <span class='ocrx_word' id='word_1_9' title='bbox 466 270 648 324; x_wconf 79' lang='grc' dir='ltr'><em>μάλιστα</em></span> <span class='ocrx_word' id='word_1_10' title='bbox 679 271 908 323; x_wconf 82' lang='grc' dir='ltr'><em>δυνάμενος</em></span> <span class='ocrx_word' id='word_1_11' title='bbox 936 270 1010 323; x_wconf 80' lang='grc' dir='ltr'><em>τῆς</em></span> <span class='ocrx_word' id='word_1_12' title='bbox 1038 269 1187 323; x_wconf 79' lang='grc' dir='ltr'><em>ψυχῆς</em></span> <span class='ocrx_word' id='word_1_13' title='bbox 1206 269 1280 321; x_wconf 77' lang='grc' dir='ltr'><em>τῆς</em></span> <span class='ocrx_word' id='word_1_14' title='bbox 1309 268 1527 321; x_wconf 84' lang='grc' dir='ltr'><em>βασιλίδος</em></span> <span class='ocrx_word' id='word_1_15' title='bbox 1541 267 1716 323; x_wconf 75' lang='grc' dir='ltr'><strong>ᾼ-Ο·134ι</strong></span> 
     </span>
     <span class='ocr_line' id='line_1_3' title="bbox 76 332 1530 392; baseline -0.004 -11"><span class='ocrx_word' id='word_1_16' title='bbox 76 340 367 382; x_wconf 77' lang='grc' dir='ltr'><em>καθικέσθαι.”</em></span> <span class='ocrx_word' id='word_1_17' title='bbox 421 336 444 378; x_wconf 79' lang='grc' dir='ltr'>ὅ</span> <span class='ocrx_word' id='word_1_18' title='bbox 475 338 515 378; x_wconf 89' lang='grc' dir='ltr'><strong>δ’</strong></span> <span class='ocrx_word' id='word_1_19' title='bbox 544 333 717 392; x_wconf 60' lang='grc' dir='ltr'><em>»ἀληθῆ</em></span> <span class='ocrx_word' id='word_1_20' title='bbox 757 337 921 390; x_wconf 84' lang='grc' dir='ltr'><em>λέγεις”</em></span> <span class='ocrx_word' id='word_1_21' title='bbox 963 335 1044 392; x_wconf 73' lang='grc' dir='ltr'><strong>ἔφη</strong></span> <span class='ocrx_word' id='word_1_22' title='bbox 1084 333 1185 388; x_wconf 65' lang='lat' dir='ltr'><strong>„acal</strong></span> <span class='ocrx_word' id='word_1_23' title='bbox 1213 332 1298 375; x_wconf 79' lang='grc' dir='ltr'><em>ἔδει</em></span> <span class='ocrx_word' id='word_1_24' title='bbox 1323 348 1369 387; x_wconf 85' lang='grc' dir='ltr'><strong>γε</strong></span> <span class='ocrx_word' id='word_1_25' title='bbox 1396 333 1530 387; x_wconf 85' lang='grc' dir='ltr'><em>μηδὲν</em></span> 
     </span>
     <span class='ocr_line' id='line_1_4' title="bbox 78 397 1527 459; baseline -0.005 -12"><span class='ocrx_word' id='word_1_26' title='bbox 78 407 269 448; x_wconf 84' lang='grc' dir='ltr'><em>τοιοῦτον</em></span> <span class='ocrx_word' id='word_1_27' title='bbox 305 404 408 459; x_wconf 81' lang='grc' dir='ltr'><em>μήτε</em></span> <span class='ocrx_word' id='word_1_28' title='bbox 445 404 666 458; x_wconf 79' lang='grc' dir='ltr'><em>εἰρῆσθαι,</em></span> <span class='ocrx_word' id='word_1_29' title='bbox 724 402 830 456; x_wconf 81' lang='grc' dir='ltr'><em>μήτε</em></span> <span class='ocrx_word' id='word_1_30' title='bbox 870 397 990 443; x_wconf 81' lang='grc' dir='ltr'><em>εἶναι.</em></span> <span class='ocrx_word' id='word_1_31' title='bbox 1041 403 1136 442; x_wconf 85' lang='grc' dir='ltr'><strong>νυνί</strong></span> <span class='ocrx_word' id='word_1_32' title='bbox 1163 402 1210 442; x_wconf 81' lang='grc' dir='ltr'><strong>δὲ</strong></span> <span class='ocrx_word' id='word_1_33' title='bbox 1248 402 1306 449; x_wconf 79' lang='grc' dir='ltr'><strong>εἷς</strong></span> <span class='ocrx_word' id='word_1_34' title='bbox 1333 400 1527 441; x_wconf 77' lang='grc' dir='ltr'><em>τοσοῦτον</em></span> 
     </span>
     <span class='ocr_line' id='line_1_5' title="bbox 80 461 1529 525; baseline -0.005 -12"><span class='ocrx_word' id='word_1_35' title='bbox 80 467 260 525; x_wconf 83' lang='grc' dir='ltr'><em>ἆνάγκης</em></span> <span class='ocrx_word' id='word_1_36' title='bbox 287 465 551 524; x_wconf 77' lang='grc' dir='ltr'><em>συνηλάθην,</em></span> <span class='ocrx_word' id='word_1_37' title='bbox 599 463 709 510; x_wconf 62' lang='lat' dir='ltr'><strong>diove</strong></span> <span class='ocrx_word' id='word_1_38' title='bbox 737 469 870 509; x_wconf 91' lang='grc' dir='ltr'><em>καίτοι</em></span> <span class='ocrx_word' id='word_1_39' title='bbox 905 468 989 508; x_wconf 76' lang='grc' dir='ltr'><em>τῶν</em></span> <span class='ocrx_word' id='word_1_40' title='bbox 1020 461 1157 507; x_wconf 72' lang='grc' dir='ltr'><em>ἄλλων</em></span> <span class='ocrx_word' id='word_1_41' title='bbox 1182 466 1367 518; x_wconf 71' lang='grc' dir='ltr'><em>μάλιστα</em></span> <span class='ocrx_word' id='word_1_42' title='bbox 1396 461 1529 506; x_wconf 76' lang='grc' dir='ltr'><em>ἁπάν-</em></span> 
     </span>
     <span class='ocr_line' id='line_1_6' title="bbox 56 526 1565 590; baseline -0.005 -11"><span class='ocrx_word' id='word_1_43' title='bbox 56 539 185 590; x_wconf 83' lang='grc' dir='ltr'><em>5των,</em></span> <span class='ocrx_word' id='word_1_44' title='bbox 214 531 293 577; x_wconf 78' lang='grc' dir='ltr'><strong>ὅσα</strong></span> <span class='ocrx_word' id='word_1_45' title='bbox 321 536 382 584; x_wconf 81' lang='grc' dir='ltr'><strong>εἰς</strong></span> <span class='ocrx_word' id='word_1_46' title='bbox 411 535 689 589; x_wconf 78' lang='grc' dir='ltr'><strong><em>παραμυθίαν</em></strong></span> <span class='ocrx_word' id='word_1_47' title='bbox 717 533 790 574; x_wconf 85' lang='grc' dir='ltr'><em>καί</em></span> <span class='ocrx_word' id='word_1_48' title='bbox 824 534 910 574; x_wconf 71' lang='grc' dir='ltr'><em>τῶν</em></span> <span class='ocrx_word' id='word_1_49' title='bbox 938 532 1101 574; x_wconf 76' lang='grc' dir='ltr'><em>πολλῶν</em></span> <span class='ocrx_word' id='word_1_50' title='bbox 1146 526 1287 573; x_wconf 74' lang='grc' dir='ltr'><em>ἄνεσιν</em></span> <span class='ocrx_word' id='word_1_51' title='bbox 1318 531 1565 586; x_wconf 76' lang='grc' dir='ltr'><em>α’νιαριόν,Β</em></span> 
     </span>
     <span class='ocr_line' id='line_1_7' title="bbox 80 597 1529 655; baseline -0.006 -11"><span class='ocrx_word' id='word_1_52' title='bbox 80 598 160 644; x_wconf 76' lang='grc' dir='ltr'><strong>ὅσα</strong></span> <span class='ocrx_word' id='word_1_53' title='bbox 187 602 376 655; x_wconf 79' lang='grc' dir='ltr'><strong><em>βασιλίδι</em></strong></span> <span class='ocrx_word' id='word_1_54' title='bbox 412 600 458 641; x_wconf 83' lang='grc' dir='ltr'><strong>ἐκ</strong></span> <span class='ocrx_word' id='word_1_55' title='bbox 495 601 567 655; x_wconf 77' lang='grc' dir='ltr'><em>τῆς</em></span> <span class='ocrx_word' id='word_1_56' title='bbox 606 600 812 653; x_wconf 83' lang='grc' dir='ltr'><em>βασιλέως</em></span> <span class='ocrx_word' id='word_1_57' title='bbox 840 597 1106 653; x_wconf 69' lang='grc' dir='ltr'><em>προσεγένετο</em></span> <span class='ocrx_word' id='word_1_58' title='bbox 1143 598 1335 652; x_wconf 80' lang='grc' dir='ltr'><em>τελευτῆς</em></span> <span class='ocrx_word' id='word_1_59' title='bbox 1356 629 1367 650; x_wconf 89' lang='grc'><em>,</em></span> <span class='ocrx_word' id='word_1_60' title='bbox 1414 597 1529 650; x_wconf 81' lang='grc' dir='ltr'><em>λέγε-</em></span> 
     </span>
     <span class='ocr_line' id='line_1_8' title="bbox 81 662 1530 722; baseline -0.004 -11"><span class='ocrx_word' id='word_1_61' title='bbox 81 670 188 711; x_wconf 80' lang='grc' dir='ltr'><em>σθαι</em></span> <span class='ocrx_word' id='word_1_62' title='bbox 214 666 467 722; x_wconf 86' lang='grc' dir='ltr'><em>βουλόμενος</em></span> <span class='ocrx_word' id='word_1_63' title='bbox 503 668 566 709; x_wconf 78' lang='grc' dir='ltr'><strong>ἐπ’</strong></span> <span class='ocrx_word' id='word_1_64' title='bbox 591 667 758 721; x_wconf 71' lang='grc' dir='ltr'><em>αΰτῆς,</em></span> <span class='ocrx_word' id='word_1_65' title='bbox 801 662 1079 707; x_wconf 77' lang='grc' dir='ltr'><em>ἐναντιώτατα</em></span> <span class='ocrx_word' id='word_1_66' title='bbox 1123 663 1320 719; x_wconf 84' lang='grc' dir='ltr'><em>πράττειν</em></span> <span class='ocrx_word' id='word_1_67' title='bbox 1360 665 1530 720; x_wconf 77' lang='grc' dir='ltr'><em>ἐμαυτῷ</em></span> 
     </span>
     <span class='ocr_line' id='line_1_9' title="bbox 82 726 1529 788; baseline -0.003 -13"><span class='ocrx_word' id='word_1_68' title='bbox 82 735 202 776; x_wconf 80' lang='grc' dir='ltr'><em>δυοῖν</em></span> <span class='ocrx_word' id='word_1_69' title='bbox 229 736 361 776; x_wconf 81' lang='grc' dir='ltr'><em>ἓνεκα.</em></span> <span class='ocrx_word' id='word_1_70' title='bbox 415 727 444 787; x_wconf 80' lang='grc' dir='ltr'><em>ἢ</em></span> <span class='ocrx_word' id='word_1_71' title='bbox 471 730 550 788; x_wconf 77' lang='grc' dir='ltr'><strong>γάρ</strong></span> <span class='ocrx_word' id='word_1_72' title='bbox 581 733 810 787; x_wconf 76' lang='grc' dir='ltr'><em>ἀπρακτεῖν</em></span> <span class='ocrx_word' id='word_1_73' title='bbox 834 731 1045 779; x_wconf 74' lang='grc' dir='ltr'><em>παντελῶς</em></span> <span class='ocrx_word' id='word_1_74' title='bbox 1074 726 1253 785; x_wconf 71' lang='grc' dir='ltr'><em>ἀνάγκη,</em></span> <span class='ocrx_word' id='word_1_75' title='bbox 1297 727 1324 784; x_wconf 76' lang='grc' dir='ltr'><em>ἢ</em></span> <span class='ocrx_word' id='word_1_76' title='bbox 1354 728 1529 786; x_wconf 81' lang='grc' dir='ltr'><em>φαύλως</em></span> 
     </span>
     <span class='ocr_line' id='line_1_10' title="bbox 84 793 1530 856; baseline -0.003 -16"><span class='ocrx_word' id='word_1_77' title='bbox 84 802 157 842; x_wconf 84' lang='grc' dir='ltr'>καί</span> <span class='ocrx_word' id='word_1_78' title='bbox 183 799 236 841; x_wconf 83' lang='grc' dir='ltr'><strong>ου’</strong></span> <span class='ocrx_word' id='word_1_79' title='bbox 234 816 265 854; x_wconf 88' lang='grc' dir='ltr'><em>χ</em></span> <span class='ocrx_word' id='word_1_80' title='bbox 292 793 319 856; x_wconf 80' lang='grc' dir='ltr'><strong><em>ᾖ</em></strong></span> <span class='ocrx_word' id='word_1_81' title='bbox 348 801 556 854; x_wconf 78' lang='grc' dir='ltr'><em>προσῆκεν</em></span> <span class='ocrx_word' id='word_1_82' title='bbox 576 831 588 852; x_wconf 93' lang='grc'><em>,</em></span> <span class='ocrx_word' id='word_1_83' title='bbox 620 793 783 854; x_wconf 75' lang='grc' dir='ltr'><em>ἄρχειν.</em></span> <span class='ocrx_word' id='word_1_84' title='bbox 811 795 894 839; x_wconf 80' lang='grc' dir='ltr'><em>εἴτε</em></span> <span class='ocrx_word' id='word_1_85' title='bbox 925 799 1065 839; x_wconf 87' lang='grc' dir='ltr'><em>τοίνυν</em></span> <span class='ocrx_word' id='word_1_86' title='bbox 1094 793 1348 852; x_wconf 80' lang='grc' dir='ltr'><em>πράττοντος</em></span> <span class='ocrx_word' id='word_1_87' title='bbox 1373 797 1530 850; x_wconf 85' lang='grc' dir='ltr'><em>μηδὲν,</em></span> 
     </span>
     <span class='ocr_line' id='line_1_11' title="bbox 34 859 1530 920; baseline -0.004 -12"><span class='ocrx_word' id='word_1_88' title='bbox 34 866 157 908; x_wconf 66' lang='lat' dir='ltr'><strong>tonat*</strong></span> <span class='ocrx_word' id='word_1_89' title='bbox 192 865 218 920; x_wconf 85' lang='grc' dir='ltr'><em>ἤ</em></span> <span class='ocrx_word' id='word_1_90' title='bbox 249 865 415 919; x_wconf 71' lang='grc' dir='ltr'><em>βασιλὶς</em></span> <span class='ocrx_word' id='word_1_91' title='bbox 443 862 706 920; x_wconf 78' lang='grc' dir='ltr'><em>ἑφησυχάζοι</em></span> <span class='ocrx_word' id='word_1_92' title='bbox 727 895 739 916; x_wconf 91' lang='grc'><em>,</em></span> <span class='ocrx_word' id='word_1_93' title='bbox 780 863 837 913; x_wconf 78' lang='grc' dir='ltr'><strong>ὥς</strong></span> <span class='ocrx_word' id='word_1_94' title='bbox 873 865 979 917; x_wconf 78' lang='grc' dir='ltr'><em>χθὲς</em></span> <span class='ocrx_word' id='word_1_95' title='bbox 1017 861 1089 904; x_wconf 77' lang='grc' dir='ltr'><strong>καί·</strong></span> <span class='ocrx_word' id='word_1_96' title='bbox 1115 861 1261 918; x_wconf 77' lang='grc' dir='ltr'><em>πρώην</em></span> <span class='ocrx_word' id='word_1_97' title='bbox 1290 860 1362 917; x_wconf 77' lang='grc' dir='ltr'><em>τὴν</em></span> <span class='ocrx_word' id='word_1_98' title='bbox 1391 859 1530 916; x_wconf 77' lang='grc' dir='ltr'><em>α’ρχὴν</em></span> 
     </span>
     <span class='ocr_line' id='line_1_12' title="bbox 83 925 1532 985; baseline -0.003 -14"><span class='ocrx_word' id='word_1_99' title='bbox 83 930 252 985; x_wconf 83' lang='grc' dir='ltr'><em>οἰομένη</em></span> <span class='ocrx_word' id='word_1_100' title='bbox 292 931 544 972; x_wconf 80' lang='grc' dir='ltr'><em>διοικεῖσθαι</em></span> <span class='ocrx_word' id='word_1_101' title='bbox 583 929 682 984; x_wconf 81' lang='grc' dir='ltr'><em>παρ’</em></span> <span class='ocrx_word' id='word_1_102' title='bbox 708 929 835 982; x_wconf 77' lang='grc' dir='ltr'><em>ἐμοῦ,</em></span> <span class='ocrx_word' id='word_1_103' title='bbox 878 925 1033 983; x_wconf 75' lang='grc' dir='ltr'><em>ἀνάγκη</em></span> <span class='ocrx_word' id='word_1_104' title='bbox 1080 928 1216 969; x_wconf 81' lang='grc' dir='ltr'><em>πάντα</em></span> <span class='ocrx_word' id='word_1_105' title='bbox 1265 929 1498 968; x_wconf 78' lang='grc' dir='ltr'><em>α’πολέσθαι</em></span> <span class='ocrx_word' id='word_1_106' title='bbox 1519 941 1532 953; x_wconf 88' lang='grc'><em>·</em></span> 
     </span>
     <span class='ocr_line' id='line_1_13' title="bbox 87 988 1582 1051; baseline -0.003 -15"><span class='ocrx_word' id='word_1_107' title='bbox 87 994 168 1038; x_wconf 82' lang='grc' dir='ltr'><em>εἴτε</em></span> <span class='ocrx_word' id='word_1_108' title='bbox 194 994 269 1037; x_wconf 72' lang='grc' dir='ltr'><strong>καὶ</strong></span> <span class='ocrx_word' id='word_1_109' title='bbox 295 993 474 1051; x_wconf 79' lang='grc' dir='ltr'><em>φαύλως</em></span> <span class='ocrx_word' id='word_1_110' title='bbox 505 996 579 1036; x_wconf 84' lang='grc' dir='ltr'><em>καί</em></span> <span class='ocrx_word' id='word_1_111' title='bbox 603 993 661 1050; x_wconf 72' lang='grc' dir='ltr'><strong>μη</strong></span> <span class='ocrx_word' id='word_1_112' title='bbox 701 993 805 1036; x_wconf 83' lang='grc' dir='ltr'><em>κατὰ</em></span> <span class='ocrx_word' id='word_1_113' title='bbox 835 993 882 1036; x_wconf 87' lang='grc' dir='ltr'><em>τὸ</em></span> <span class='ocrx_word' id='word_1_114' title='bbox 915 995 1010 1036; x_wconf 86' lang='grc' dir='ltr'><em>δέον</em></span> <span class='ocrx_word' id='word_1_115' title='bbox 1038 988 1266 1050; x_wconf 72' lang='grc' dir='ltr'><em>ἄρχοντος,</em></span> <span class='ocrx_word' id='word_1_116' title='bbox 1308 992 1381 1035; x_wconf 88' lang='grc' dir='ltr'><strong>τὸν</strong></span> <span class='ocrx_word' id='word_1_117' title='bbox 1404 989 1532 1034; x_wconf 76' lang='grc' dir='ltr'><em>αὐτὸν</em></span> <span class='ocrx_word' id='word_1_118' title='bbox 1579 995 1582 996; x_wconf 68' lang='grc'>’</span> 
     </span>
     <span class='ocr_line' id='line_1_14' title="bbox 82 1054 1533 1117; baseline -0.003 -14"><span class='ocrx_word' id='word_1_119' title='bbox 82 1058 238 1117; x_wconf 81' lang='grc' dir='ltr'><em>τρόπον</em></span> <span class='ocrx_word' id='word_1_120' title='bbox 262 1060 388 1102; x_wconf 83' lang='grc' dir='ltr'><em>πάλιν</em></span> <span class='ocrx_word' id='word_1_121' title='bbox 417 1061 675 1117; x_wconf 71' lang='grc' dir='ltr'><strong>φθείρεσθαι</strong></span> <span class='ocrx_word' id='word_1_122' title='bbox 703 1062 955 1115; x_wconf 81' lang='grc' dir='ltr'><strong>συμβαίνει,</strong></span> <span class='ocrx_word' id='word_1_123' title='bbox 1002 1062 1074 1102; x_wconf 86' lang='grc' dir='ltr'><em>καί</em></span> <span class='ocrx_word' id='word_1_124' title='bbox 1100 1060 1273 1115; x_wconf 83' lang='grc' dir='ltr'><em>προσέτι</em></span> <span class='ocrx_word' id='word_1_125' title='bbox 1316 1075 1362 1112; x_wconf 84' lang='grc' dir='ltr'><strong>γε</strong></span> <span class='ocrx_word' id='word_1_126' title='bbox 1402 1054 1533 1100; x_wconf 75' lang='grc' dir='ltr'><em>αὐτὸν</em></span> 
     </span>
     <span class='ocr_line' id='line_1_15' title="bbox 85 1121 1532 1184; baseline -0.002 -16"><span class='ocrx_word' id='word_1_127' title='bbox 85 1126 136 1168; x_wconf 77' lang='grc' dir='ltr'><strong>οὔ</strong></span> <span class='ocrx_word' id='word_1_128' title='bbox 162 1131 248 1177; x_wconf 78' lang='grc' dir='ltr'><em>τοῖς</em></span> <span class='ocrx_word' id='word_1_129' title='bbox 272 1121 413 1176; x_wconf 70' lang='grc' dir='ltr'><em>ἄλλοις</em></span> <span class='ocrx_word' id='word_1_130' title='bbox 439 1123 594 1180; x_wconf 88' lang='grc' dir='ltr'><em>μόνον,</em></span> <span class='ocrx_word' id='word_1_131' title='bbox 625 1123 733 1168; x_wconf 77' lang='grc' dir='ltr'><em>ἆλλιὶ</em></span> <span class='ocrx_word' id='word_1_132' title='bbox 753 1125 827 1168; x_wconf 82' lang='grc' dir='ltr'><em>καί</em></span> <span class='ocrx_word' id='word_1_133' title='bbox 850 1127 1023 1184; x_wconf 68' lang='grc' dir='ltr'><em>ἐμαυτῷ</em></span> <span class='ocrx_word' id='word_1_134' title='bbox 1044 1127 1116 1181; x_wconf 75' lang='grc' dir='ltr'><em>τῆς</em></span> <span class='ocrx_word' id='word_1_135' title='bbox 1144 1127 1384 1180; x_wconf 74' lang='grc' dir='ltr'><strong>μοχθηρίας</strong></span> <span class='ocrx_word' id='word_1_136' title='bbox 1413 1125 1532 1180; x_wconf 79' lang='grc' dir='ltr'><em>ὀφεί-</em></span> 
     </span>
     <span class='ocr_line' id='line_1_16' title="bbox 37 1188 1575 1249; baseline -0.004 -14"><span class='ocrx_word' id='word_1_137' title='bbox 37 1196 172 1239; x_wconf 70' lang='grc' dir='ltr'><em>ιόλειν</em></span> <span class='ocrx_word' id='word_1_138' title='bbox 199 1194 339 1242; x_wconf 81' lang='grc' dir='ltr'><em>δίκας·</em></span> <span class='ocrx_word' id='word_1_139' title='bbox 367 1188 784 1249; x_wconf 73' lang='grc' dir='ltr'><em>ὥστ’ἆμφοτέρωθεν</em></span> <span class='ocrx_word' id='word_1_140' title='bbox 813 1194 1024 1241; x_wconf 81' lang='grc' dir='ltr'><em>λυσιτελὲς</em></span> <span class='ocrx_word' id='word_1_141' title='bbox 1041 1224 1053 1245; x_wconf 84' lang='grc'><em>,</em></span> <span class='ocrx_word' id='word_1_142' title='bbox 1079 1188 1268 1247; x_wconf 80' lang='grc' dir='ltr'><em>γνώριμα</em></span> <span class='ocrx_word' id='word_1_143' title='bbox 1306 1192 1436 1233; x_wconf 79' lang='grc' dir='ltr'><em>ταῦτα</em></span> <span class='ocrx_word' id='word_1_144' title='bbox 1466 1188 1528 1245; x_wconf 91' lang='grc' dir='ltr'><strong>γί-</strong></span> <span class='ocrx_word' id='word_1_145' title='bbox 1548 1196 1575 1229; x_wconf 92' lang='lat' dir='ltr'>C</span> 
     </span>
     <span class='ocr_line' id='line_1_17' title="bbox 87 1254 1668 1317; baseline -0.001 -15"><span class='ocrx_word' id='word_1_146' title='bbox 87 1262 236 1302; x_wconf 85' lang='grc' dir='ltr'><em>νεσθαι</em></span> <span class='ocrx_word' id='word_1_147' title='bbox 261 1261 310 1317; x_wconf 82' lang='grc' dir='ltr'><em>τῇ</em></span> <span class='ocrx_word' id='word_1_148' title='bbox 334 1258 548 1313; x_wconf 82' lang='grc' dir='ltr'><em>βασιλίδι,</em></span> <span class='ocrx_word' id='word_1_149' title='bbox 587 1254 664 1300; x_wconf 70' lang='grc' dir='ltr'><strong>κᾶν</strong></span> <span class='ocrx_word' id='word_1_150' title='bbox 703 1259 743 1299; x_wconf 79' lang='grc' dir='ltr'><strong>εἰ</strong></span> <span class='ocrx_word' id='word_1_151' title='bbox 777 1260 921 1311; x_wconf 82' lang='grc' dir='ltr'><strong>μέλλοι</strong></span> <span class='ocrx_word' id='word_1_152' title='bbox 949 1255 1140 1313; x_wconf 79' lang='grc' dir='ltr'><em>ταραχὴν</em></span> <span class='ocrx_word' id='word_1_153' title='bbox 1169 1258 1240 1299; x_wconf 83' lang='grc' dir='ltr'><em>καί</em></span> <span class='ocrx_word' id='word_1_154' title='bbox 1266 1255 1400 1312; x_wconf 76' lang='grc' dir='ltr'><em>λύπην</em></span> <span class='ocrx_word' id='word_1_155' title='bbox 1426 1272 1528 1311; x_wconf 84' lang='grc' dir='ltr'><em>προ·</em></span> <span class='ocrx_word' id='word_1_156' title='bbox 1541 1266 1583 1304; x_wconf 88' lang='lat' dir='ltr'><strong>V.</strong></span> <span class='ocrx_word' id='word_1_157' title='bbox 1602 1277 1668 1312; x_wconf 80' lang='lat'><strong>292</strong></span> 
     </span>
     <span class='ocr_line' id='line_1_18' title="bbox 86 1322 1532 1380; baseline -0.003 -13"><span class='ocrx_word' id='word_1_158' title='bbox 86 1328 228 1377; x_wconf 82' lang='grc' dir='ltr'><em>ξενεῖν.</em></span> <span class='ocrx_word' id='word_1_159' title='bbox 279 1326 440 1378; x_wconf 83' lang='grc' dir='ltr'><em>βέλτιον</em></span> <span class='ocrx_word' id='word_1_160' title='bbox 468 1322 549 1380; x_wconf 74' lang='grc' dir='ltr'><strong>γάρ</strong></span> <span class='ocrx_word' id='word_1_161' title='bbox 578 1322 676 1379; x_wconf 74' lang='grc' dir='ltr'><em>περὶ</em></span> <span class='ocrx_word' id='word_1_162' title='bbox 703 1325 786 1365; x_wconf 80' lang='grc' dir='ltr'><em>τῶν</em></span> <span class='ocrx_word' id='word_1_163' title='bbox 814 1325 1042 1377; x_wconf 80' lang='grc' dir='ltr'><em>γινομένων</em></span> <span class='ocrx_word' id='word_1_164' title='bbox 1086 1323 1143 1372; x_wconf 79' lang='grc' dir='ltr'><strong>ὦς</strong></span> <span class='ocrx_word' id='word_1_165' title='bbox 1177 1322 1325 1378; x_wconf 80' lang='grc' dir='ltr'><em>ἔχουσι</em></span> <span class='ocrx_word' id='word_1_166' title='bbox 1361 1325 1532 1375; x_wconf 80' lang='grc' dir='ltr'><em>μαθοῦ-</em></span> 
     </span>
     <span class='ocr_line' id='line_1_19' title="bbox 64 1385 1533 1447; baseline -0.002 -14"><span class='ocrx_word' id='word_1_167' title='bbox 64 1407 196 1447; x_wconf 70' lang='grc' dir='ltr'><em>σαν,</em></span> <span class='ocrx_word' id='word_1_168' title='bbox 236 1388 327 1445; x_wconf 77' lang='grc' dir='ltr'><strong>ἅμα</strong></span> <span class='ocrx_word' id='word_1_169' title='bbox 362 1389 435 1433; x_wconf 88' lang='grc' dir='ltr'><em>σοι’</em></span> <span class='ocrx_word' id='word_1_170' title='bbox 467 1405 510 1432; x_wconf 86' lang='grc' dir='ltr'><em>τε</em></span> <span class='ocrx_word' id='word_1_171' title='bbox 553 1392 626 1431; x_wconf 85' lang='grc' dir='ltr'><em>καί</em></span> <span class='ocrx_word' id='word_1_172' title='bbox 669 1395 754 1438; x_wconf 81' lang='grc' dir='ltr'><em>τοῖς</em></span> <span class='ocrx_word' id='word_1_173' title='bbox 792 1385 933 1439; x_wconf 77' lang='grc' dir='ltr'><em>ἄλλοις</em></span> <span class='ocrx_word' id='word_1_174' title='bbox 958 1388 1011 1431; x_wconf 77' lang='grc' dir='ltr'><em>τοὶ</em></span> <span class='ocrx_word' id='word_1_175' title='bbox 1044 1390 1188 1432; x_wconf 81' lang='grc' dir='ltr'><em>δέοντα</em></span> <span class='ocrx_word' id='word_1_176' title='bbox 1214 1389 1533 1443; x_wconf 81' lang='grc' dir='ltr'><em>βουλεύσασθαι</em></span> 
     </span>
     <span class='ocr_line' id='line_1_20' title="bbox 85 1452 1533 1514; baseline -0.001 -17"><span class='ocrx_word' id='word_1_177' title='bbox 85 1459 185 1512; x_wconf 71' lang='grc' dir='ltr'><em>περὶ</em></span> <span class='ocrx_word' id='word_1_178' title='bbox 222 1459 296 1513; x_wconf 78' lang='grc' dir='ltr'><em>τῆς</em></span> <span class='ocrx_word' id='word_1_179' title='bbox 331 1453 489 1512; x_wconf 79' lang='grc' dir='ltr'><em>ἆρχῆς,</em></span> <span class='ocrx_word' id='word_1_180' title='bbox 533 1452 559 1511; x_wconf 78' lang='grc' dir='ltr'><em>ἢ</em></span> <span class='ocrx_word' id='word_1_181' title='bbox 595 1455 881 1511; x_wconf 67' lang='grc' dir='ltr'><em>ἄγνοήσασαν,</em></span> <span class='ocrx_word' id='word_1_182' title='bbox 926 1455 1050 1514; x_wconf 67' lang='grc' dir='ltr'><em>ὀλίγῳ</em></span> <span class='ocrx_word' id='word_1_183' title='bbox 1089 1453 1260 1511; x_wconf 66' lang='grc' dir='ltr'><em>ὕστερον</em></span> <span class='ocrx_word' id='word_1_184' title='bbox 1285 1454 1344 1510; x_wconf 73' lang='grc' dir='ltr'><strong>μη</strong></span> <span class='ocrx_word' id='word_1_185' title='bbox 1376 1452 1533 1497; x_wconf 79' lang='grc' dir='ltr'><em>τούτων</em></span> 
     </span>
     <span class='ocr_line' id='line_1_21' title="bbox 35 1521 1534 1577; baseline -0.002 -11"><span class='ocrx_word' id='word_1_186' title='bbox 35 1521 238 1577; x_wconf 75' lang='grc' dir='ltr'><em>2ομόνον,</em></span> <span class='ocrx_word' id='word_1_187' title='bbox 271 1521 378 1565; x_wconf 76' lang='grc' dir='ltr'><em>α’λλά</em></span> <span class='ocrx_word' id='word_1_188' title='bbox 405 1524 478 1564; x_wconf 82' lang='grc' dir='ltr'><em>καί</em></span> <span class='ocrx_word' id='word_1_189' title='bbox 503 1524 574 1576; x_wconf 78' lang='grc' dir='ltr'><em>τῆς</em></span> <span class='ocrx_word' id='word_1_190' title='bbox 598 1524 917 1577; x_wconf 83' lang='grc' dir='ltr'><em>συμβησομένης</em></span> <span class='ocrx_word' id='word_1_191' title='bbox 940 1522 1099 1576; x_wconf 83' lang='grc' dir='ltr'><em>βλάβης</em></span> <span class='ocrx_word' id='word_1_192' title='bbox 1127 1523 1244 1563; x_wconf 72' lang='grc' dir='ltr'><em>ἕνεκα</em></span> <span class='ocrx_word' id='word_1_193' title='bbox 1273 1522 1534 1575; x_wconf 80' lang='grc' dir='ltr'><em>α’γανακτεῖν.</em></span> 
     </span>
     <span class='ocr_line' id='line_1_22' title="bbox 199 1582 1568 1643; baseline -0.003 -12"><span class='ocrx_word' id='word_1_194' title='bbox 199 1587 250 1631; x_wconf 89' lang='grc' dir='ltr'><strong>δ’.</strong></span> <span class='ocrx_word' id='word_1_195' title='bbox 300 1588 349 1630; x_wconf 88' lang='lat' dir='ltr'><strong>‘O</strong></span> <span class='ocrx_word' id='word_1_196' title='bbox 385 1589 462 1641; x_wconf 84' lang='grc' dir='ltr'><strong>μὲν</strong></span> <span class='ocrx_word' id='word_1_197' title='bbox 502 1582 574 1628; x_wconf 76' lang='grc' dir='ltr'><strong>οὖν</strong></span> <span class='ocrx_word' id='word_1_198' title='bbox 603 1586 865 1643; x_wconf 81' lang='grc' dir='ltr'><em>πατριάρχης</em></span> <span class='ocrx_word' id='word_1_199' title='bbox 890 1587 1024 1629; x_wconf 78' lang='grc' dir='ltr'><em>πάντα</em></span> <span class='ocrx_word' id='word_1_200' title='bbox 1054 1585 1284 1642; x_wconf 74' lang='grc' dir='ltr'><em>ἀπήγγελλε</em></span> <span class='ocrx_word' id='word_1_201' title='bbox 1312 1589 1364 1643; x_wconf 84' lang='grc' dir='ltr'><em>τῇ</em></span> <span class='ocrx_word' id='word_1_202' title='bbox 1400 1590 1568 1639; x_wconf 84' lang='grc' dir='ltr'><em>βασι-Ι)</em></span> 
     </span>
     <span class='ocr_line' id='line_1_23' title="bbox 90 1647 1532 1711; baseline -0.004 -13"><span class='ocrx_word' id='word_1_203' title='bbox 90 1657 195 1698; x_wconf 85' lang='grc' dir='ltr'><em>λίδι.</em></span> <span class='ocrx_word' id='word_1_204' title='bbox 247 1655 273 1711; x_wconf 83' lang='grc' dir='ltr'>ἧ</span> <span class='ocrx_word' id='word_1_205' title='bbox 314 1656 353 1696; x_wconf 81' lang='grc' dir='ltr'><strong>δ’</strong></span> <span class='ocrx_word' id='word_1_206' title='bbox 388 1651 492 1708; x_wconf 76' lang='grc' dir='ltr'><em>ἅπερ</em></span> <span class='ocrx_word' id='word_1_207' title='bbox 531 1647 617 1694; x_wconf 67' lang='grc' dir='ltr'><em>οὔτ’</em></span> <span class='ocrx_word' id='word_1_208' title='bbox 654 1648 706 1694; x_wconf 71' lang='grc' dir='ltr'><strong>ἄν</strong></span> <span class='ocrx_word' id='word_1_209' title='bbox 744 1668 842 1694; x_wconf 86' lang='grc' dir='ltr'><em>ποτε</em></span> <span class='ocrx_word' id='word_1_210' title='bbox 870 1652 974 1707; x_wconf 67' lang='grc' dir='ltr'><em>αὕτη</em></span> <span class='ocrx_word' id='word_1_211' title='bbox 1005 1651 1228 1707; x_wconf 79' lang='grc' dir='ltr'><em>διενοήθη,</em></span> <span class='ocrx_word' id='word_1_212' title='bbox 1266 1649 1532 1707; x_wconf 74' lang='grc' dir='ltr'><em>μήθ’ἐτέρου</em></span> 
     </span>
     <span class='ocr_line' id='line_1_24' title="bbox 93 1715 1536 1777; baseline -0.003 -13"><span class='ocrx_word' id='word_1_213' title='bbox 93 1724 280 1777; x_wconf 78' lang='grc' dir='ltr'><em>λέγοντος</em></span> <span class='ocrx_word' id='word_1_214' title='bbox 306 1721 494 1762; x_wconf 76' lang='grc' dir='ltr'><em>ἐπείθετο</em></span> <span class='ocrx_word' id='word_1_215' title='bbox 525 1715 762 1771; x_wconf 74' lang='grc' dir='ltr'><em>ἀκούσασα,</em></span> <span class='ocrx_word' id='word_1_216' title='bbox 792 1721 935 1774; x_wconf 78' lang='grc' dir='ltr'><em>πρῶτα</em></span> <span class='ocrx_word' id='word_1_217' title='bbox 956 1720 1035 1772; x_wconf 84' lang='grc' dir='ltr'><strong>μὲν</strong></span> <span class='ocrx_word' id='word_1_218' title='bbox 1064 1718 1146 1760; x_wconf 75' lang='grc' dir='ltr'><strong>ὑπὸ</strong></span> <span class='ocrx_word' id='word_1_219' title='bbox 1175 1719 1248 1773; x_wconf 77' lang='grc' dir='ltr'><em>τῆς</em></span> <span class='ocrx_word' id='word_1_220' title='bbox 1275 1716 1406 1773; x_wconf 79' lang='grc' dir='ltr'><em>λύπης</em></span> <span class='ocrx_word' id='word_1_221' title='bbox 1436 1718 1536 1759; x_wconf 74' lang='grc' dir='ltr'><em>ου’δὲ</em></span> 
     </span>
    </p>
   </div>
   <div class='ocr_carea' id='block_1_3' title="bbox 222 1813 1026 1863">
    <p class='ocr_par' dir='ltr' id='par_1_3' title="bbox 222 1813 1026 1863">
     <span class='ocr_line' id='line_1_25' title="bbox 222 1813 1026 1863; baseline 0.001 -15"><span class='ocrx_word' id='word_1_222' title='bbox 222 1818 256 1854; x_wconf 79' lang='grc'><strong>3,</strong></span> <span class='ocrx_word' id='word_1_223' title='bbox 280 1815 468 1863; x_wconf 73' lang='grc' dir='ltr'><em>εἰρεῖσθαι</em></span> <span class='ocrx_word' id='word_1_224' title='bbox 494 1815 526 1848; x_wconf 84' lang='grc' dir='ltr'><strong>Ρ.</strong></span> <span class='ocrx_word' id='word_1_225' title='bbox 622 1815 654 1848; x_wconf 90' lang='grc'><strong>5.</strong></span> <span class='ocrx_word' id='word_1_226' title='bbox 682 1815 746 1847; x_wconf 82' lang='grc' dir='ltr'><strong>καὶ</strong></span> <span class='ocrx_word' id='word_1_227' title='bbox 774 1814 850 1848; x_wconf 66' lang='grc' dir='ltr'><em>τῶν</em></span> <span class='ocrx_word' id='word_1_228' title='bbox 867 1813 949 1848; x_wconf 87' lang='lat' dir='ltr'><strong>add.</strong></span> <span class='ocrx_word' id='word_1_229' title='bbox 975 1814 1026 1849; x_wconf 88' lang='grc' dir='ltr'><strong>Μ.</strong></span> 
     </span>
    </p>
   </div>
   <div class='ocr_carea' id='block_1_4' title="bbox 93 1880 1577 2819">
    <p class='ocr_par' dir='ltr' id='par_1_4' title="bbox 93 1880 1577 2819">
     <span class='ocr_line' id='line_1_26' title="bbox 93 1880 1538 1929; baseline -0.003 -8"><span class='ocrx_word' id='word_1_230' title='bbox 93 1886 181 1921; x_wconf 84' lang='lat' dir='ltr'><strong>haec</strong></span> <span class='ocrx_word' id='word_1_231' title='bbox 205 1884 332 1920; x_wconf 85' lang='lat' dir='ltr'><strong>videns</strong></span> <span class='ocrx_word' id='word_1_232' title='bbox 357 1887 395 1917; x_wconf 87' lang='lat' dir='ltr'><strong>et</strong></span> <span class='ocrx_word' id='word_1_233' title='bbox 417 1881 584 1922; x_wconf 83' lang='lat' dir='ltr'><strong>audiens,</strong></span> <span class='ocrx_word' id='word_1_234' title='bbox 606 1880 727 1914; x_wconf 82' lang='lat' dir='ltr'><strong>Durus</strong></span> <span class='ocrx_word' id='word_1_235' title='bbox 756 1886 824 1922; x_wconf 86' lang='lat' dir='ltr'><strong>est,</strong></span> <span class='ocrx_word' id='word_1_236' title='bbox 850 1882 986 1926; x_wconf 87' lang='lat' dir='ltr'><strong>inquit,</strong></span> <span class='ocrx_word' id='word_1_237' title='bbox 1013 1881 1072 1915; x_wconf 88' lang='lat' dir='ltr'><strong>hie</strong></span> <span class='ocrx_word' id='word_1_238' title='bbox 1098 1892 1214 1916; x_wconf 88' lang='lat' dir='ltr'><strong>sermo</strong></span> <span class='ocrx_word' id='word_1_239' title='bbox 1239 1887 1277 1917; x_wconf 87' lang='lat' dir='ltr'><strong>et</strong></span> <span class='ocrx_word' id='word_1_240' title='bbox 1296 1883 1359 1929; x_wconf 88' lang='lat' dir='ltr'><strong>qui</strong></span> <span class='ocrx_word' id='word_1_241' title='bbox 1377 1884 1538 1917; x_wconf 86' lang='lat' dir='ltr'><strong>animum</strong></span> 
     </span>
     <span class='ocr_line' id='line_1_27' title="bbox 93 1927 1541 1977; baseline -0.001 -11"><span class='ocrx_word' id='word_1_242' title='bbox 93 1932 331 1977; x_wconf 80' lang='lat' dir='ltr'>imperatricis</span> <span class='ocrx_word' id='word_1_243' title='bbox 357 1929 563 1974; x_wconf 83' lang='lat' dir='ltr'><strong>gravissime</strong></span> <span class='ocrx_word' id='word_1_244' title='bbox 586 1927 777 1961; x_wconf 83' lang='lat' dir='ltr'><strong>vulnerare</strong></span> <span class='ocrx_word' id='word_1_245' title='bbox 802 1929 928 1973; x_wconf 79' lang='lat' dir='ltr'><strong>possit.</strong></span> <span class='ocrx_word' id='word_1_246' title='bbox 989 1929 1078 1962; x_wconf 83' lang='lat' dir='ltr'><strong>Vera</strong></span> <span class='ocrx_word' id='word_1_247' title='bbox 1118 1930 1291 1975; x_wconf 86' lang='lat' dir='ltr'><strong>loqueris,</strong></span> <span class='ocrx_word' id='word_1_248' title='bbox 1331 1931 1384 1963; x_wconf 88' lang='lat' dir='ltr'><strong>ait</strong></span> <span class='ocrx_word' id='word_1_249' title='bbox 1414 1930 1541 1964; x_wconf 87' lang='lat' dir='ltr'><strong>dome—</strong></span> 
     </span>
     <span class='ocr_line' id='line_1_28' title="bbox 94 1975 1540 2022; baseline -0.002 -10"><span class='ocrx_word' id='word_1_250' title='bbox 94 1979 219 2019; x_wconf 76' lang='lat' dir='ltr'><strong>sticus,</strong></span> <span class='ocrx_word' id='word_1_251' title='bbox 244 1983 281 2012; x_wconf 89' lang='lat' dir='ltr'><strong>et</strong></span> <span class='ocrx_word' id='word_1_252' title='bbox 303 1987 390 2011; x_wconf 88' lang='lat' dir='ltr'><strong>sane</strong></span> <span class='ocrx_word' id='word_1_253' title='bbox 414 1976 510 2009; x_wconf 80' lang='lat' dir='ltr'><strong>nihil</strong></span> <span class='ocrx_word' id='word_1_254' title='bbox 533 1975 662 2008; x_wconf 88' lang='lat' dir='ltr'><strong>horum</strong></span> <span class='ocrx_word' id='word_1_255' title='bbox 687 1985 808 2021; x_wconf 87' lang='lat' dir='ltr'><strong>neque</strong></span> <span class='ocrx_word' id='word_1_256' title='bbox 838 1975 910 2008; x_wconf 88' lang='lat' dir='ltr'><strong>dici</strong></span> <span class='ocrx_word' id='word_1_257' title='bbox 936 1975 1141 2021; x_wconf 80' lang='lat' dir='ltr'>oportebat,</span> <span class='ocrx_word' id='word_1_258' title='bbox 1166 1987 1285 2022; x_wconf 85' lang='lat' dir='ltr'><strong>neque</strong></span> <span class='ocrx_word' id='word_1_259' title='bbox 1311 1977 1401 2013; x_wconf 79' lang='lat' dir='ltr'><strong>fieri.</strong></span> <span class='ocrx_word' id='word_1_260' title='bbox 1435 1977 1540 2010; x_wconf 85' lang='lat' dir='ltr'><strong>Nunc</strong></span> 
     </span>
     <span class='ocr_line' id='line_1_29' title="bbox 93 2022 1539 2067; baseline -0.002 -8"><span class='ocrx_word' id='word_1_261' title='bbox 93 2031 215 2061; x_wconf 86' lang='lat' dir='ltr'><strong>autem</strong></span> <span class='ocrx_word' id='word_1_262' title='bbox 239 2037 283 2059; x_wconf 91' lang='lat' dir='ltr'><strong>eo</strong></span> <span class='ocrx_word' id='word_1_263' title='bbox 306 2023 531 2058; x_wconf 75' lang='lat' dir='ltr'><strong>necessitatis</strong></span> <span class='ocrx_word' id='word_1_264' title='bbox 557 2022 767 2067; x_wconf 83' lang='lat' dir='ltr'><strong>compellor,</strong></span> <span class='ocrx_word' id='word_1_265' title='bbox 797 2026 838 2054; x_wconf 91' lang='lat' dir='ltr'><strong>ut</strong></span> <span class='ocrx_word' id='word_1_266' title='bbox 865 2023 1027 2066; x_wconf 87' lang='lat' dir='ltr'><strong>quamvis</strong></span> <span class='ocrx_word' id='word_1_267' title='bbox 1056 2033 1143 2067; x_wconf 84' lang='lat' dir='ltr'><strong>prae</strong></span> <span class='ocrx_word' id='word_1_268' title='bbox 1173 2024 1342 2056; x_wconf 81' lang='lat' dir='ltr'><strong>omnibus</strong></span> <span class='ocrx_word' id='word_1_269' title='bbox 1367 2024 1539 2064; x_wconf 84' lang='lat' dir='ltr'>maxime,</span> 
     </span>
     <span class='ocr_line' id='line_1_30' title="bbox 97 2069 1538 2119; baseline -0.003 -13"><span class='ocrx_word' id='word_1_270' title='bbox 97 2083 270 2119; x_wconf 84' lang='lat' dir='ltr'>quaecum</span> <span class='ocrx_word' id='word_1_271' title='bbox 301 2083 347 2105; x_wconf 88' lang='lat' dir='ltr'><strong>ue</strong></span> <span class='ocrx_word' id='word_1_272' title='bbox 372 2071 419 2104; x_wconf 88' lang='lat' dir='ltr'><strong>ad</strong></span> <span class='ocrx_word' id='word_1_273' title='bbox 445 2069 731 2103; x_wconf 82' lang='lat' dir='ltr'><strong>consolationem</strong></span> <span class='ocrx_word' id='word_1_274' title='bbox 768 2079 1046 2113; x_wconf 84' lang='lat' dir='ltr'><strong>moerorumque</strong></span> <span class='ocrx_word' id='word_1_275' title='bbox 1076 2070 1299 2103; x_wconf 77' lang='lat' dir='ltr'><strong>levationem</strong></span> <span class='ocrx_word' id='word_1_276' title='bbox 1337 2070 1538 2114; x_wconf 79' lang='lat' dir='ltr'><strong>pertinent,</strong></span> 
     </span>
     <span class='ocr_line' id='line_1_31' title="bbox 126 2084 1542 2162; baseline -0.001 -11"><span class='ocrx_word' id='word_1_277' title='bbox 126 2119 163 2151; x_wconf 86' lang='lat' dir='ltr'><strong>ui</strong></span> <span class='ocrx_word' id='word_1_278' title='bbox 197 2130 241 2153; x_wconf 85' lang='lat' dir='ltr'><strong>ex</strong></span> <span class='ocrx_word' id='word_1_279' title='bbox 266 2084 370 2151; x_wconf 55' lang='lat' dir='ltr'><strong>obitu</strong></span> <span class='ocrx_word' id='word_1_280' title='bbox 403 2115 630 2161; x_wconf 79' lang='lat' dir='ltr'><strong>imperatoris</strong></span> <span class='ocrx_word' id='word_1_281' title='bbox 657 2116 763 2148; x_wconf 85' lang='lat' dir='ltr'><strong>multi</strong></span> <span class='ocrx_word' id='word_1_282' title='bbox 788 2114 834 2148; x_wconf 85' lang='lat' dir='ltr'><strong>ad</strong></span> <span class='ocrx_word' id='word_1_283' title='bbox 859 2114 1127 2160; x_wconf 77' lang='lat' dir='ltr'><strong>imperatricem</strong></span> <span class='ocrx_word' id='word_1_284' title='bbox 1153 2116 1418 2157; x_wconf 81' lang='lat' dir='ltr'><strong>confluxerunt,</strong></span> <span class='ocrx_word' id='word_1_285' title='bbox 1444 2116 1542 2162; x_wconf 82' lang='lat' dir='ltr'><strong>apud</strong></span> 
     </span>
     <span class='ocr_line' id='line_1_32' title="bbox 98 2162 1542 2208; baseline -0.003 -9"><span class='ocrx_word' id='word_1_286' title='bbox 98 2166 199 2199; x_wconf 87' lang='lat' dir='ltr'><strong>ilam</strong></span> <span class='ocrx_word' id='word_1_287' title='bbox 233 2165 353 2200; x_wconf 86' lang='lat' dir='ltr'><strong>dicere</strong></span> <span class='ocrx_word' id='word_1_288' title='bbox 390 2164 512 2204; x_wconf 86' lang='lat' dir='ltr'><strong>velim,</strong></span> <span class='ocrx_word' id='word_1_289' title='bbox 538 2162 665 2196; x_wconf 82' lang='lat' dir='ltr'><strong>faciam</strong></span> <span class='ocrx_word' id='word_1_290' title='bbox 695 2167 830 2202; x_wconf 90' lang='lat' dir='ltr'><strong>tamen,</strong></span> <span class='ocrx_word' id='word_1_291' title='bbox 856 2172 950 2207; x_wconf 86' lang='lat' dir='ltr'><strong>quae</strong></span> <span class='ocrx_word' id='word_1_292' title='bbox 976 2162 1108 2196; x_wconf 83' lang='lat' dir='ltr'><strong>solatio</strong></span> <span class='ocrx_word' id='word_1_293' title='bbox 1134 2163 1233 2196; x_wconf 83' lang='lat' dir='ltr'><strong>illius</strong></span> <span class='ocrx_word' id='word_1_294' title='bbox 1259 2165 1454 2208; x_wconf 87' lang='lat' dir='ltr'><strong>plurimum</strong></span> <span class='ocrx_word' id='word_1_295' title='bbox 1480 2174 1542 2197; x_wconf 82' lang='lat' dir='ltr'><strong>re-</strong></span> 
     </span>
     <span class='ocr_line' id='line_1_33' title="bbox 97 2208 1543 2258; baseline -0.004 -13"><span class='ocrx_word' id='word_1_296' title='bbox 97 2217 278 2258; x_wconf 81' lang='lat' dir='ltr'><strong>pugnant:</strong></span> <span class='ocrx_word' id='word_1_297' title='bbox 315 2211 427 2258; x_wconf 87' lang='lat' dir='ltr'><strong>idque</strong></span> <span class='ocrx_word' id='word_1_298' title='bbox 461 2210 602 2243; x_wconf 83' lang='lat' dir='ltr'><strong>duabus</strong></span> <span class='ocrx_word' id='word_1_299' title='bbox 629 2208 675 2242; x_wconf 85' lang='lat' dir='ltr'><strong>de</strong></span> <span class='ocrx_word' id='word_1_300' title='bbox 701 2210 838 2250; x_wconf 64' lang='lat' dir='ltr'><strong>causi-⁴13</strong></span> <span class='ocrx_word' id='word_1_301' title='bbox 860 2209 918 2242; x_wconf 86' lang='lat' dir='ltr'><strong>vel</strong></span> <span class='ocrx_word' id='word_1_302' title='bbox 947 2208 1033 2254; x_wconf 83' lang='lat' dir='ltr'><strong>quia</strong></span> <span class='ocrx_word' id='word_1_303' title='bbox 1060 2209 1209 2245; x_wconf 81' lang='lat' dir='ltr'><strong>omnino</strong></span> <span class='ocrx_word' id='word_1_304' title='bbox 1235 2210 1458 2251; x_wconf 76' lang='lat' dir='ltr'><strong>cessandum,</strong></span> <span class='ocrx_word' id='word_1_305' title='bbox 1483 2210 1543 2245; x_wconf 79' lang='lat' dir='ltr'><strong>vel</strong></span> 
     </span>
     <span class='ocr_line' id='line_1_34' title="bbox 98 2255 1543 2306; baseline -0.001 -14"><span class='ocrx_word' id='word_1_306' title='bbox 98 2259 188 2306; x_wconf 86' lang='lat' dir='ltr'><strong>quia</strong></span> <span class='ocrx_word' id='word_1_307' title='bbox 221 2259 314 2292; x_wconf 83' lang='lat' dir='ltr'><strong>male</strong></span> <span class='ocrx_word' id='word_1_308' title='bbox 350 2261 389 2291; x_wconf 81' lang='lat' dir='ltr'><strong>et</strong></span> <span class='ocrx_word' id='word_1_309' title='bbox 420 2261 542 2291; x_wconf 80' lang='lat' dir='ltr'><strong>contra</strong></span> <span class='ocrx_word' id='word_1_310' title='bbox 581 2266 690 2301; x_wconf 86' lang='lat' dir='ltr'><strong>quam</strong></span> <span class='ocrx_word' id='word_1_311' title='bbox 715 2255 768 2288; x_wconf 84' lang='lat' dir='ltr'><strong>fas</strong></span> <span class='ocrx_word' id='word_1_312' title='bbox 798 2256 907 2294; x_wconf 83' lang='lat' dir='ltr'><strong>sinit,</strong></span> <span class='ocrx_word' id='word_1_313' title='bbox 941 2256 1194 2300; x_wconf 87' lang='lat' dir='ltr'><strong>imperandum</strong></span> <span class='ocrx_word' id='word_1_314' title='bbox 1221 2263 1284 2292; x_wconf 86' lang='lat' dir='ltr'><strong>est.</strong></span> <span class='ocrx_word' id='word_1_315' title='bbox 1335 2258 1405 2290; x_wconf 90' lang='lat' dir='ltr'><strong>Seu</strong></span> <span class='ocrx_word' id='word_1_316' title='bbox 1431 2257 1543 2303; x_wconf 85' lang='lat' dir='ltr'><strong>igitur</strong></span> 
     </span>
     <span class='ocr_line' id='line_1_35' title="bbox 99 2298 1542 2349; baseline -0.001 -9"><span class='ocrx_word' id='word_1_317' title='bbox 99 2317 158 2340; x_wconf 84' lang='lat' dir='ltr'><strong>me</strong></span> <span class='ocrx_word' id='word_1_318' title='bbox 182 2306 348 2346; x_wconf 83' lang='lat' dir='ltr'><strong>feriante,</strong></span> <span class='ocrx_word' id='word_1_319' title='bbox 371 2304 483 2338; x_wconf 83' lang='lat' dir='ltr'><strong>etiam</strong></span> <span class='ocrx_word' id='word_1_320' title='bbox 506 2302 718 2347; x_wconf 81' lang='lat' dir='ltr'><strong>imperatrix</strong></span> <span class='ocrx_word' id='word_1_321' title='bbox 744 2302 936 2343; x_wconf 81' lang='lat' dir='ltr'><strong>vacaverit,</strong></span> <span class='ocrx_word' id='word_1_322' title='bbox 962 2298 1122 2342; x_wconf 45' lang='lat' dir='ltr'><strong>creden-2</strong></span> <span class='ocrx_word' id='word_1_323' title='bbox 1151 2308 1193 2336; x_wconf 89' lang='lat' dir='ltr'><strong>ut</strong></span> <span class='ocrx_word' id='word_1_324' title='bbox 1215 2305 1424 2349; x_wconf 87' lang='lat' dir='ltr'><strong>nuperrime</strong></span> <span class='ocrx_word' id='word_1_325' title='bbox 1445 2315 1464 2336; x_wconf 89' lang='lat' dir='ltr'><strong>a</strong></span> <span class='ocrx_word' id='word_1_326' title='bbox 1483 2316 1542 2338; x_wconf 88' lang='lat' dir='ltr'><strong>me</strong></span> 
     </span>
     <span class='ocr_line' id='line_1_36' title="bbox 100 2349 1541 2397; baseline -0.001 -11"><span class='ocrx_word' id='word_1_327' title='bbox 100 2353 292 2397; x_wconf 88' lang='lat' dir='ltr'><strong>imperium</strong></span> <span class='ocrx_word' id='word_1_328' title='bbox 322 2351 528 2396; x_wconf 82' lang='lat' dir='ltr'><strong>temperari,</strong></span> <span class='ocrx_word' id='word_1_329' title='bbox 558 2349 682 2382; x_wconf 85' lang='lat' dir='ltr'><strong>omnia</strong></span> <span class='ocrx_word' id='word_1_330' title='bbox 713 2359 858 2394; x_wconf 83' lang='lat' dir='ltr'><strong>pessum</strong></span> <span class='ocrx_word' id='word_1_331' title='bbox 895 2349 948 2382; x_wconf 86' lang='lat' dir='ltr'><strong>ire</strong></span> <span class='ocrx_word' id='word_1_332' title='bbox 977 2349 1183 2394; x_wconf 86' lang='lat' dir='ltr'><strong>oportebit:</strong></span> <span class='ocrx_word' id='word_1_333' title='bbox 1210 2361 1272 2384; x_wconf 85' lang='lat' dir='ltr'><strong>seu</strong></span> <span class='ocrx_word' id='word_1_334' title='bbox 1300 2351 1541 2385; x_wconf 87' lang='lat' dir='ltr'><strong>somniculose</strong></span> 
     </span>
     <span class='ocr_line' id='line_1_37' title="bbox 100 2394 1540 2445; baseline 0 -13"><span class='ocrx_word' id='word_1_335' title='bbox 100 2404 137 2433; x_wconf 79' lang='lat' dir='ltr'><strong>et</strong></span> <span class='ocrx_word' id='word_1_336' title='bbox 160 2409 261 2432; x_wconf 84' lang='lat' dir='ltr'><strong>secus</strong></span> <span class='ocrx_word' id='word_1_337' title='bbox 279 2409 386 2445; x_wconf 84' lang='lat' dir='ltr'><strong>quam</strong></span> <span class='ocrx_word' id='word_1_338' title='bbox 409 2397 579 2431; x_wconf 85' lang='lat' dir='ltr'><strong>convenit</strong></span> <span class='ocrx_word' id='word_1_339' title='bbox 602 2394 837 2441; x_wconf 79' lang='lat' dir='ltr'><strong>gubernante,</strong></span> <span class='ocrx_word' id='word_1_340' title='bbox 857 2395 984 2429; x_wconf 86' lang='lat' dir='ltr'><strong>eadem</strong></span> <span class='ocrx_word' id='word_1_341' title='bbox 1009 2401 1065 2429; x_wconf 89' lang='lat' dir='ltr'><strong>est</strong></span> <span class='ocrx_word' id='word_1_342' title='bbox 1083 2396 1325 2440; x_wconf 83' lang='lat' dir='ltr'><strong>exspectanda</strong></span> <span class='ocrx_word' id='word_1_343' title='bbox 1342 2398 1540 2434; x_wconf 83' lang='lat' dir='ltr'><strong>calamitas.</strong></span> 
     </span>
     <span class='ocr_line' id='line_1_38' title="bbox 100 2442 1538 2490; baseline -0.001 -10"><span class='ocrx_word' id='word_1_344' title='bbox 100 2447 146 2480; x_wconf 90' lang='lat' dir='ltr'><strong>Et</strong></span> <span class='ocrx_word' id='word_1_345' title='bbox 157 2456 221 2490; x_wconf 84' lang='lat' dir='ltr'><strong>ego</strong></span> <span class='ocrx_word' id='word_1_346' title='bbox 247 2445 395 2489; x_wconf 85' lang='lat' dir='ltr'><strong>insuper</strong></span> <span class='ocrx_word' id='word_1_347' title='bbox 418 2454 494 2477; x_wconf 87' lang='lat' dir='ltr'><strong>non</strong></span> <span class='ocrx_word' id='word_1_348' title='bbox 517 2443 601 2477; x_wconf 84' lang='lat' dir='ltr'><strong>aliis</strong></span> <span class='ocrx_word' id='word_1_349' title='bbox 628 2442 766 2482; x_wconf 83' lang='lat' dir='ltr'><strong>solum,</strong></span> <span class='ocrx_word' id='word_1_350' title='bbox 795 2452 916 2475; x_wconf 86' lang='lat' dir='ltr'><strong>verum</strong></span> <span class='ocrx_word' id='word_1_351' title='bbox 948 2443 1060 2476; x_wconf 88' lang='lat' dir='ltr'><strong>etiam</strong></span> <span class='ocrx_word' id='word_1_352' title='bbox 1086 2442 1255 2478; x_wconf 87' lang='lat' dir='ltr'><strong>mihimet</strong></span> <span class='ocrx_word' id='word_1_353' title='bbox 1290 2444 1538 2490; x_wconf 78' lang='lat' dir='ltr'><strong>improbitatis</strong></span> 
     </span>
     <span class='ocr_line' id='line_1_39' title="bbox 101 2487 1540 2539; baseline -0.002 -12"><span class='ocrx_word' id='word_1_354' title='bbox 101 2503 236 2539; x_wconf 84' lang='lat' dir='ltr'><strong>poenas</strong></span> <span class='ocrx_word' id='word_1_355' title='bbox 270 2490 388 2524; x_wconf 86' lang='lat' dir='ltr'><strong>dabo:</strong></span> <span class='ocrx_word' id='word_1_356' title='bbox 425 2495 467 2524; x_wconf 87' lang='lat' dir='ltr'><strong>ut</strong></span> <span class='ocrx_word' id='word_1_357' title='bbox 507 2489 680 2534; x_wconf 82' lang='lat' dir='ltr'><strong>utrinque</strong></span> <span class='ocrx_word' id='word_1_358' title='bbox 711 2487 846 2523; x_wconf 86' lang='lat' dir='ltr'><strong>referat</strong></span> <span class='ocrx_word' id='word_1_359' title='bbox 880 2488 970 2522; x_wconf 83' lang='lat' dir='ltr'><strong>haec</strong></span> <span class='ocrx_word' id='word_1_360' title='bbox 1012 2489 1278 2534; x_wconf 84' lang='lat' dir='ltr'><strong>imperatricem</strong></span> <span class='ocrx_word' id='word_1_361' title='bbox 1313 2501 1540 2536; x_wconf 80' lang='lat' dir='ltr'><strong>cognoscere,</strong></span> 
     </span>
     <span class='ocr_line' id='line_1_40' title="bbox 102 2534 1577 2584; baseline -0.001 -12"><span class='ocrx_word' id='word_1_362' title='bbox 102 2539 250 2574; x_wconf 79' lang='lat' dir='ltr'><strong>etiamsi</strong></span> <span class='ocrx_word' id='word_1_363' title='bbox 275 2537 362 2572; x_wconf 84' lang='lat' dir='ltr'><strong>inde</strong></span> <span class='ocrx_word' id='word_1_364' title='bbox 388 2547 494 2584; x_wconf 79' lang='lat' dir='ltr'><strong>aegra</strong></span> <span class='ocrx_word' id='word_1_365' title='bbox 517 2536 631 2570; x_wconf 81' lang='lat' dir='ltr'><strong>animi</strong></span> <span class='ocrx_word' id='word_1_366' title='bbox 655 2535 779 2570; x_wconf 81' lang='lat' dir='ltr'><strong>futura</strong></span> <span class='ocrx_word' id='word_1_367' title='bbox 804 2535 861 2569; x_wconf 83' lang='lat' dir='ltr'><strong>sit.</strong></span> <span class='ocrx_word' id='word_1_368' title='bbox 887 2534 1075 2582; x_wconf 87' lang='lat' dir='ltr'><strong>Siquidem</strong></span> <span class='ocrx_word' id='word_1_369' title='bbox 1101 2542 1272 2580; x_wconf 80' lang='lat' dir='ltr'><strong>praestat,</strong></span> <span class='ocrx_word' id='word_1_370' title='bbox 1303 2543 1345 2571; x_wconf 90' lang='lat' dir='ltr'><strong>ut</strong></span> <span class='ocrx_word' id='word_1_371' title='bbox 1368 2544 1540 2584; x_wconf 88' lang='lat' dir='ltr'><strong>percepto</strong></span> <span class='ocrx_word' id='word_1_372' title='bbox 1573 2557 1577 2560; x_wconf 60' lang='lat'><em>&lt;</em></span> 
     </span>
     <span class='ocr_line' id='line_1_41' title="bbox 103 2581 1542 2630; baseline -0.001 -10"><span class='ocrx_word' id='word_1_373' title='bbox 103 2597 223 2620; x_wconf 82' lang='lat' dir='ltr'><strong>rerum</strong></span> <span class='ocrx_word' id='word_1_374' title='bbox 248 2589 366 2625; x_wconf 84' lang='lat' dir='ltr'><strong>statu,</strong></span> <span class='ocrx_word' id='word_1_375' title='bbox 388 2589 507 2618; x_wconf 88' lang='lat' dir='ltr'><strong>tecum</strong></span> <span class='ocrx_word' id='word_1_376' title='bbox 533 2588 571 2617; x_wconf 87' lang='lat' dir='ltr'><strong>et</strong></span> <span class='ocrx_word' id='word_1_377' title='bbox 593 2593 674 2616; x_wconf 87' lang='lat' dir='ltr'><strong>cum</strong></span> <span class='ocrx_word' id='word_1_378' title='bbox 697 2582 777 2616; x_wconf 85' lang='lat' dir='ltr'><strong>aliis</strong></span> <span class='ocrx_word' id='word_1_379' title='bbox 801 2593 867 2627; x_wconf 88' lang='lat' dir='ltr'><strong>pro</strong></span> <span class='ocrx_word' id='word_1_380' title='bbox 893 2593 936 2616; x_wconf 91' lang='lat' dir='ltr'><strong>eo</strong></span> <span class='ocrx_word' id='word_1_381' title='bbox 962 2594 1003 2616; x_wconf 88' lang='lat' dir='ltr'><strong>ac</strong></span> <span class='ocrx_word' id='word_1_382' title='bbox 1028 2581 1138 2616; x_wconf 84' lang='lat' dir='ltr'><strong>debet</strong></span> <span class='ocrx_word' id='word_1_383' title='bbox 1161 2584 1206 2618; x_wconf 81' lang='lat' dir='ltr'><strong>(le</strong></span> <span class='ocrx_word' id='word_1_384' title='bbox 1225 2585 1377 2630; x_wconf 88' lang='lat' dir='ltr'><strong>imperio</strong></span> <span class='ocrx_word' id='word_1_385' title='bbox 1392 2585 1542 2618; x_wconf 79' lang='lat' dir='ltr'><strong>consul-</strong></span> 
     </span>
     <span class='ocr_line' id='line_1_42' title="bbox 104 2628 1541 2678; baseline -0.001 -12"><span class='ocrx_word' id='word_1_386' title='bbox 104 2637 181 2673; x_wconf 86' lang='lat' dir='ltr'><strong>tet,</strong></span> <span class='ocrx_word' id='word_1_387' title='bbox 205 2642 312 2678; x_wconf 86' lang='lat' dir='ltr'><strong>quam</strong></span> <span class='ocrx_word' id='word_1_388' title='bbox 348 2635 401 2671; x_wconf 87' lang='lat' dir='ltr'><strong>ut,</strong></span> <span class='ocrx_word' id='word_1_389' title='bbox 442 2641 486 2664; x_wconf 90' lang='lat' dir='ltr'><strong>eo</strong></span> <span class='ocrx_word' id='word_1_390' title='bbox 512 2631 690 2677; x_wconf 82' lang='lat' dir='ltr'><strong>ignorato,</strong></span> <span class='ocrx_word' id='word_1_391' title='bbox 714 2628 814 2663; x_wconf 86' lang='lat' dir='ltr'><strong>haud</strong></span> <span class='ocrx_word' id='word_1_392' title='bbox 841 2629 955 2663; x_wconf 90' lang='lat' dir='ltr'><strong>multo</strong></span> <span class='ocrx_word' id='word_1_393' title='bbox 979 2634 1063 2675; x_wconf 89' lang='lat' dir='ltr'><strong>post</strong></span> <span class='ocrx_word' id='word_1_394' title='bbox 1087 2640 1161 2664; x_wconf 90' lang='lat' dir='ltr'><strong>non</strong></span> <span class='ocrx_word' id='word_1_395' title='bbox 1189 2630 1318 2666; x_wconf 86' lang='lat' dir='ltr'><strong>horum</strong></span> <span class='ocrx_word' id='word_1_396' title='bbox 1343 2631 1541 2673; x_wconf 76' lang='lat' dir='ltr'><strong>dumtaxat,</strong></span> 
     </span>
     <span class='ocr_line' id='line_1_43' title="bbox 106 2675 1148 2714; baseline -0.007 0"><span class='ocrx_word' id='word_1_397' title='bbox 106 2679 171 2714; x_wconf 76' lang='lat' dir='ltr'><strong>sed</strong></span> <span class='ocrx_word' id='word_1_398' title='bbox 195 2683 233 2713; x_wconf 87' lang='lat' dir='ltr'><strong>et</strong></span> <span class='ocrx_word' id='word_1_399' title='bbox 255 2678 524 2712; x_wconf 85' lang='lat' dir='ltr'><strong>imminentium</strong></span> <span class='ocrx_word' id='word_1_400' title='bbox 548 2675 857 2711; x_wconf 88' lang='lat' dir='ltr'><strong>incommodorum</strong></span> <span class='ocrx_word' id='word_1_401' title='bbox 884 2686 987 2709; x_wconf 84' lang='lat' dir='ltr'><strong>causa</strong></span> <span class='ocrx_word' id='word_1_402' title='bbox 1017 2675 1148 2711; x_wconf 80' lang='lat' dir='ltr'><strong>doleat.</strong></span> 
     </span>
     <span class='ocr_line' id='line_1_44' title="bbox 199 2723 1548 2770; baseline 0.001 -12"><span class='ocrx_word' id='word_1_403' title='bbox 199 2725 230 2770; x_wconf 74' lang='grc'><strong>4.</strong></span> <span class='ocrx_word' id='word_1_404' title='bbox 277 2725 375 2765; x_wconf 82' lang='lat' dir='ltr'><strong>Haec</strong></span> <span class='ocrx_word' id='word_1_405' title='bbox 416 2723 536 2759; x_wconf 85' lang='lat' dir='ltr'><strong>omnia</strong></span> <span class='ocrx_word' id='word_1_406' title='bbox 571 2723 773 2769; x_wconf 82' lang='lat' dir='ltr'><strong>patriarcha</strong></span> <span class='ocrx_word' id='word_1_407' title='bbox 815 2723 1037 2768; x_wconf 87' lang='lat' dir='ltr'><strong>imperatrici</strong></span> <span class='ocrx_word' id='word_1_408' title='bbox 1074 2723 1318 2758; x_wconf 87' lang='lat' dir='ltr'><strong>renuntiabat.</strong></span> <span class='ocrx_word' id='word_1_409' title='bbox 1382 2726 1427 2758; x_wconf 77' lang='lat' dir='ltr'><strong>Ea</strong></span> <span class='ocrx_word' id='word_1_410' title='bbox 1463 2736 1548 2759; x_wconf 57' lang='lat' dir='ltr'><strong>cumv</strong></span> 
     </span>
     <span class='ocr_line' id='line_1_45' title="bbox 106 2769 1544 2819; baseline -0.001 -12"><span class='ocrx_word' id='word_1_411' title='bbox 106 2771 274 2814; x_wconf 77' lang='lat' dir='ltr'><strong>audiret,</strong></span> <span class='ocrx_word' id='word_1_412' title='bbox 306 2782 402 2818; x_wconf 87' lang='lat' dir='ltr'><strong>quae</strong></span> <span class='ocrx_word' id='word_1_413' title='bbox 437 2781 506 2807; x_wconf 80' lang='lat' dir='ltr'><strong>nec</strong></span> <span class='ocrx_word' id='word_1_414' title='bbox 538 2780 700 2819; x_wconf 84' lang='lat' dir='ltr'><strong>unquam</strong></span> <span class='ocrx_word' id='word_1_415' title='bbox 730 2770 810 2817; x_wconf 87' lang='lat' dir='ltr'><strong>ipsa</strong></span> <span class='ocrx_word' id='word_1_416' title='bbox 841 2769 1056 2816; x_wconf 77' lang='lat' dir='ltr'><strong>cogitasset,</strong></span> <span class='ocrx_word' id='word_1_417' title='bbox 1079 2779 1147 2805; x_wconf 83' lang='lat' dir='ltr'><strong>nec</strong></span> <span class='ocrx_word' id='word_1_418' title='bbox 1169 2771 1245 2806; x_wconf 84' lang='lat' dir='ltr'><strong>alio</strong></span> <span class='ocrx_word' id='word_1_419' title='bbox 1269 2774 1439 2806; x_wconf 81' lang='lat' dir='ltr'><strong>narrante</strong></span> <span class='ocrx_word' id='word_1_420' title='bbox 1465 2782 1544 2806; x_wconf 81' lang='lat' dir='ltr'><strong>cre-</strong></span> 
     </span>
    </p>
   </div>
  </div>
 </body>
</html>
