1820 3138
274 142 388 209 404
803 155 1174 198 CANTACUZENI

82 251 267 312 A‘fc.'1343
283 262 359 301 τοῦ
388 260 434 300 δὲ
461 257 604 300 στόλου
636 255 789 305 παντὸς
817 258 875 305 εἰς
906 256 980 310 την
1009 258 1163 298 οἰκείαν
1192 253 1546 311 ἀποπλεύσαντος,
1586 255 1711 307 αὐτὸς

276 321 363 377 ἅμα
386 319 547 376 Ἀμοὺρ
577 319 880 374 ἑξακισχιλίους
907 322 1140 370 ἐπιλέκτους
1168 316 1336 375 ἄγοντες
1371 326 1574 376 Περσῶν,
1611 317 1709 376 ἧκον

275 389 335 437 εἰς
361 385 674 440 Διδυμότειχον.
705 387 743 426 οὶ
772 387 818 428 δὲ
845 386 889 427 ἐν
917 387 1207 443 Διδυμοτείχῳ
1262 383 1409 440 ἑορτὰς
1448 382 1546 440 ἦγον
1584 389 1709 441 δημο-

275 452 370 501 σίας
405 453 480 506 τῆς
509 453 713 505 βασιλέως
740 450 947 492 ἐπανόδου
982 450 1056 492 καί
1087 457 1272 493 παντοῖοι
1297 447 1403 506 ἦσαν
1440 451 1516 506 ὑφ’
1548 451 1710 506 ἡδονῆς.

274 516 448 560 ἐδόκουν
480 515 560 571 γὰρ
593 516 649 565 ὥς
680 518 723 567 ἐξ
766 512 868 572 ᾅδου
908 516 1006 564 τοὺς
1040 519 1138 571 περί
1172 520 1348 569 βασιλέα
1391 512 1518 565 αὖθις
1554 518 1611 564 εἰς
1642 513 1734 558 τόν5

274 586 367 637 βίον
414 581 713 634 ὑποδέχεσθαι.
769 579 913 634 ὀλίγας
948 582 994 622 δὲ
1020 581 1179 635 ἡμέρας
1207 582 1479 636 ἐνδιατρίψας
1519 584 1708 634 Διδυμο-

274 648 423 705 τείχῳ,
454 648 626 700 ἐξῆλθεν
657 647 717 694 εἰς
740 644 940 700 Ῥοδόπην
958 658 969 669 ·
998 648 1069 687 καί
1096 644 1147 686 τοὶ
1175 645 1278 687 κατὰ
1307 645 1380 701 τὴν
1410 645 1595 702 Μύρραν
1632 662 1708 687 πο·-

272 716 414 766 λίχνια
442 710 578 753 πάντα
596 709 923 767 προσεχώρησαν
952 709 1217 765 εὖθῦς,πλην
1244 708 1343 763 ἐνὸς,
1367 709 1558 767 Ἐφραίμ
1577 727 1708 767 προσ-

273 779 590 832 αγορευομένου.
645 773 699 818 τὰ
737 777 813 829 μὲν
852 770 926 817 οὖν
961 773 1316 830 προσχωρήσαντα
1348 777 1469 818 οὐδὲν
1505 779 1706 831 δυσχερὲς

270 842 478 894 ὑπέμενον
505 838 619 896 παρὰ
646 843 855 896 Περσῶν,
887 836 1072 895 Ἐφραίμ
1111 842 1157 881 δὲ
1194 839 1408 882 ἐκάκωσαν
1449 841 1520 882 οὐκ
1562 843 1758 895 ὀλίγαρῠ

238 902 340 956 coc}
366 908 592 961 ἐπιστήσας
624 901 807 960 ἄρχοντα
837 903 909 947 τὸν
944 904 1142 959 γυναικὸς
1186 906 1372 960 ἀδελφὸν
1409 903 1589 961 Ἀσάνην
1631 905 1704 948 τὸν

267 969 488 1026 Ἰωάννην,
522 966 652 1020 αὖθις
682 970 933 1025 ἀνέστρεφεν
962 971 1020 1019 εἰς
1054 968 1378 1024 Διδυμότειχον.
1419 970 1523 1026 πρὸς
1554 973 1600 1012 δὲ
1626 968 1704 1019 τὰς

271 1036 315 1078 ἐν
359 1039 411 1094 τῇ
456 1034 599 1092 Θρᾴκῃ
639 1032 776 1084 πόλεις
818 1037 988 1088 πέμψας
1027 1035 1224 1091 στρατιὰν
1266 1033 1355 1088 ἅμα
1379 1037 1605 1089 ιΡωμαίων
1631 1038 1706 1078 καί

268 1101 473 1156 Περσῶν,
504 1097 620 1154 ἦξίου
656 1106 934 1155 προσχωρεῖν·
966 1097 1023 1148 ὥς
1051 1102 1090 1141 δ’
1122 1097 1171 1140 οὗ
1202 1101 1519 1156 προσεχώρουν,
1548 1098 1699 1142 ἐκάκου

269 1163 347 1207 ὅσα
389 1164 572 1218 δυνατὰ,
618 1168 691 1207 καί
717 1168 857 1218 κῶμαι
885 1167 1017 1207 πᾶσαι
1045 1167 1298 1220 ἐπορθοῦντο
1328 1166 1398 1207 καί
1426 1165 1463 1207 οἱ
1493 1165 1753 1221 α’νδραπο-ιό

269 1230 475 1284 διζὸμενοι
512 1230 812 1284 ἐπιπράσκοντο
841 1229 942 1286 πρὸς
981 1229 1078 1279 τούς
1119 1233 1311 1280 οἰκείους·
1357 1229 1618 1287 ἀπέθνησκον
1654 1234 1701 1275 δὲ

266 1297 340 1336 καί
376 1300 571 1339 πλεῖστοι.
624 1294 820 1348 βασιλεὺς
857 1298 902 1337 δὲ
930 1296 1071 1350 ἠνιᾶτο
1102 1298 1179 1349 μὲν
1206 1296 1310 1351 πρὸς
1334 1296 1382 1338 τά
1422 1300 1594 1339 τοιαῦτα
1626 1299 1701 1338 οὐκ

266 1361 466 1412 α’νεκτῶς,
498 1362 706 1415 θεραπεία
741 1363 787 1401 δὲ
815 1363 892 1401 τοῦ
918 1363 1047 1402 κακοῦ
1074 1363 1250 1413 ου’δεμία
1283 1362 1547 1416 ἐξευρίσκετο.
1605 1358 1700 1404 οὔτε

262 1423 341 1478 γὰρ
383 1424 425 1465 αἱ
465 1421 606 1472 πόλεις
646 1423 971 1479 προσεχώρουν,
1014 1421 1117 1466 ὥστε
1146 1426 1281 1467 αὐτῶν
1308 1427 1572 1480 ἀποσχέσθαι
1599 1427 1699 1476 τούς

263 1488 532 1544 βαρβάρους,
574 1483 672 1529 οὔτε
702 1491 958 1543 α’ποχραῖσαν
986 1488 1089 1543 πρὸς
1115 1488 1214 1539 τούς
1242 1492 1463 1543 πολεμιόυς
1501 1489 1587 1545 εἶχε
1622 1492 1750 1534 δυ’-20
1801 1540 1806 1545 ,

263 1569 390 1606 ναμιν
427 1554 471 1594 ἐκ
506 1554 744 1605 Ῥωμαίων,
786 1551 891 1594 ὥστε
920 1553 1240 1607 ἀποπέμπεσθαι
1267 1555 1365 1604 τούς
1397 1559 1595 1612 Πέρσας,
1640 1557 1699 1607 ὥς

263 1615 353 1669 ἅμα
387 1624 473 1665 τοῖς
501 1619 677 1659 συνοῦσι
701 1618 923 1671 Ῥωμαίοις
959 1617 1033 1660 τὸν
1071 1617 1252 1672 πόλεμον
1281 1622 1459 1667 διοίσων.
1518 1620 1582 1663 διὸ
1626 1622 1700 1664 καὶ

135 1693 256 1738 v,462
271 1679 383 1723 ἄκων
409 1685 485 1734 μὲν
513 1683 585 1723 καί
623 1682 860 1736 ἀχθόμενος
901 1683 971 1725 ἐπὶ
1005 1685 1055 1740 τῇ
1091 1686 1173 1726 τῶν
1206 1685 1428 1737 ζ,Ρωμαίων
1467 1689 1692 1744 συμφορᾷ,

228 1752 437 1800 Βκατεῖχε
462 1748 507 1789 δὲ
528 1743 639 1800 ὅμως
667 1749 722 1788 δι’
749 1745 943 1804 ἀνάγκην.
971 1747 1030 1791 ἔτι
1050 1750 1096 1791 δὲ
1125 1751 1170 1792 ἐν
1182 1749 1365 1807 ζ,Ροδόπῃ
1395 1746 1540 1807 ἑτέρας
1566 1748 1695 1808 οὔσης

262 1895 455 1928 fabricatas
482 1896 664 1937 incendit,
690 1901 840 1942 totaque
866 1898 977 1932 classe
1004 1900 1042 1931 in
1066 1899 1186 1934 Asiam
1212 1911 1374 1942 reversa,
1403 1901 1479 1945 ipse
1508 1907 1544 1937 et
1577 1903 1689 1937 Amu-

261 1943 336 1975 rius
364 1952 425 1974 sex
450 1943 566 1975 millia
591 1945 803 1976 selectorum
832 1946 1010 1978 Persarum
1037 1945 1231 1988 ducentes,
1257 1947 1546 1990 Didymotichum
1573 1951 1692 1995 ingre-

264 1988 424 2025 diuntur.
463 1989 797 2032 Didymotichenses
821 1990 965 2034 publice
991 1991 1087 2024 diem
1116 1994 1246 2027 festum
1273 1997 1405 2038 agitare
1432 2000 1468 2027 et
1494 1996 1600 2029 variis
1630 1997 1690 2029 iu-

264 2033 511 2068 cunditatibus
539 2047 614 2068 sese
641 2036 794 2078 dedere,
822 2037 919 2082 quod
945 2037 1015 2070 sibi
1041 2039 1086 2071 ab
1111 2040 1233 2072 inferis
1261 2040 1454 2074 redivivum
1493 2041 1690 2086 imperato-

264 2090 338 2112 rem
371 2082 535 2124 excipere
569 2082 786 2116 viderentur.
845 2083 996 2128 Aliquot
1030 2085 1157 2118 diebus
1183 2084 1428 2129 Didymolichi
1459 2089 1691 2132 consumptis,

265 2124 463 2170 Rhodopen
504 2128 594 2159 exiit
625 2129 817 2172 omniaque
853 2128 1019 2162 Morrhae
1052 2131 1223 2175 oppidula
1245 2132 1432 2164 confestim
1458 2145 1494 2167 se
1523 2134 1690 2168 subiece-

267 2176 374 2212 runt,
420 2184 491 2205 uno
530 2180 721 2218 exempto,
754 2174 930 2219 Ephraem
967 2177 1123 2209 nomine.
1193 2177 1317 2210 Persae
1356 2180 1428 2212 iuis
1471 2181 1552 2213 aliis
1593 2180 1688 2214 nihil

266 2217 408 2251 molesti
434 2219 601 2258 fuerunt,
627 2221 801 2265 Ephraem
826 2222 955 2254 misere
980 2223 1189 2259 afflixerunt.
1239 2224 1377 2257 Ceteris
1404 2227 1537 2259 Ioanne
1562 2227 1690 2268 Asane,
1726 2223 1732 2230 ¹

266 2265 388 2297 uxoris
412 2264 534 2304 fratre,
550 2267 764 2310 praeposito,
794 2268 1084 2310 Didymotichum
1111 2280 1147 2301 se
1173 2273 1309 2313 recepit
1333 2277 1367 2303 et
1392 2273 1558 2306 adversus
1574 2273 1686 2307 Thra-

267 2311 344 2342 ciae
371 2310 477 2343 urbes
503 2321 547 2342 ex
574 2312 736 2345 Romanis
765 2313 951 2358 Persisque
976 2314 1174 2347 confectum
1199 2326 1323 2359 agmen
1359 2319 1528 2359 mittens,
1563 2324 1690 2363 postu-

265 2354 378 2396 labat,
411 2357 465 2389 uti
497 2368 533 2389 se
560 2358 744 2391 dominum
769 2365 1023 2402 agnoscerent:
1049 2359 1284 2394 detrectantes
1301 2387 1309 2401 ‚
1337 2369 1509 2408 quantum
1536 2370 1688 2410 poterat,

265 2401 359 2433 male
397 2402 584 2435 multabat.
641 2404 720 2437 Vici
759 2415 880 2438 omnes
915 2405 1197 2449 diripiebantur,
1236 2410 1331 2452 capti
1368 2411 1580 2456 propinquis
1613 2413 1687 2445 suis
1735 2423 1739 2427 ·

267 2449 387 2490 pretio
419 2448 672 2483 reddebantur.
720 2451 866 2484 Plurimi
891 2451 1153 2484 occidebantur.
1211 2455 1406 2498 Imperator
1439 2456 1524 2489 hinc
1555 2459 1682 2490 mirum

268 2492 309 2522 in
334 2493 479 2525 modum
508 2496 805 2536 contristabatur,
834 2507 900 2529 nec
924 2497 1033 2529 ullum
1059 2498 1144 2531 mali
1170 2511 1206 2532 se
1232 2502 1425 2534 remedium
1452 2502 1682 2537 ostendebat:

267 2548 387 2582 neque
417 2541 512 2572 enim
537 2541 643 2575 urbes
668 2544 706 2575 in
731 2542 907 2575 ditionem
932 2542 1146 2583 veniebant,
1175 2552 1213 2578 ut
1240 2547 1381 2579 barbari
1414 2549 1486 2581 illis
1511 2549 1683 2584 vexandis

267 2584 510 2625 abstinerent,
545 2599 664 2633 neque
702 2588 764 2621 ine
799 2594 920 2621 contra
944 2589 1064 2622 hostes
1094 2601 1137 2622 ex
1161 2592 1326 2626 Romanis
1353 2595 1470 2637 copias
1494 2597 1578 2628 satis
1603 2606 1686 2628 ma·-

266 2639 352 2672 guas
375 2629 532 2664 habebat
549 2658 558 2672 ‚
585 2639 626 2666 ut
653 2635 790 2674 Persas,
816 2635 917 2680 quasi
943 2646 1022 2668 cum
1048 2636 1133 2669 solis
1160 2640 1322 2672 Romanis
1349 2640 1481 2673 bellum
1508 2642 1685 2674 toleratu-

265 2685 337 2714 rus,
362 2674 569 2712 dimitteret.
619 2679 796 2724 Quocirca
821 2692 1033 2727 quamquam
1057 2682 1190 2716 invitus
1216 2691 1252 2718 et
1275 2691 1420 2731 propter
1444 2687 1685 2722 calamitatem

265 2721 504 2755 Romanorum
528 2735 632 2769 aeger
658 2726 769 2760 animi
794 2738 852 2761 eas
877 2727 1092 2772 occupabat,
1117 2731 1326 2766 necessitate
1362 2738 1502 2767 coactus
1537 2734 1685 2769 scilicet.
