1800 3138
254 176 361 231 228
770 181 1138 226 CANTAcUzEm

58 302 140 337 Ac.
158 302 242 347 ¹342
254 294 368 334 κέναι
404 289 452 330 δὲ
475 281 706 338 Ῥωμαίους
733 281 831 331 τούς
859 282 972 336 αὐτῷ
1001 279 1289 331 πολεμοῦντας,
1317 275 1375 331 μὴ
1404 275 1684 330 διαρπάσωσι,

209 355 301 399 nvo}
331 351 427 397 ὄντα
456 353 500 394 ἒν
526 349 700 405 χωρίοις
728 348 969 400 ἀτειχίστοις
998 344 1333 394 διεσκεδασμένοι.
1385 339 1462 389 τὰς
1487 338 1566 394 γὰρ
1595 337 1685 380 πό·μ

250 427 358 472 λεις,
398 412 457 459 ὧν
499 410 606 469 ἦρχε
646 410 845 468 πρότερον
881 407 962 451 ὑπὸ
990 411 1046 466 τῷ
1083 407 1298 461 Τριβαλῶν
1325 401 1497 459 ἄρχοντι
1521 405 1669 455 τελῶν,

249 482 589 538 παραδεδωκέναι
626 481 813 531 βασιλεῖ,
857 475 912 524 ὥς
951 477 1024 516 καί
1061 468 1188 520 αὗτὸς
1222 472 1303 512 τῶν
1346 465 1480 512 ἄλλων,
1513 470 1672 521 μᾶλλον

249 549 462 592 σύνοιδεν·
521 541 649 592 αὖτός
678 542 723 583 δὲ
750 539 825 595 τὴν
853 537 999 582 οὐσίαν
1031 540 1075 579 ἐν
1102 538 1161 594 τῷ
1176 537 1407 578 Μελενίκου
1441 530 1696 589 προαστείῳὸ

249 615 389 655 πᾶσαν
425 609 550 664 ἔχειν.
621 609 674 648 δι’
712 601 741 648 ἃ
780 605 829 645 οὕ
858 603 1069 646 δύνασθαι
1095 598 1208 655 ἥκειν
1234 600 1334 655 πρὸς
1365 593 1520 650 αὖτὸν,
1551 598 1590 638 εἰ
1613 593 1671 650 μῆ

250 676 480 720 Μελενίκον
503 670 698 728 πρότερον
720 667 1030 723 ὖποποιήσαιτο.
1059 662 1166 708 οὕτω
1189 663 1268 718 γὰρ
1298 666 1370 705 καί
1395 661 1537 712 αὐτὸν,
1567 665 1673 715 θαρ-

252 742 452 796 σήσαντα,
482 737 541 786 ὥς
571 737 693 778 ου’δὲν
719 736 801 776 τῶν
822 729 947 775 ὄντων
973 732 1137 782 ἀπολεῖ,
1156 726 1420 781 συνάψεσθαι
1437 730 1677 782 προθύμως.

250 808 421 859 βασιλεῖ
445 804 523 855 μὲν
551 796 625 842 οὖν
656 798 787 847 εὐθυς
811 795 947 840 ἐδόκει
973 795 1108 837 πάντα
1135 790 1286 848 ἄπορα.
1338 792 1442 844 τό,τε
1468 790 1545 846 γὰρ
1574 788 1676 832 ἅνα-

251 871 447 924 στρέφειν
491 867 537 908 ἐκ
582 865 851 911 Μακεδονίας
898 861 948 902 οὗ
986 857 1090 915 πρὸς
1128 859 1258 900 αὐτοῦ
1297 855 1467 899 ἔσεσθαι
1492 854 1730 908 ἐνὸμιζε,ιο

252 933 324 975 καί
348 931 392 974 τό
417 931 603 986 προϊέναι
628 928 732 984 πρὸς
761 925 964 980 ἑσπέραν,
993 923 1067 980 τὴν
1095 925 1240 978 Χρέλη
1268 924 1339 963 καί
1363 918 1678 976 πρωτοστράτοο

129 1005 243 1050 Ρ.473
257 1013 327 1054 ρος
351 992 624 1038 καταλιπόντα
653 990 925 1044 συμμαχίαν,
955 990 1030 1030 οὐκ
1057 985 1229 1043 ἀγαθόν.
1292 983 1426 1028 ἐδόκει
1453 986 1499 1027 δὲ
1524 985 1680 1061 μᾶλλον

251 1061 485 1105 Μελενίκου
515 1054 767 1113 ἆποπειρᾷν,
797 1057 836 1097 εἰ
863 1052 1028 1095 δύναιτο
1056 1051 1340 1109 προσάγεσθαι
1368 1050 1575 1107 ὁμολογίᾳ,
1634 1065 1677 1090 ο-

248 1131 365 1174 πλοις
405 1122 486 1179 γάρ
531 1120 758 1176 βιάζεσθαι
802 1116 989 1161 ἀδύνατα
1025 1113 1076 1172 ἦν
1112 1114 1157 1158 ἔκ
1187 1132 1229 1158 τε
1256 1117 1414 1163 θέσεως
1452 1116 1527 1155 τοῦ
1552 1113 1684 1155 τόπου

249 1189 322 1232 καί
358 1188 608 1241 κατασκευῆς
643 1186 715 1239 τῆς
743 1183 899 1232 πόλεως
927 1179 1193 1238 ὄχυρωτάτης
1221 1174 1359 1234 οἷῖσης.
1413 1180 1486 1220 καί
1509 1176 1732 1231 πέμψαςιὸ

249 1255 448 1307 διελέγετο
478 1249 620 1306 κρύφα
645 1255 730 1297 τοῖς
758 1244 877 1290 οὖσιν
906 1248 1092 1289 ἐνταῦθα
1123 1247 1259 1302 φίλοις
1279 1246 1376 1299 περὶ
1391 1242 1676 1299 παραδόσεως.

249 1318 411 1373 Συργὴς
438 1319 577 1369 μέντοι
605 1316 650 1356 ἐκ
678 1315 825 1369 Φερῶν
853 1309 943 1365 ἅμα
969 1309 1242 1366 μητροπολίτῃ
1271 1311 1344 1367 τῆς
1376 1304 1507 1362 αὖτῆς
1526 1308 1679 1357 πόλεως

249 1383 322 1438 τὴν
363 1382 456 1435 ἴσην
497 1380 727 1432 ἀπέχθειαν
755 1376 858 1433 πρὸς
885 1376 1060 1430 βασιλέα
1087 1375 1401 1429 ἐπιδεικνυμένῳ
1442 1375 1513 1414 καί
1537 1375 1680 1414 Μονο-

251 1445 377 1504 μάχῳ
404 1447 464 1503 τῷ
490 1442 677 1500 ἐπάρχῳ,
716 1437 806 1496 (ἧκε
833 1439 911 1496 γὰρ
941 1442 985 1482 έκ
1016 1440 1240 1488 Θετταλίας
1269 1438 1452 1486 κάκεῖνος
1477 1434 1582 1492 πρὸς
1598 1437 1678 1479 av'-

129 1524 243 1562 v,381
257 1511 367 1568 τὸν,)
397 1512 630 1563 πέμπουσιν
660 1507 718 1554 εἰς
745 1505 791 1547 τὸ
822 1502 1100 1559 στρατόπεδον
1117 1501 1412 1553 κατασκόπους,
1443 1500 1518 1556 τήν
1543 1517 1586 1543 τε
1602 1505 1733 1555 βα-αο

253 1577 401 1624 σιλέως
441 1570 643 1628 στρατιὰν
681 1568 1036 1623 κατασκεψόμενοι
1080 1565 1209 1622 ὅπόση
1238 1565 1327 1621 εἴη,
1365 1568 1436 1608 καί
1462 1564 1541 1619 ὅ,τι
1569 1565 1679 1624 δρῴη

255 1642 447 1687 θέλοντες
472 1639 643 1690 μαθεῖν.
700 1637 792 1676 ἐπεὶ
819 1635 866 1675 δὲ
891 1630 1103 1685 ἑάλωσαν,
1132 1631 1205 1686 τήν
1232 1647 1277 1673 τε
1305 1629 1498 1686 στρατιὰν
1519 1629 1694 1672 ἐκέλευε-

221 1701 526 1758 Βπεριοίγοντας
553 1699 655 1742 κατὰ
677 1697 830 1754 σχολὴν
856 1699 1053 1752 παρέχειν
1069 1698 1434 1749 κατασκέπτεσθαι,
1462 1694 1537 1738 καί
1547 1693 1680 1753 γράμ-

355 1831 388 1866 8.
414 1828 647 1873 συνέψεσθαι
670 1827 703 1861 Ρ.

263 1941 361 1964 mum
392 1926 651 1970 confitebatur3
695 1927 821 1960 timere
857 1929 998 1964 autem,
1033 1934 1079 1956 ne
1106 1923 1277 1962 Romani,
1302 1921 1511 1968 quibuscum
1545 1922 1681 1956 bellum

265 1976 435 2016 haberet,
469 1974 656 2007 facultates
681 1983 761 2006 suas
789 1973 827 2004 in
851 1972 938 2004 locis
968 1969 1069 2003 nullo
1100 1981 1240 2014 prorsus
1269 1968 1466 2001 munimine
1503 1971 1590 2002 tutis
1625 1970 1683 2003 di·

266 2032 405 2066 spersas
431 2019 614 2064 diripiant.
663 2019 774 2051 Urbes
800 2018 919 2056 enim,
954 2014 1086 2061 quibus
1118 2015 1232 2048 adhuc
1260 2013 1413 2058 principi
1440 2014 1684 2048 Triballorum

266 2077 397 2114 parens
423 2068 653 2110 imperasset,
693 2064 877 2097 demortuo
900 2061 1126 2108 imperatori,
1161 2060 1256 2105 quod
1281 2061 1415 2103 optime
1438 2067 1579 2103 nosset,
1611 2066 1688 2095 tra-

269 2113 402 2147 didisse
428 2116 465 2145 et
487 2111 647 2144 fortunas
674 2121 754 2143 suas
780 2110 819 2141 in
842 2108 1049 2142 suburbano
1077 2106 1243 2139 Melenici
1269 2104 1412 2138 habere.
1461 2107 1591 2149 Quare.
1615 2107 1687 2141 nisi

269 2159 488 2193 Melenicum
513 2158 590 2201 ipse
613 2156 816 2199 subegerit,
842 2154 1007 2187 accedere
1030 2152 1075 2185 ad
1099 2162 1179 2184 eum
1201 2162 1273 2184 non
1297 2161 1424 2195 posse3
1459 2153 1508 2184 sic
1533 2152 1627 2185 enim
1652 2159 1690 2187 et

270 2215 309 2238 se
333 2203 503 2237 confisum
532 2203 576 2236 de
601 2203 672 2235 suis
696 2201 790 2235 nihil
813 2202 1042 2238 amissurum,
1064 2198 1225 2230 alacriter
1251 2209 1344 2230 arma
1367 2198 1580 2231 iuncturum.
1613 2199 1689 2234 Im-

269 2249 429 2295 peratori
454 2249 552 2282 illico
577 2248 651 2280 visa
675 2249 795 2281 omnia
819 2245 1101 2290 impeditissima.
1137 2243 1224 2275 Nam
1259 2248 1296 2275 et
1324 2254 1367 2275 ex
1389 2243 1599 2278 Macedonia
1629 2255 1689 2278 re-

269 2297 361 2330 verti
387 2295 484 2328 haud
518 2293 588 2327 sibi
621 2294 811 2333 decorum,
850 2297 887 2324 et
914 2300 1058 2336 pergere
1081 2299 1185 2332 porro
1209 2289 1246 2321 in
1271 2289 1508 2331 occidentem,
1542 2290 1688 2325 Chr-elac

271 2352 313 2374 ac
338 2340 601 2385 protostratoris
634 2342 803 2372 societate
836 2338 1069 2374 destitutum,
1111 2345 1234 2378 parum
1267 2334 1475 2378 frugiferum
1500 2335 1688 2370 sentiebat.

271 2386 398 2420 Libuit
420 2386 529 2431 igitur
554 2385 728 2429 experiri,
767 2395 851 2418 num
891 2382 1104 2415 Melenicum
1130 2380 1175 2413 ad
1211 2379 1431 2414 deditionem
1455 2382 1690 2415 voluntariam

271 2437 395 2476 posset
422 2431 616 2466 adducere:
655 2443 761 2476 quam
785 2430 890 2462 armis
913 2433 989 2460 tum
1021 2424 1067 2458 ob
1092 2426 1161 2458 loci
1183 2425 1313 2466 situm,
1348 2431 1420 2459 tum
1447 2426 1493 2460 ob
1516 2428 1689 2461 munitio-

274 2488 356 2511 ncm
379 2477 632 2510 validissimam
661 2488 783 2519 cogere
808 2473 990 2519 nequibat.
1038 2473 1163 2515 Itaque
1196 2472 1426 2506 clandestinis
1457 2474 1688 2507 internuntiis

277 2534 356 2555 cum
385 2523 524 2561 amicis,
555 2535 644 2567 quos
670 2523 720 2555 ibi
748 2520 925 2558 habebat,
956 2518 1000 2550 de
1023 2517 1226 2560 proditione
1251 2519 1333 2562 agit,
1381 2519 1426 2552 At
1462 2519 1581 2552 Pheris
1605 2520 1690 2562 Syr-

277 2579 335 2613 ges
362 2573 398 2600 et
421 2570 713 2612 metropolitanus
747 2567 863 2606 urbis,
903 2564 964 2640 qlui
1002 2563 1143 2606 aequali
1177 2565 1215 2596 in
1248 2564 1497 2608 imperatorem
1527 2564 1688 2598 fervebat

277 2614 382 2652 odio,
418 2619 453 2645 et
475 2614 746 2652 Mouomzmhus,
782 2613 912 2645 Thessa
931 2609 986 2641 iae
1010 2614 1171 2652 praetor,
1207 2610 1269 2654 qui
1295 2610 1339 2642 ad
1366 2611 1497 2655 Syrgen
1523 2616 1687 2652 venerat,

277 2659 322 2692 ad
348 2659 542 2691 exercitum
576 2660 816 2702 exploratores
844 2657 1016 2694 mittunt,
1049 2665 1112 2698 per
1148 2666 1235 2698 quos
1269 2661 1305 2688 et
1337 2662 1487 2701 quantus
1521 2661 1613 2689 esset
1649 2661 1687 2689 et

271 2704 359 2751 quid
383 2705 568 2743 actitaret,
607 2705 798 2740 discerent,
845 2703 944 2748 Quos
968 2700 1032 2732 ille
1066 2705 1188 2744 captos
1221 2702 1351 2733 circum
1385 2702 1578 2734 exercitum
1602 2701 1685 2736 duci

271 2756 308 2785 et
330 2761 443 2785 moras
472 2749 518 2783 ad
545 2749 858 2795 contemplandum
893 2747 970 2781 dari
1002 2746 1130 2780 iussit:
1162 2747 1301 2781 litteras
1339 2748 1484 2792 insuper
1518 2747 1684 2790 tradidit,
