1820 3152
537 155 916 212 ms‘romARum
957 167 1031 208 ιιι.
1058 167 1130 217 89·
1450 147 1562 221 547

116 273 178 327 μὴ
206 273 397 326 μέλλειν
454 269 507 312 οὔ
537 267 619 325 γὰρ
650 267 705 311 τὰ
745 265 975 323 πράγματα
1002 261 1158 316 αὖτοὺς
1185 265 1480 321 ἄναμενοῦσιν,
1508 262 1652 309 Eue.
1673 274 1761 318 1345

116 340 295 393 τρίβωσι
314 334 387 379 τόν
412 333 558 391 καιρὸν
587 334 661 377 καὶ
687 335 958 387 διαμέλλωσι.
1012 332 1214 386 βασιλεῦς
1241 334 1288 376 δὲ
1313 333 1388 376 οὐκ
1420 329 1564 390 ὄρθαῗν

115 402 293 458 ἔχεσθαι
338 403 548 457 λογισμῶν
586 399 640 443 τὰ
680 401 879 455 εἰρημένα
922 398 1163 442 οἷπεδείκνυ.
1201 392 1326 449 ,τούς
1367 402 1447 454 μὲν
1483 399 1563 456 γὰρ

118 468 269 526 φίλους
305 469 562 524 γεγραφέναι
577 498 602 520 ,-
636 464 694 515 ὥς
731 464 1106 520 παρακοιμώμενον
1131 465 1399 516 οἷπεκτονότες
1429 465 1467 508 οἱ
1497 468 1566 509 δε-

89 538 282 587 5σμῶται
308 533 359 576 τὰ
390 533 714 576 Κωνσταντίνου
746 533 943 585 βασίλεια
975 527 1100 574 αὖτοί
1120 532 1345 586 κατέσχον·
1406 526 1561 587 ἄδηλον
1573 534 1612 567 V.
1630 534 1696 579 525

115 602 164 644 δὲ
194 595 316 653 εἶναι,
357 600 397 642 εἰ
420 599 643 652 κατέχουσι
680 598 755 638 καί
787 598 912 652 μέχρι
942 597 1030 639 νῦν.
1085 598 1127 639 εἰ
1150 598 1229 649 μὲν
1254 595 1334 652 γάρ
1365 594 1508 639 ἅπασα
1537 598 1609 652 ἧῑ)

113 666 237 715 πόλις
274 664 596 722 προσεχώρησεν
633 663 735 718 ἧαῖν
776 664 850 704 καί
881 664 1002 705 οὐδὲν
1041 663 1213 712 ἐκείνοις
1241 664 1463 717 ἐνοχλοῦσι
1492 662 1565 705 dm·

114 730 192 786 τὴν
223 726 388 774 εὔνοιαν
407 730 484 785 τὴν
513 728 618 786 πρὸς
646 730 773 784 ἡμᾶς,
803 730 852 771 τί
870 731 940 771 δεῖ·
965 731 1195 784 ταχυτῆτος
1222 727 1328 782 πρὸς
1354 730 1563 780 ἐκείνους,

114 795 211 852 μήτ’
243 793 382 839 αὐτῶν
428 797 580 839 οὐδένα
622 797 812 838 κίνδυνον
845 792 1163 836 ὖποπτευόντων
1194 793 1268 836 καί
1293 794 1414 849 ἡμῶν
1444 797 1566 850 ζημι-

66 865 304 917 ιοουμένων
334 862 404 905 διὰ
433 862 508 917 τὴν
536 863 736 917 μέλλησιν
762 861 922 916 μηδέν,·
952 861 992 902 εἰ
1019 862 1056 901 δ’
1089 857 1229 915 οἵσπερ
1262 859 1463 917 πρότερον
1487 855 1570 902 αὖα

117 933 187 988 θις
216 931 445 983 πολεμοῦσι
473 929 547 970 καί
574 926 850 982 τειχομαχίας
877 925 984 981 πρὸς
1012 924 1170 983 αὐτούς
1189 925 1212 967 ὃ
1237 928 1369 981 δῆμος
1395 929 1568 968 ποιοῦν-ι

113 1012 183 1037 ται
210 994 413 1048 ἐπιόντες,
443 994 526 1049 οὔχ
553 991 639 1050 6ρῶ
670 991 744 1049 την
771 992 975 1046 δύναμιν,
1016 989 1095 1048 ὑφ’
1123 987 1174 1047 ἧς
1204 992 1326 1034 admi
1351 994 1567 1048 περιποιὴἡ

114 1077 260 1103 σονται
300 1060 346 1103 τὸ
386 1060 607 1118 φρούριον.
683 1054 781 1101 οὔτε
825 1057 907 1114 γὰρ
953 1055 1089 1099 ὅπλων
1126 1059 1378 1114 εὐποροῦσιν
1419 1053 1568 1100 ἄοπλοι

113 1127 187 1169 καί
212 1128 426 1180 δεσμῶται
453 1120 586 1179 ὄντες,
616 1119 715 1167 οὔτε
742 1127 827 1167 τῶν
859 1126 1106 1180 ἐπιτηδείων
1134 1122 1241 1177 πρὸς
1266 1122 1429 1180 τροφήν
1446 1141 1458 1152 ·
1514 1123 1566 1166 τὰ

63 1191 192 1248 ,5γοὶρ
238 1195 448 1248 α’ναγκαῖα
488 1190 612 1245 μόλις
657 1192 931 1246 ἐχορηγοῦντο
972 1188 1090 1244 παρὰ
1129 1192 1210 1232 τῶν
1251 1188 1450 1246 φυλάκων
1478 1191 1568 1243 γλί-

111 1272 265 1314 σχρως.
322 1256 430 1315 πρὸς
463 1256 623 1307 τούτοις
660 1259 707 1299 δὲ
745 1256 845 1299 ου’δὲ
888 1254 995 1312 πρὸς
1029 1253 1076 1297 τὸ
1106 1255 1180 1298 τοῦ
1208 1257 1416 1312 φρουρίου
1444 1255 1566 1310 μέγε-
1580 1261 1693 1298 Ρ.66σ

109 1324 189 1373 θὸς
228 1326 524 1379 ἐξαρκέσουσιν
565 1325 699 1378 ὀλίγοι
730 1317 865 1374 ὄντες,
893 1321 996 1364 αῧτό
1023 1336 1067 1363 τε
1094 1319 1142 1361 τό
1179 1318 1382 1376 φρούριον
1409 1317 1567 1376 ἧμελη-

110 1392 238 1443 μένον
282 1391 329 1431 ἐκ
356 1391 520 1431 πολλῶν
549 1390 654 1432 ε’τῶν
679 1388 815 1446 ῥᾷστα
842 1384 1053 1444 προδώσει
1082 1384 1181 1436 τούς
1207 1383 1398 1436 ἐνόντας·
1457 1383 1567 1428 ὥστε

97 1454 248 1510 ’ἑμοίγε
290 1457 336 1496 ἐκ
374 1455 544 1497 πάντων
586 1450 724 1510 ἄπορα
767 1451 878 1496 εἶναι
923 1455 1063 1500 δοκεῖ,
1107 1452 1366 1506 δυνήσεσθαι
1407 1450 1567 1502 αὖτοὺς

61 1521 220 1579 αοπρός
249 1524 450 1563 τοσοῦτον
476 1519 659 1574 πόλεμον
688 1517 968 1574 ἄντισχήσειν.
1025 1520 1065 1561 εἰ
1092 1520 1132 1560 δ’
1160 1517 1446 1573 ὁθενδήποθεν
1476 1521 1567 1560 ἐπι-

112 1589 290 1644 κουρίας
332 1582 582 1629 α’πέλαυσάν
620 1601 733 1634 τινος
774 1585 846 1626 καί
879 1582 1191 1639 εὐπορήσαντες
1230 1584 1315 1625 τῶν
1353 1582 1465 1639 πρὸς
1488 1582 1566 1638 τήν

109 1656 262 1708 χρείαν
293 1653 499 1706 α’ντέσχον
528 1646 636 1706 ἄχρι
664 1652 756 1704 νῦν,
784 1651 860 1692 καί
882 1651 1012 1704 μέχρι
1043 1651 1196 1690 πολλοῦ
1224 1647 1474 1703 δυνήσονται
1492 1649 1565 1691 α’ν-

110 1720 458 1761 τικαθίστασθαι·
493 1720 545 1759 ου’
572 1716 708 1772 εἵη-δι’
738 1718 889 1758 ἐλπίδα
918 1712 1071 1771 ἄδηλον
1098 1717 1183 1756 τῶν
1209 1716 1255 1756 ἐν
1285 1713 1434 1769 χερσῖν
1460 1715 1566 1768 α’γαὸ

111 1786 201 1827 θῶν
242 1785 509 1839 α’ποσχέσθαι
546 1784 655 1826 δέον.
714 1782 853 1838 Φεραί
878 1781 961 1838 γὰρ
992 1781 1045 1823 οὔ
1074 1778 1219 1837 φαύλη
1246 1778 1367 1830 πόλις
1397 1783 1471 1823 καί
1495 1780 1564 1823 σΐα

210 1877 327 1915 16.οὕ
349 1880 384 1913 Ρ.
408 1889 474 1924 pro
500 1876 602 1913 ου’δὲ.
624 1892 627 1894 ’

112 1971 208 2004 diem
246 1971 459 2004 exemerint.
519 1970 565 2003 At
600 1969 800 2015 imperator
836 1963 933 2000 dicta
959 1974 1037 2000 cum
1062 1971 1161 2001 recta
1180 1963 1322 2001 ratione
1346 1963 1443 2000 haud
1471 1975 1562 2000 con-—

112 2019 249 2051 sentire
290 2017 462 2051 ostendit.
511 2016 657 2051 Amicos
690 2015 876 2060 scripsisse
903 2015 1076 2059 quidem,
1101 2014 1285 2059 praesecto
1311 2013 1471 2046 cubiculi
1499 2010 1563 2047 οό-

113 2065 212 2103 ciso,
251 2064 391 2098 vinctos
424 2063 654 2097 Constantini
685 2062 864 2108 palatium
891 2067 1039 2094 tencre:
1066 2072 1143 2094 esse
1167 2066 1287 2095 tamen
1313 2060 1351 2094 in
1378 2058 1562 2104 ambiguo]

112 2116 233 2144 utrum
268 2111 387 2144 adhuc
419 2116 582 2147 teneant.
631 2109 670 2143 Si
709 2110 832 2148 enim,
865 2108 1009 2153 inquit,
1046 2109 1213 2142 universa
1251 2108 1378 2142 civitas
1415 2113 1563 2145 nostra,

111 2169 233 2204 neque
262 2158 336 2191 inis
364 2162 511 2202 propter
536 2155 697 2190 studium
724 2155 837 2189 nostri
874 2155 1074 2200 quidquam
1100 2151 1294 2188 molestum
1321 2158 1395 2194 est,
1428 2165 1493 2187 cur
1516 2153 1562 2186 ad

110 2206 194 2238 illos
222 2205 457 2244 festinemus,
481 2203 630 2249 quando
656 2214 724 2236 nec
747 2203 818 2247 ipsi
846 2201 1050 2246 periculum
1083 2200 1197 2235 ullum
1224 2205 1404 2239 metuunt,
1430 2206 1468 2233 et
1492 2212 1558 2234 nos

111 2262 156 2286 ex
181 2251 359 2285 dilatione
384 2250 644 2285 detrimentum
668 2250 808 2283 nullum
839 2247 1022 2293 capimus?
1071 2248 1160 2288 Sin,
1198 2254 1240 2282 ut
1265 2245 1443 2287 antehac,
1483 2259 1560 2280 rur-

113 2309 191 2331 sum
221 2297 258 2330 in
284 2297 391 2331 armis
416 2303 501 2331 sunt
536 2303 575 2331 et
610 2297 766 2341 populus
797 2296 969 2341 palatium
997 2306 1092 2339 oppu
1120 2300 1207 2328 nat:
1237 2306 1312 2328 non
1340 2294 1459 2333 video,
1486 2300 1558 2340 qua·

110 2345 145 2378 vi
172 2343 211 2376 id
248 2346 423 2378 servaturi
458 2345 552 2378 sint:
591 2353 658 2377 nee
682 2344 779 2377 enim
807 2353 986 2376 armorum
1012 2341 1090 2374 facu
1111 2347 1163 2375 tas
1192 2346 1268 2382 est,
1293 2351 1373 2374 cum
1399 2342 1474 2374 sint
1496 2342 1558 2374 in-

110 2399 226 2424 ermes
253 2397 290 2425 et
320 2402 399 2425 cum
430 2391 588 2425 catenis:
613 2400 735 2436 neque
759 2390 873 2422 victus
890 2414 899 2429 ‚
925 2398 1031 2434 quem
1057 2389 1224 2422 custodes
1257 2388 1318 2420 vix
1353 2388 1399 2421 ad
1429 2399 1556 2421 neces·

112 2438 257 2470 sitatem
286 2438 447 2472 tenuiter
471 2437 764 2483 suppeditabant.
801 2435 904 2469 Adde
931 2435 1030 2482 quod
1056 2434 1101 2468 ad
1124 2434 1401 2480 amplitudinem
1426 2435 1557 2479 palatii

112 2484 303 2518 tutandam
337 2484 406 2529 ipsi
440 2486 546 2528 pauci
571 2496 645 2518 non
670 2483 874 2523 sufficiunt,
907 2481 1006 2527 quod
1031 2481 1100 2514 iam
1123 2481 1265 2526 pridem
1290 2480 1492 2523 neglectum
1520 2487 1557 2514 et

113 2529 298 2565 desertum
342 2531 618 2576 facillime‘qui
647 2531 745 2563 intus
770 2534 855 2563 sunt
890 2527 1042 2574 prodet:
1086 2533 1125 2560 ut
1160 2528 1249 2562 mihi
1287 2528 1433 2573 quidem
1460 2540 1553 2574 qua-

116 2587 270 2623 cumque
306 2578 486 2618 intuenti,
521 2577 669 2612 difficile
703 2576 895 2615 videatur,
928 2586 1033 2619 posse
1061 2575 1145 2608 illos
1170 2581 1293 2610 contra
1318 2579 1452 2610 tantam
1481 2577 1555 2609 vim

115 2625 299 2658 resistere.
362 2625 399 2658 Si
436 2634 518 2657 vero
551 2625 648 2658 unde
684 2623 860 2656 auxilium
899 2623 1082 2655 consecuti
1130 2627 1167 2655 et
1198 2621 1304 2656 rebus
1338 2624 1554 2656 necessariis

114 2670 344 2705 abundantes
390 2682 431 2704 us
460 2681 506 2704 ue
540 2682 637 2704 nunc
675 2681 713 2704 se
757 2667 953 2702 defendere
980 2672 1171 2712 poterunt,
1195 2679 1269 2702 non
1297 2678 1382 2702 sane
1408 2675 1555 2713 propter

112 2715 286 2751 incertam
315 2728 415 2763 spem
435 2682 558 2756 (bona,
581 2727 675 2762 quae
704 2717 742 2749 in
768 2714 933 2748 manibus
961 2720 1057 2750 sunt.
1086 2714 1243 2749 abiicere
1268 2720 1420 2760 oportet.
1471 2715 1553 2748 Non

111 2765 208 2798 enim
245 2765 371 2810 exigua
397 2768 434 2798 et
457 2769 661 2810 contempta
699 2761 782 2798 urbs
807 2761 965 2802 Pherae,
998 2761 1061 2796 sed
1089 2762 1206 2808 ampla
1230 2767 1267 2796 et
1290 2762 1441 2796 illustris
1471 2767 1507 2796 et
1531 2767 1551 2792 a
