1800 3138
546 180 921 222 HISTORIARUM
963 185 1035 224 111.
1066 187 1134 233 29.
1442 187 1459 222 1
1473 169 1505 224 8
1518 193 1538 222 ι

107 273 341 328 γινόμενοι,
381 276 625 331 διέφθειρον
661 277 759 327 τούς
790 279 1026 332 δυνατούς,
1072 281 1145 323 καὶ
1185 281 1388 336 σύγχυσις
1423 283 1623 340 &aij-C
1651 279 1735 334 ¹34}

106 339 182 381 καὶ
213 341 360 392 ἀταξία
400 340 479 390 τὰς
503 341 640 390 πόλεις
666 349 867 398 κατεῖχεν.
918 345 1192 403 Ἀλέξανδρος
1231 349 1278 390 δὲ
1320 345 1342 388 ὅ
1373 351 1540 393 Μυσῶν
1552 354 1588 390 P.
1599 356 1668 402 445

103 404 305 458 βασιλεῦς
332 407 426 449 ἐπεὶ
447 404 523 461 τήν
541 409 776 462 Ἀδριανοῦ
801 417 1028 463 κατασχεῖν
1052 413 1127 453 οὐκ
1166 413 1360 468 ἠδυνήθη
1376 445 1389 467 ,
1435 414 1541 470 πρὸς

104 471 392 529 Adulter-§cygn
425 473 807 527 ἐστρατοπέδευσεν
833 473 972 516 ἐλθών
986 507 998 527 ,
1037 475 1164 531 μήπω
1207 477 1356 531 διαβὰς
1383 477 1454 522 τὸν
1469 476 1541 522 ‘'E-

77 536 219 590 5βρον.
270 536 469 591 στρατιὰν
497 538 545 578 δὲ
569 536 876 591 ἀπολεξάμενος
910 541 957 582 ἐκ
995 542 1070 595 τῆς
1114 543 1226 592 ἰδίας
1265 542 1342 584 οὐκ
1374 543 1538 600 ὀλίγην,

99 599 206 653 πρὸς
232 599 306 651 τὰς
331 601 437 644 κατὰ
472 601 641 660 Θρᾴκην
670 604 932 654 ἐξαπέστειλε
949 603 1090 655 πόλεις
1110 609 1395 661 ληϊσομένους.
1426 608 1536 652 οὕτω

98 666 147 707 δὲ
184 664 354 719 συμβάν
371 698 384 720 ,
419 664 447 722 ἧ
483 668 528 709 ἐκ
562 662 801 719 Βυζαντίου
837 668 943 721 μετὰ
979 670 1177 724 Ἀγγέλου
1225 674 1301 713 τοῦ
1342 676 1537 730 πιγκέρνη

95 729 417 787 ἀναστρέφουσα
444 732 643 787 στρατιὰ,
680 733 757 774 οὔκ
784 732 939 787 ὀλίγοις
967 735 1106 776 αὕτῶν
1142 741 1426 791 περιτυχοῦσα
1463 737 1539 780 καὶ

92 796 288 850 κρείττων
313 799 533 852 γενομένη,
575 799 786 840 α’πέκτεινε
824 797 929 841 κατὰ
967 798 1042 854 την
1075 800 1231 855 μάχην.
1291 802 1446 855 ὁμοίως
1487 805 1535 846 δὲ

44 860 165 902 nouat*
187 859 286 914 περὶ
307 861 357 902 τοὶ
397 861 584 917 παράλια
627 865 702 917 τῆς
743 860 910 920 Θρᾴκης
943 866 1083 919 χωρία
1119 866 1297 920 στρατια
1339 868 1528 924 Περσική

90 926 162 967 ἐπὶ
186 927 301 967 λείαν
327 927 401 966 καί
435 926 540 982 αὕτη
569 931 882 983 περαιωθεῖσα,
925 935 1013 977 τοῖς
1037 928 1280 980 ὑπολοίποις
1316 933 1398 974 τῶν
1426 936 1566 975 Mv-13

89 991 174 1032 σῶν
201 989 305 1032 κατὰ
336 990 468 1046 τύχην
495 994 785 1047 συντυχοῦσα,
814 995 1030 1036 α’πέκτεινέ
1065 1010 1108 1036 τε
1147 996 1221 1036 καί
1246 993 1330 1040 εἷλε
1373 999 1530 1047 ζῶντας

87 1055 132 1105 ἐξ
174 1054 314 1099 adnare
353 1056 546 1106 πολλούς.
604 1056 645 1099 οἱ
684 1059 732 1099 δὲ
762 1057 902 1100 λοιποὶ
940 1058 1046 1114 πρὸς
1089 1058 1137 1100 τὸ
1173 1060 1451 1115 στρατόπεδον
1477 1060 1525 1104 τό

86 1122 234 1163 οἰκεῖον
264 1120 526 1177 ἐπανῆλθον,
572 1123 622 1165 οὕ
649 1123 778 1176 μόνον
813 1122 976 1177 ἔχοντες
1003 1125 1158 1179 μηδὲν,
1209 1124 1318 1167 ἄλλα
1346 1127 1421 1168 καί
1445 1130 1528 1169 τῶν

38 1184 203 1230 ιόἰδιὶυν
231 1186 406 1237 πολλοὺς
432 1184 722 1241 ἀποβαλόντες.
787 1190 1057 1245 Ἀλέξανδρος
1087 1191 1133 1231 δὲ
1161 1192 1297 1232 καίτοι
1325 1190 1526 1247 πρότερον

82 1253 444 1308 καταφρονητικῶς
471 1252 576 1309 πρὸς
614 1253 964 1309 Καντακουζηνὸν
1004 1253 1078 1297 τόν
1104 1255 1283 1308 βασιλέα
1315 1258 1526 1310 διακειμε-

80 1331 172 1367 νος,
213 1313 280 1360 οἷα
322 1319 371 1372 δη
416 1317 746 1374 οἰόμενοςμηδὲ
789 1319 907 1373 ὄλίγα
937 1318 1164 1373 δυνάμενον
1209 1319 1522 1364 ἀντιτάττεσθαι

79 1380 186 1438 πρὸς
212 1383 364 1435 αὐτὸν,
393 1382 495 1438 πρὸς
521 1385 802 1441 τῷπληγῆναι
823 1383 1125 1441 ἀμφοτέρωθεν
1152 1386 1234 1427 ὑπό
1264 1402 1308 1427 τε
1331 1387 1514 1440 Ῥωμαί-

82 1464 140 1489 ων
166 1448 240 1490 καί
265 1451 446 1504 Περσῶν
467 1481 479 1501 ,
508 1447 571 1491 ἔτι
602 1452 674 1492 καὶ
701 1449 772 1492 τὸν
798 1453 976 1503 βασιλέα
1002 1449 1239 1503 πυθόμενος
1265 1453 1308 1493 ἐν
1327 1454 1518 1505 Διδυμο-

26 1513 203 1570 αοτείχῳ
231 1516 428 1568 στρατιᾶς
456 1517 611 1569 πολλῆς
637 1517 710 1558 καί
737 1516 897 1570 α’γαθῆς
925 1513 1116 1570 εὖπορεῖν
1130 1549 1144 1568 ,
1172 1515 1305 1558 ἔδεισε
1333 1516 1520 1572 καὶπερὶ

76 1580 157 1619 τῶν
188 1577 449 1631 ὑπολοίπων,
491 1577 550 1632 μή
592 1579 668 1620 οὔκ
703 1582 763 1628 εἰς
790 1578 955 1633 ἀγαθόν
981 1582 1093 1637 αὐτῷ
1133 1580 1159 1635 ἦ
1189 1578 1323 1633 τόλμα
1353 1581 1515 1636 ἀποβῇ,

75 1641 150 1684 καί
173 1643 342 1695 πέμψας
372 1645 624 1697 πρεσβείαν,
674 1646 876 1698 διελέγετο
902 1647 1002 1700 περὶ
1028 1644 1204 1700 εἰρήνης.
1259 1648 1338 1686 τῶν
1367 1647 1413 1688 δὲ
1439 1649 1517 1699 βα-

75 1712 189 1749 σιλεῖ
217 1706 424 1749 συνόντων
453 1707 492 1750 οἱ
521 1710 567 1750 ἐν
593 1709 732 1766 ἡλικίᾳ
761 1710 835 1750 καί
862 1707 1119 1763 θρασύτεροι
1146 1707 1219 1758 τὰς
1246 1707 1402 1765 ὁρμάς,
1454 1708 1556 1766 μὴῦ

75 1774 277 1827 δέχεσθαι
303 1774 514 1829 παρῄνουν
546 1773 621 1829 τὴν
649 1775 838 1829 εἰρήνην,
868 1770 1169 1830 ἀλλ’έξώρμων
1195 1777 1373 1828 βασιλέα
1399 1778 1508 1829 μᾶλ-

173 1919 205 1954 7.
229 1906 322 1954 μετὰ
348 1917 414 1941 om.
440 1908 474 1942 P.
587 1910 636 1943 13.
663 1905 705 1943 τὸ
729 1913 812 1943 ante
838 1908 1094 1957 στρατόπεδον
1117 1908 1198 1943 add.
1223 1909 1272 1944 M.

71 2032 161 2067 tudo
186 2035 369 2077 superior,
394 2034 543 2069 ditiores
566 2036 824 2078 interimebat,
848 2037 1052 2081 miseraque
1086 2035 1254 2069 confusio
1283 2047 1323 2069 ac
1357 2039 1501 2081 pertur-

68 2079 172 2114 batio
197 2079 302 2114 urbes
326 2081 560 2126 occupabant.
607 2083 810 2117 Alexander
837 2093 918 2116 cum
942 2082 1218 2127 Adrianopolim
1243 2081 1410 2116 obtinere
1434 2094 1502 2116 ne-

70 2125 264 2171 quivisset,
303 2138 416 2172 prope
453 2128 770 2172 Didymotichum,
814 2128 936 2162 Hebro
972 2129 1132 2163 nondum
1175 2129 1345 2168 transito,
1387 2135 1501 2166 castra

68 2172 202 2205 locavit
236 2171 483 2218 delectamque
530 2175 575 2208 de
612 2175 773 2209 exercitu
805 2186 950 2208 manum
988 2186 1062 2208 non
1094 2173 1271 2208 modicam
1309 2175 1356 2206 ad
1391 2174 1499 2208 urbes

67 2217 243 2252 Thraciae
265 2219 535 2264 depopulandas
560 2221 667 2254 misit.
717 2222 809 2255 Tum
835 2223 898 2266 qui
923 2232 966 2254 ex
993 2232 1074 2264 agro
1102 2221 1298 2264 Byzantino
1327 2231 1405 2253 cum
1424 2221 1499 2253 An-

69 2264 148 2309 gelo
187 2265 358 2309 pincerna
391 2267 684 2307 revertebantur,
718 2268 884 2311 plurimis
919 2279 1042 2300 eorum
1081 2267 1199 2307 obvii,
1239 2268 1409 2300 conflictu
1434 2278 1497 2301 eos

67 2310 247 2343 occidunt.
309 2310 483 2345 Similiter
520 2314 611 2346 circa
644 2314 823 2347 maritima
859 2313 1036 2347 Thraciae
1070 2313 1149 2346 loca
1187 2314 1331 2353 Persae,
1353 2324 1434 2346 cum
1458 2318 1496 2346 et

66 2357 138 2400 ipsi
167 2356 378 2401 populatum
402 2361 702 2401 transmisissent,
730 2361 878 2405 reliquis
904 2360 1037 2392 Moesis
1062 2371 1142 2392 casu
1168 2364 1403 2400 occurrentes,
1426 2359 1494 2392 ali-

67 2407 158 2448 quot
179 2403 403 2444 interfectis,
427 2406 628 2449 complures
655 2407 823 2451 capiunt:
848 2407 957 2440 ceteri
985 2405 1030 2438 ad
1057 2405 1252 2439 exercitum
1278 2416 1382 2438 suum
1416 2415 1492 2439 non

64 2449 174 2483 modo
202 2450 279 2484 sine
303 2450 460 2493 praeda,
483 2451 555 2484 sed„
570 2457 608 2485 et
633 2453 756 2485 multis
781 2463 927 2486 suorum
952 2451 1103 2491 amissis,
1128 2462 1165 2486 se
1191 2451 1379 2495 recipiunt.
1404 2451 1492 2485 Ale-

63 2495 201 2529 xander
231 2506 447 2540 quamquam
478 2497 576 2540 prius
612 2498 899 2532 Cantacuzenum
933 2503 1201 2538 contemneret,
1226 2496 1323 2542 quod
1349 2497 1419 2531 sibi
1443 2507 1491 2530 ne

62 2542 212 2585 paulum
239 2541 385 2586 quidem
413 2543 578 2577 resistere
600 2555 706 2588 posse
728 2547 959 2589 opinaretur,
984 2555 1086 2584 cum,
1113 2548 1363 2589 praeterquam
1391 2543 1491 2588 quod.

64 2588 237 2632 utrinque
273 2593 310 2621 et
342 2599 362 2620 a
389 2588 556 2623 Romanis
592 2597 630 2624 et
663 2603 683 2624 a
719 2591 833 2624 Persis
866 2590 966 2623 fusus
1002 2595 1119 2628 esset,
1150 2589 1309 2623 audisset
1329 2590 1489 2634 insuper,

62 2634 183 2677 ipsum
217 2633 463 2677 Didymotichi
485 2634 619 2670 habere
646 2648 815 2680 magnum
840 2646 1028 2670 numerum
1053 2640 1280 2669 strenuorum
1313 2635 1488 2676 militum,

63 2679 229 2724 reliquiis
252 2681 326 2713 suis
344 2682 475 2721 timuit,
501 2692 546 2715 ne
569 2683 662 2716 forte
689 2693 790 2716 secus
816 2683 977 2716 eveniret
1001 2681 1170 2723 audaci23
1197 2681 1388 2727 missisque
1407 2692 1488 2715 ora-

63 2726 204 2759 toribus
240 2724 285 2758 de
315 2737 402 2771 pace
434 2729 516 2772 egit.
577 2729 680 2774 Quae
702 2729 911 2774 imperatori
935 2726 1119 2760 militabat
1141 2729 1331 2769 iuventus,
1358 2727 1487 2761 aetatis

62 2770 200 2808 fervore
233 2771 449 2815 animosior,
482 2784 606 2820 pacem
641 2775 844 2811 dissuadere
878 2774 1060 2821 magisque
1085 2773 1131 2809 ad
1153 2774 1331 2821 proellum
1359 2774 1488 2819 impel-
