1800 3138
244 157 353 211 280
771 165 1138 215 CANTACUZEM

47 279 130 315 ΑΕ,
150 274 463 326 ιδῇαλαπλασίω
502 276 858 327 κατεσκευασμένα
896 264 977 317 ὑπὸ
1004 277 1097 328 σοῦ,
1138 270 1251 326 ὅμως
1278 273 1360 315 find
1389 273 1576 329 πλήθους
1601 276 1684 318 τῶν

247 341 472 393 δεσμωτῶν
502 342 868 395 στενοχωροῦνται.
940 339 1126 396 ἁρπαγαὶ
1153 340 1222 384 δὲ
1240 340 1314 380 καί
1351 338 1567 394 λεηλασίαι
1612 339 1686 383 καὶ

245 407 381 460 μυρία
425 408 564 462 ἕτεροι>
589 403 705 447 δεινοὶ
736 405 940 461 ὁσημέραι
968 409 1012 448 ἐν
1039 411 1128 454 ταῖς
1154 404 1299 446 πόλεσι
1325 406 1583 458 τολμῶνται,
1609 407 1684 446 καὶ

247 469 410 527 δάκρυα
448 472 666 525 πανταχοῦ
696 470 768 512 καί
793 473 994 524 κωκυτοί,
1035 470 1108 511 καί
1144 469 1165 510 ό
1201 467 1447 525 φειδόμενος
1486 470 1585 511 οὐδὲ
1613 467 1685 519 εἷς.

246 538 337 579 ἄλλ’
379 532 518 592 ὥσπερ
556 536 579 577 ό
621 538 812 586 Σατανᾶς
851 543 938 585 τοῖς
978 535 1161 589 μάλιστα
1197 537 1283 592 θεῷ
1310 536 1712 593 προσῳκειωμένοιςῧ

247 602 322 646 καί
346 604 530 656 βελτίοσι
557 603 638 644 τῶν
667 598 804 644 ἄλλων
831 604 919 644 δεῖν
947 601 1097 656 ἔγνωκε
1128 605 1336 653 πολεμεῖν,
1366 603 1446 642 τῶν
1474 600 1609 642 ἄλλων
1637 602 1687 642 οῗ-

246 671 410 723 μελῶν,
442 664 552 710 οὕτω
583 667 632 722 δη
664 667 736 709 καί
760 666 814 713 σύ
841 666 940 716 τούς
969 667 1167 722 ἀρίστους
1195 667 1277 707 τῶν
1304 662 1542 719 ἑκασταχοῦ
1569 663 1686 708 πόλε-

250 750 308 775 ων
335 733 408 775 καὶ
434 735 688 786 δυναμένους
715 732 766 775 τὰ
798 735 943 774 δέοντα
980 733 1162 788 συνορᾷν
1202 730 1462 785 διαφθείρων
1499 731 1572 772 καί
1612 747 1689 773 κα-

247 799 462 841 τακόπτων
491 797 803 854 ἀπανθρώπως,
843 801 924 840 τῶν
952 799 1125 848 πολλῶν,
1155 795 1211 844 ὥς
1237 794 1409 844 ου’δενὸς
1437 794 1584 850 ἀξίων,
1615 797 1689 837 ου’-

251 866 350 906 δένα
388 862 507 918 λόγον
546 867 668 921 ποιῇ,
714 864 771 913 ὦς
799 859 974 918 ὕστερον
1003 858 1031 916 ἢ
1059 863 1191 918 δειλίᾳ
1220 864 1293 902 καί
1319 861 1487 917 α’πειρίᾳ
1515 862 1566 918 τῇ
1590 859 1747 917 πρὸςιο

202 931 349 978 Βτοὺς
379 931 585 984 πολέμους
609 930 840 984 βαρβάροις
868 925 1130 984 παραδώσων
1168 922 1197 982 ἢ
1235 923 1364 974 αὐτὸς
1402 924 1508 966 κατὰ
1540 923 1692 980 σχολὴν

250 996 515 1050 διαφθερῶν·
561 997 634 1036 καί
664 993 768 1043 ὅλως
798 993 937 1048 κοινην
966 994 1258 1046 πανωλεθρίαν
1283 992 1359 1031 τοῦ
1381 989 1609 1043 εΡωμαίων
1624 992 1692 1044 γε’-

248 1075 346 1108 νους
374 1061 544 1118 διανοῇ,
573 1062 614 1101 εἰ
634 1058 694 1114 μὴ
724 1057 822 1108 θεὸς
851 1057 1065 1108 κωλύσειε,
1094 1055 1168 1111 την
1193 1055 1519 1110 μισανθρωπίαν
1543 1057 1693 1109 βδελυὲ·

250 1125 437 1178 ξάμενος.
509 1124 705 1179 βασιλεὺς
745 1126 790 1165 δὲ
831 1119 1177 1175 Καντακουζηνὸς
1214 1119 1236 1161 ὅ
1271 1118 1470 1175 ἦμέτερος
1509 1121 1584 1163 καί
1618 1119 1693 1170 σὸς

250 1190 449 1245 δεσπότης
465 1223 477 1243 ,
506 1189 585 1233 κᾶν
611 1189 672 1232 ἔτι
699 1192 826 1231 πλείω
853 1193 923 1230 καί
953 1186 1159 1241 δεινότερα
1189 1182 1508 1242 ἆγνωμονήσῃς,
1551 1183 1746 1242 offan-5915

249 1258 331 1298 τῶν
368 1254 530 1297 δούλων
559 1256 597 1297 οἱ
633 1252 1027 1310 κακοτροπώτατοι,
1071 1253 1146 1306 τήν
1183 1252 1228 1291 ἐκ
1266 1249 1479 1305 προγόνων
1508 1247 1697 1294 εὔκλειαν

254 1316 358 1376 ἄχρι
388 1323 464 1365 νῦν
495 1319 693 1371 διασώζει
722 1319 794 1374 καί
812 1318 887 1374 τὴν
913 1320 1136 1360 ἐπιείκειαν
1164 1315 1235 1357 καί
1258 1315 1332 1371 τὴν
1361 1315 1586 1372 σεμνότητα
1614 1319 1698 1359 τῶν

255 1384 416 1440 τρόπων
433 1419 446 1438 ,
491 1385 562 1428 καὶ
597 1383 825 1436 Ῥωμαίων
853 1381 1105 1436 συμπάντων
1134 1377 1291 1436 ἄρχων,
1321 1381 1392 1422 καί
1410 1384 1615 1434 βασιλέως
1635 1382 1698 1423 ἔτι

252 1449 488 1506 περιόντος,
519 1450 640 1492 οὐδὲν
670 1446 790 1505 ἧττον
807 1448 880 1490 κἀἰ
906 1450 981 1490 νῦν
1010 1450 1100 1489 ἐστι
1127 1447 1337 1498 βασιλεύς.
1392 1447 1432 1487 εἰ
1461 1448 1508 1488 δέ
1534 1464 1574 1488 τι
1604 1445 1702 1501 περὶ

255 1515 385 1557 αὐτὸν
427 1517 664 1570 συμβέβηκε
702 1516 775 1556 καί
816 1515 1040 1568 δυσχερὲς,
1081 1511 1329 1564 θαυμαστὸν
1359 1508 1504 1553 ου’δὲν·
1558 1510 1766 1553 nomon&

126 1580 332 1637 P.5o3y‹29
377 1579 401 1621 ὅ
440 1578 744 1635 παρεληλυθώς
780 1581 951 1622 τοιαῦτα
990 1575 1139 1631 χρόνος
1180 1575 1327 1630 ἔσχηκε
1366 1575 1697 1631 παραδείγματα.

250 1645 372 1702 ἡμεῖς
411 1647 456 1687 δὲ
499 1647 639 1703 ἐκείνῳ
679 1643 755 1700 τὴν
783 1645 919 1686 πίστιν
949 1638 1098 1684 ἄδολον
1127 1639 1365 1696 φυλάξομεν
1392 1644 1464 1683 καί
1489 1640 1696 1696 καθαρὰν,

254 1712 305 1753 οὖ
341 1710 468 1766 μόνον
496 1710 709 1767 περιόντι,
740 1708 844 1754 ἀλλὰ
873 1711 945 1751 καί
971 1714 1057 1756 τοῖς
1084 1708 1207 1750 παισὶ
1231 1707 1337 1762 μετὰ
1367 1709 1444 1762 την
1470 1707 1664 1763 τελευτὴν
1678 1743 1693 1763 ,

347 1813 379 1846 5.
404 1809 535 1848 Σατὰν
557 1812 606 1847 Μ.
701 1824 733 1857 9.
757 1810 806 1847 οἷς
821 1810 867 1843 M.
883 1835 892 1851 ‚
915 1809 978 1842 καὶ
1002 1808 1036 1841 Ρ.

255 1913 331 1936 non
350 1902 506 1946 capiunt.
556 1899 715 1944 Rapinae
741 1902 778 1931 et
809 1897 1030 1941 direptiones
1060 1897 1205 1941 aliaque
1233 1896 1326 1930 mala
1351 1898 1539 1930 innumera
1568 1899 1694 1941 quoti-

258 1950 317 1983 die
346 1950 385 1981 iu
413 1945 564 1980 urbibus
589 1946 728 1979 nefarie
752 1948 1017 1988 perpetrantur.
1070 1943 1213 1988 Ubique
1245 1943 1432 1983 lacrimae,
1467 1943 1604 1989 ubique
1631 1954 1694 1988 ge-

259 1997 390 2034 mitus,
416 1998 453 2028 et
476 1994 539 2038 qui
563 1992 620 2025 his
645 1995 769 2031 vacet,
794 1990 915 2023 nullus
941 1990 1128 2033 reperitur.
1178 1989 1247 2022 Sed
1267 1989 1568 2034 quemadmodum
1592 2001 1694 2022 caco-

263 2041 418 2074 daemon
468 2039 544 2072 Deo
588 2037 830 2071 deditissimus
880 2035 1188 2081 sanctimoniaque
1229 2046 1335 2078 supra
1370 2037 1459 2069 alios
1496 2037 1694 2069 eminentes

264 2088 335 2121 sibi
365 2084 626 2131 oppugnandos
658 2084 785 2122 sumit,
828 2087 964 2116 ceteros
1000 2082 1169 2127 negligit:
1206 2081 1256 2113 ita
1281 2092 1365 2114 sane
1395 2087 1433 2114 tu
1462 2092 1609 2127 quoque
1633 2094 1698 2126 per

266 2144 390 2166 omnes
418 2131 525 2165 urbes
562 2132 738 2176 optimum
774 2140 976 2173 quemque,
1009 2134 1045 2161 et
1070 2130 1156 2161 recti
1186 2127 1448 2170 intelligentem
1486 2128 1696 2172 disperdens

266 2186 304 2214 et
327 2178 572 2211 inhumaniter
596 2175 808 2214 concidens,
835 2175 951 2218 vulgi,
991 2180 1032 2207 ut
1055 2175 1135 2207 vilis
1160 2178 1195 2206 et
1218 2173 1373 2213 abiecti,
1404 2174 1582 2207 rationem
1607 2175 1695 2208 nul-

263 2226 334 2259 lam
361 2225 482 2258 ducis:
523 2228 647 2267 postea
674 2221 766 2254 illud
791 2227 854 2253 aut
883 2232 926 2254 ex
950 2220 1146 2254 timiditate
1175 2224 1211 2251 et
1235 2220 1415 2262 imperitia
1448 2220 1611 2254 bellandi
1635 2227 1698 2254 tua

263 2272 428 2306 barbaris
454 2270 662 2303 obiecturus
678 2293 687 2308 ‚
721 2273 785 2300 aut
809 2269 885 2311 ipse
910 2267 1086 2310 paulatim
1114 2264 1337 2310 perditurus:
1365 2267 1584 2312 omninoque
1602 2278 1698 2300 com-

264 2329 410 2351 munem
435 2317 587 2349 Romani
612 2314 750 2358 generis
777 2314 1061 2346 internecionem
1086 2311 1323 2352 machinaris,
1348 2313 1418 2345 nisi
1444 2313 1540 2346 Deus
1567 2314 1699 2347 misan-

266 2365 447 2408 thropiam
473 2368 574 2396 tuam
599 2362 796 2395 detestatus
825 2359 1062 2403 prohibuerit.
1111 2358 1313 2401 Imperator
1338 2365 1456 2392 autem
1481 2359 1698 2393 Cantacuze-

268 2422 336 2442 nus
354 2435 363 2450 ‚
386 2414 508 2442 noster
534 2419 575 2441 ac
598 2412 681 2440 tuus
708 2406 896 2446 domium,
922 2403 1081 2450 quamvis
1105 2404 1207 2449 plura
1236 2409 1272 2437 et
1292 2404 1492 2447 deteriora,
1517 2410 1558 2437 ut
1579 2416 1698 2443 servus

270 2456 585 2494 sceleratissimus,
611 2453 803 2496 designaris
818 2476 827 2491 ‚
861 2457 1039 2496 acceptam
1059 2461 1078 2481 a
1102 2450 1296 2483 maioribus
1322 2453 1395 2484 suis
1419 2452 1567 2496 gloriam
1588 2462 1701 2496 usque

270 2512 367 2534 nuuc
394 2513 472 2534 cum
500 2500 674 2533 modestia
707 2498 954 2542 gravitateque
982 2507 1118 2531 morum
1144 2501 1352 2536 conservat,
1389 2503 1426 2530 et
1461 2499 1699 2532 Romanorum

269 2549 518 2580 universorum
544 2545 662 2578 adhuc
690 2546 773 2577 vivo
813 2544 1029 2587 imperatore
1065 2544 1256 2586 princeps,
1294 2543 1412 2576 nihilo
1444 2545 1559 2577 minus
1593 2545 1700 2578 etiam

270 2604 368 2626 nunc
391 2593 588 2635 imperator
621 2596 683 2623 est.
738 2590 805 2624 Cui
847 2591 875 2621 si
910 2588 1000 2634 quid
1038 2588 1180 2622 tristius
1222 2588 1372 2629 accidit,
1414 2590 1509 2623 nihil
1544 2600 1698 2632 novum5

269 2639 385 2673 multa
408 2639 504 2670 enim
528 2649 571 2670 ex
605 2643 808 2679 antegresso
843 2641 1003 2679 tempore
1028 2633 1236 2668 huiusmodi
1270 2636 1433 2679 exempla
1472 2635 1699 2679 colliguntur.

270 2685 344 2718 Nos
368 2686 539 2727 integram
566 2694 605 2715 ac
630 2686 800 2716 sinceram
836 2682 943 2715 fidem
979 2690 1050 2713 non
1080 2681 1150 2724 ipsi
1185 2681 1301 2713 solum
1330 2682 1489 2720 viventi,
1530 2681 1591 2715 sed
1618 2689 1699 2725 post

271 2731 413 2766 obitum
438 2730 524 2762 item
551 2730 634 2763 siliis
673 2730 750 2761 cius
777 2727 1061 2772 praestabimus:
1097 2738 1163 2759 nce
1190 2726 1363 2761 bonorum
1388 2728 1598 2771 promissio,
1634 2739 1700 2763 nec

270 2778 446 2816 maior-um
469 2774 642 2817 inflictio,
677 2785 744 2811 nec
774 2774 874 2810 aliud
897 2772 1096 2824 quidquam
1130 2775 1288 2811 omnium
1320 2786 1341 2812 a
1365 2774 1434 2810 fide
1483 2779 1519 2810 ct
1552 2775 1700 2812 caritate
