1812 3132
488 179 866 224 nisTomARmr
911 179 986 221 m.
1026 183 1098 226 23.
1435 160 1531 229 πάι

98 282 225 328 οἴοιτο
263 281 544 338 λυσιτελήσειν
581 279 792 337 πράττειν.
846 280 943 335 πρίν
972 282 1020 322 δὲ
1045 281 1176 336 μηδὲν
1202 285 1326 324 κινεῖν
1351 281 1436 324 τῶν
1463 285 1630 323 aea-An.
1646 284 1732 332 ¹34⁸

95 348 317 393 θεσταὶτων
333 381 346 399 ,
373 344 452 390 κᾶν
480 346 601 390 πάντ’
628 342 717 389 ἄνω
744 347 816 388 καί
841 343 953 388 κάτω
980 347 1179 400 γινόμενα
1207 346 1335 404 ἆρῴη.
1389 345 1429 389 οἶ
1458 349 1537 400 μὲν

98 411 176 457 οὖν
205 416 398 470 πρέσβεις
434 411 547 455 οὕτω
571 413 922 468 προστεταγμένοι
951 408 1169 467 πράττειν,
1207 411 1380 469 ἐξῄεσαν
1405 414 1542 456 Auru-

96 481 311 534 μοτείχου.
376 480 470 521 §nec
506 478 555 520 δὲ
594 480 656 526 εἰς
684 477 925 532 Σηλυβρίαν
949 470 1071 531 ἧκον,
1101 476 1139 519 οἱ
1166 480 1213 520 ἐκ
1238 480 1312 533 τῆς
1338 493 1542 534 παρακοι-·

71 546 292 598 5μωμένου
321 545 455 593 οἰκίας
481 541 721 597 ἐντυχόντες
748 543 822 583 καί
847 541 1000 592 ἵππους
1030 540 1336 597 διαρπάσαντες
1366 541 1438 585 καί
1464 541 1542 598 τήν

97 605 228 665 ἄλλην
253 608 513 664 ἀποσκευὴν,
558 606 712 657 αὐτοὺς
739 604 852 661 εἶχον
890 609 936 649 έν
965 609 1150 664 φρουρᾷ.
1179 608 1463 662 α’γγελθέντων
1493 609 1540 651 δὲ

94 680 180 724 τοῖς
202 676 263 717 ’ἐν
289 676 579 732 Λιδυμοτείχῳ
622 675 709 716 τῶν
735 671 833 729 περὶ
858 670 957 722 τούς
985 674 1181 728 πρέσβεις
1209 675 1544 729 τετολμημένων,

95 739 136 783 οἱ
159 741 240 794 μὲν
266 735 385 782 ἄλλοι
412 738 564 789 πάντες
589 740 892 795 ἐδυσχέραινον
919 733 969 780 οὔ
996 740 1177 795 μετρίως
1214 738 1287 781 καὶ
1311 740 1405 781 οὐδ’
1441 735 1657 792 ἆνε-Ρ.4·η·

94 804 194 848 κτὸν
209 805 399 861 ἧγοῧντο,
428 802 540 846 οὕτω
567 803 685 860 παρὰ
715 803 891 861 φαύλων
918 805 990 846 ε’πί
1006 806 1191 861 μηδεμιᾷ
1207 803 1418 860 προφάσει
1437 814 1541 860 προ-

46 873 400 928 ιοπηλακιζεσθαι
426 868 677 926 ἀνθρώπων.
734 868 758 912 ὅ
786 871 920 925 μέγας
940 871 990 913 δὲ
1016 871 1257 923 δομέστικος
1285 868 1462 927 παρῄνει
1479 864 1540 925 μή

90 941 383 993 μικροψυχεῖν.
447 936 614 978 οἴεσθαι
641 938 720 990 μὲν
746 936 826 991 γὰρ
855 938 929 978 καί
955 931 1085 984 αὗτός
1113 930 1188 977 οὖκ
1214 937 1278 978 ἐπ’
1306 936 1456 994 ἆγαθῷ
1482 928 1537 978 τά

92 1003 268 1045 τοιαῦτα
294 1002 566 1056 τελευτήσειν,
594 997 700 1044 ἄλλά
731 998 929 1056 μεγάλων
953 999 1129 1042 ἔσεσθαι
1156 1001 1410 1056 πραγμάτων
1437 1001 1541 1043 ὕπο-

92 1070 248 1117 θέσεις.
320 1069 408 1109 δεῖν
447 1068 494 1109 δὲ
538 1063 653 1121 ὅμως
695 1073 785 1116 τοῖς
821 1065 938 1121 παρὰ
982 1067 1131 1123 σφίσιν
1169 1062 1317 1116 αὐτοῖς
1344 1068 1540 1120 ἐμμένειν

95 1135 398 1190 ἐψηφισμένοις
435 1134 508 1175 καί
545 1135 677 1188 μηδὲν
721 1133 981 1189 νεωτερίζειν
1017 1134 1116 1188 πρίν
1160 1130 1235 1188 τήν
1276 1133 1541 1187 προθεσμίαν

47 1196 225 1255 ιδῆκειν.
279 1198 330 1240 οὖ
367 1197 447 1254 γὰρ
485 1197 646 1253 ἀγαθὸν
673 1204 759 1248 τοῖς
786 1198 902 1255 παρά
935 1197 1058 1255 σφίσι
1085 1199 1341 1253 κεκριμένοις
1369 1199 1539 1240 ἐναντία

95 1264 303 1322 πράττειν.
357 1264 410 1307 ἂν
437 1267 485 1307 δέ
512 1282 553 1307 τι
581 1263 696 1320 παρὰ
727 1263 853 1316 δόξαν
883 1267 956 1307 καί
983 1269 1069 1314 τοῖς
1094 1264 1313 1319 ἡμετέροις
1339 1265 1540 1318 πρέσβεσι

93 1333 356 1386 συμβέβηκε,
393 1329 648 1384 θαυμαστὸν
676 1330 813 1377 οὐδέν.
869 1332 926 1388 τῷ
954 1328 1035 1385 γὰρ
1067 1329 1200 1371 πάντα
1226 1329 1428 1381 τολμῶντι
1453 1345 1535 1370 πα-

94 1399 396 1455 ρακοιμωμένῳ
432 1399 506 1439 καί
546 1397 724 1446 οἰκέταις
766 1393 867 1439 οῦδὲ
901 1395 953 1439 τά
982 1396 1158 1438 τοιαῦτα
1190 1390 1297 1437 εἶναι
1321 1395 1536 1448 α’νεπιχεί-

96 1480 203 1518 ρητα
230 1465 453 1518 προσῆκεν.
508 1464 559 1505 οὔ
586 1461 637 1519 δή
674 1462 857 1516 δίκαιον,
885 1460 938 1504 τὰ
966 1466 1055 1510 τοῖς
1082 1455 1224 1508 ἄλλοις
1252 1457 1438 1515 ἀνοήτως
1466 1459 1542 1502 καί

42 1529 291 1583 αοθρασέως
326 1529 599 1584 τολμηθέντα,
642 1530 695 1586 τῇ
721 1529 934 1582 βασιλίδι,
979 1524 1080 1582 πρὸς
1109 1525 1161 1580 ἢν
1187 1524 1309 1581 ἡμεῖς
1335 1524 1413 1581 τήν
1439 1529 1577 1580 πρε-Ε

96 1593 244 1648 σβειάν
270 1591 531 1649 πεποιήμεθα
545 1627 558 1647 ,
596 1594 860 1648 λογίζεσθαι·
918 1590 1056 1640 ἄλλως
1084 1606 1127 1633 τε
1154 1593 1195 1633 εἰ
1219 1593 1297 1644 μὲν
1323 1590 1457 1645 ἐκείνη
1486 1589 1542 1632 τὰ

95 1660 241 1702 δέοντα
269 1662 460 1711 ποιοῦσα,
487 1655 787 1715 συμφερόντως
813 1654 1084 1710 βουλεύσεται
1111 1657 1211 1711 περὶ
1234 1659 1316 1698 τῶν
1340 1653 1449 1698 δ’λων
1468 1658 1545 1699 καί

94 1723 170 1767 τὸν
205 1721 544 1780 προσδοκώμενον
570 1723 750 1776 πόλεμον
779 1721 995 1775 διαλύσει,
1028 1721 1087 1771 ὥς
1112 1722 1245 1776 μηδὲν
1273 1716 1371 1763 ’ὄντα
1398 1719 1449 1762 τὰ
1474 1736 1543 1775 γε·-

93 1791 295 1846 γενημένα
323 1791 525 1846 περιιδεῖν
552 1791 770 1846 προσῆκον.
827 1784 879 1830 ἂν
907 1789 959 1841 δ’,
987 1782 1013 1828 ὃ
1039 1785 1097 1844 μή
1123 1787 1300 1842 γένοιτο,
1327 1784 1432 1843 πρὸς
1450 1786 1542 1839 μεί-

96 1951 170 1987 que
202 1940 279 1974 fore
309 1939 564 1982 arbitraretur,
597 1950 639 1973 ea
670 1940 912 1985 transigeret;
950 1939 1051 1984 prius
1093 1950 1186 1986 quae
1224 1939 1420 1973 constituta
1454 1939 1542 1979 sint,-

95 1988 240 2021 etiamsi
264 1987 385 2020 omnia
407 1998 545 2020 sursum
568 1996 610 2019 ac
637 1987 806 2020 deorsum
835 1987 1083 2028 miscerentur,
1100 1998 1176 2020 non
1199 1991 1390 2019 moturum.
1450 1986 1542 2018 Cum

97 2032 155 2067 his
178 2034 356 2067 mandatis
380 2034 486 2079 legati
513 2032 770 2077 Didymoticho
802 2033 1049 2078 egredientes,
1084 2032 1150 2065 ubi
1177 2032 1363 2076 Selybriac
1388 2033 1542 2077 propin-

99 2085 279 2126 quarunt,
301 2091 322 2113 a
348 2079 554 2113 domesticis
579 2079 810 2124 Apocauchi,
844 2080 885 2113 in
909 2089 999 2124 quos
1027 2078 1251 2118 inciderant,
1291 2079 1394 2124 equis
1430 2079 1543 2112 sarci-

95 2127 229 2172 nisque
260 2125 408 2171 spoliati
439 2131 476 2160 et
507 2128 546 2160 in
582 2126 784 2160 custodiam
815 2126 975 2159 contrusi
1001 2130 1094 2159 sunt.
1143 2124 1439 2169 Didymotichum
1466 2130 1540 2157 tam

95 2174 236 2207 nefario
262 2172 421 2207 facinore
446 2174 636 2213 nuntiato,
660 2173 772 2206 ceteri
790 2171 938 2225 quidem
949 2183 1073 2206 omnes
1098 2181 1174 2205 non
1193 2182 1319 2216 parum
1345 2171 1542 2215 indignari,

98 2226 137 2254 et
164 2220 312 2254 minime
335 2218 524 2253 serendum
549 2218 701 2260 ducere,
728 2230 750 2252 a
773 2218 959 2252 wlissimis
985 2218 1195 2252 hominibus
1220 2223 1294 2251 tam
1328 2217 1435 2251 foede
1460 2218 1539 2250 sine

96 2266 174 2299 ulla
206 2276 312 2299 causa
348 2264 507 2299 multari.
565 2266 612 2299 At
640 2276 789 2311 magnus
824 2264 1040 2299 domesticus
1072 2276 1134 2299 eos
1169 2263 1389 2305 admonere,
1420 2275 1466 2298 ne
1499 2265 1539 2298 id

96 2312 320 2346 imbecillius
346 2313 502 2355 ferrent;
526 2323 564 2345 se
588 2323 735 2359 quoque
761 2312 988 2351 existimare,
1012 2322 1087 2344 non
1125 2311 1220 2344 bene
1252 2311 1326 2344 illis
1355 2310 1396 2344 id
1430 2321 1540 2345 even-

96 2363 219 2392 turum
247 2364 284 2392 et
307 2369 513 2402 magnarum
540 2370 659 2392 rerum
682 2370 760 2393 esse
783 2358 963 2404 quaedam
986 2356 1223 2391 fundamenta
1263 2368 1306 2390 ac
1341 2358 1538 2402 prooemia,

96 2404 330 2439 Perstandum
354 2410 473 2439 tamen
493 2407 532 2439 in
554 2405 625 2446 his,
650 2416 743 2452 quae
766 2405 837 2451 ipsi
863 2405 1118 2444 decrevissent,
1134 2409 1171 2437 et
1195 2403 1311 2437 donec
1334 2403 1412 2438 dies
1435 2412 1540 2448 prae-

98 2453 202 2485 finita
229 2451 431 2491 illuxisset,
455 2451 550 2485 nihil
574 2452 790 2486 novandum.
838 2452 922 2484 Non
945 2452 1044 2484 enim
1070 2450 1261 2496 expedire,
1287 2455 1411 2484 contra
1436 2461 1535 2483 suam

97 2499 211 2544 ipsius
235 2498 451 2532 sententiam
477 2498 611 2535 venire.
672 2497 782 2543 Quod
813 2498 845 2532 si
881 2497 971 2543 quid
1003 2503 1146 2542 praeter
1182 2496 1392 2541 opinionem
1425 2498 1537 2532 etiam

82 2546 229 2578 'nostris
252 2545 378 2589 legatis
403 2543 555 2585 accidit,
577 2545 674 2578 nihil
697 2545 839 2579 mirum.
881 2545 971 2577 Nam
995 2544 1179 2588 praefecto
1206 2542 1366 2577 cubiculi
1392 2547 1429 2576 et
1461 2554 1538 2577 ser-

96 2592 151 2625 vis
173 2592 251 2624 eius
275 2590 497 2624 audentibus
521 2592 661 2630 omnia,
686 2593 751 2638 qui
779 2590 926 2625 tandem
952 2589 1204 2630 conveniebat,
1227 2600 1302 2624 non
1327 2589 1436 2624 etiam
1468 2590 1538 2624 hoc

97 2637 257 2671 audere?
303 2637 457 2671 Proinde
480 2647 573 2682 quae
597 2638 661 2671 alii
689 2638 802 2672 stulte
826 2643 863 2672 et
888 2636 1112 2671 confidenter
1131 2636 1376 2678 admiserunt,
1401 2647 1443 2670 ea
1467 2637 1537 2668 im-

97 2683 293 2727 peratrici,
323 2683 370 2717 ad
408 2694 514 2728 quam
552 2683 689 2729 legatos
715 2684 904 2725 misimus,
938 2682 1143 2717 adscribere
1170 2683 1345 2718 iniustum
1369 2688 1432 2716 est.
1482 2683 1538 2717 Ad

98 2729 210 2770 haec,
241 2731 271 2764 si
310 2730 386 2775 ipsa
421 2740 484 2774 pro
514 2741 662 2765 munere
694 2740 761 2764 suo
787 2741 947 2764 summae
979 2730 1030 2763 rei
1054 2728 1222 2773 publicae
1248 2730 1473 2763 consuluerit
1501 2734 1538 2763 et

99 2776 238 2811 bellum
279 2777 471 2812 imminens
515 2776 752 2820 discusserit,
803 2783 879 2812 tum
915 2787 1007 2823 quae
1043 2775 1137 2810 facta
1170 2782 1277 2818 sunt,
1310 2785 1375 2823 pro
1403 2777 1537 2811 nullius
