1800 3138
498 172 880 215 HISTORIARUM
923 174 996 214 111.
1038 176 1107 218 33.
1443 171 1548 228 ¹99

106 272 233 324 αέτός
262 274 339 331 ὑφ’
368 269 520 315 ἑαυτοῦ
529 306 542 325 ,
571 270 656 314 εἴθ’
681 269 828 327 ἑτέρου
860 272 1220 327 συμβουλεύοντος
1247 273 1461 326 πεισθεὶς,
1490 273 1743 322 sig-Anaua

103 339 178 394 τήν
217 337 439 394 ὑστεραίαν
466 337 736 391 ἀνεβάλλετο,
778 339 850 392 τῆς
875 340 954 390 μὲν
982 337 1145 394 εἰρήνης
1173 338 1293 391 ὑμῶν
1316 340 1398 380 τῶν
1425 341 1588 392 βασι-0

103 406 207 446 λέων
233 402 418 456 μάλιστα
434 403 681 456 βούλεσθαι,
710 401 852 455 εἰπών,
884 402 1125 453 αἰτιώτατος
1143 405 1371 459 γενέσθαι,
1409 404 1547 444 δεδοι-

103 470 216 510 κέναι
244 469 306 521 δὲ,
335 465 392 523 μη
436 467 635 520 οὐδεμίαν
663 461 803 522 ὄνησιν
828 464 1039 523 ἑκατέροις
1066 466 1385 524 παρασχόμενος
1411 464 1548 524 ἑαυτῷ

77 535 182 579 ὅταῖν
218 534 422 586 μεγίστων
465 533 700 587 συμφορῶν
741 530 985 581 αἰτιώτατος
1027 535 1266 588 κατασταίη.
1335 531 1400 574 διὸ
1446 533 1546 574 οὐδὲ

102 595 203 651 πρὸς
242 595 370 638 αὐτὸν
407 598 700 651 τετολμηκέναι
727 599 803 638 νῦν
825 598 974 638 ἐλθεῖν.
1017 596 1116 646 τούς
1139 597 1221 653 γάρ
1250 599 1294 639 ἐν
1324 598 1544 654 Βυζαντίῳ

99 664 183 703 τῶν
209 659 460 717 πραγμάτων
486 657 722 718 ἄρχοντας,
759 665 896 703 καίτοι
923 662 1133 718 μηδεμίαν
1160 663 1349 716 ὑποψίας
1376 663 1544 719 πρόφα-

99 743 168 769 σιν
195 729 513 785 παρασχομένῳ,
543 725 650 769 α’λλά
682 730 756 769 καὶ
781 726 830 769 τὰ
861 727 1032 776 ἐκείνοις
1059 729 1257 770 δοκοῦντα
1279 727 1391 785 πάσῃ
1411 729 1545 783 πράτ-

98 806 212 833 τοντι
242 793 429 848 σπουδῇ,
459 791 534 834 καί
559 794 695 833 αυ’τοῦ“
714 790 967 849 ἀφεστηκότι
995 791 1067 834 διά
1097 791 1143 833 τὸ
1172 794 1232 848 μή
1263 792 1338 847 την
1365 794 1448 834 ταῖν
1475 788 1544 834 ὄν-

49 873 178 903 ιοτων
219 860 410 912 στέρησιν
448 860 521 899 καί
558 855 770 914 φιλτάτων
808 859 882 900 καί
906 856 1102 912 γυναικὸς
1131 861 1276 913 φέρειν
1305 859 1542 911 δύνασθαι,

96 917 208 974 ὅμως
236 923 359 964 ου’δὲν
377 924 614 964 πεπεικέναι
641 920 699 972 αἷς
740 925 874 981 πιστῷ
900 922 1001 978 περὶ
1021 919 1178 972 αὐτούς
1203 924 1434 978 προσέχειν,
1464 918 1541 964 ἆλ-

97 986 149 1028 a&
192 985 406 1043 πρόφασίν
441 1005 532 1030 τινα
573 990 738 1043 ζητεῖν,
784 991 829 1039 ἐξ
870 983 918 1045 ἧς
954 990 1275 1045 διαφθεροῦσιν.
1334 982 1393 1029 ὧν
1420 988 1586 1031 &venun

95 1051 188 1093 οὐδ’
228 1051 333 1106 ὑπὲρ
376 1054 450 1107 τῆς
477 1053 642 1108 εἰρήνης
654 1087 667 1106 ,
704 1050 843 1108 ὥσπερ
879 1051 1016 1106 εἶπεν,
1059 1055 1119 1102 εἰς
1144 1051 1379 1104 Βυζάντιον
1409 1052 1540 1094 δύνα-

93 1120 198 1158 σθαι
237 1118 390 1159 ἐλθεῖν.
457 1117 659 1171 βασιλεύς
696 1119 742 1160 δὲ
771 1116 938 1174 εἰρήνης
963 1120 1042 1170 μὲν
1068 1116 1226 1174 ἔφασκε
1254 1117 1326 1158 καὶ
1352 1115 1539 1170 μάλιστα

45 1183 314 1235 ιὸἑπιθυμεῖν
341 1179 422 1236 οὔχ
449 1180 604 1224 ἑαυτοῦ
629 1184 817 1236 μᾶλλον,
845 1178 872 1238 ἢ
899 1185 981 1224 τῶν
1008 1179 1145 1224 ἄλλων
1172 1179 1378 1238 ὠφελείας
1406 1184 1538 1233 ἕνεκα,

93 1248 153 1296 εἰς
194 1243 404 1303 προῦπτον
440 1249 486 1290 δὲ
523 1249 713 1290 κίνδυνον
751 1245 973 1302 ἐμβάλλειν
999 1245 1153 1290 ἑαυτὸν
1180 1249 1332 1289 οὐδένα
1357 1243 1538 1301 ἀναγκά-

92 1326 202 1363 σειν,
247 1311 485 1365 βλάπτοντα
512 1314 559 1355 δὲ
586 1314 770 1368 μηδένα,
816 1314 862 1355 τό
898 1329 944 1367 γε
973 1313 1031 1362 εἰς
1061 1311 1190 1355 αὐτὸν
1219 1308 1333 1368 ἧκον,
1363 1312 1450 1368 θεῷ
1477 1312 1534 1368 τῷ

92 1374 228 1419 πάντα
254 1378 462 1433 ἑφορῶντι
490 1377 733 1434 ἐπιτρέψειν
761 1376 813 1419 τά
842 1379 931 1420 κατ’
958 1375 1101 1420 αὐτόν.

201 1443 270 1496 λγ’.
333 1443 399 1484 Οὕ
425 1443 516 1485 τότε
545 1445 591 1485 δὲ
618 1443 748 1496 μόνον
775 1442 874 1498 περὶ
893 1441 969 1497 τὴν
997 1440 1190 1484 διάλυσιν
1215 1441 1393 1498 εὐχερὴς
1412 1444 1527 1483 Καν-
1539 1449 1575 1487 Ρ.
1599 1450 1669 1495 456

38 1505 337 1562 ποτακουζηνὸς
369 1506 391 1548 ὅ
421 1506 621 1560 βασιλεύς
650 1507 804 1563 «ὁρᾶτο,
835 1507 942 1549 ἀλλὰ
969 1509 1043 1549 καὶ
1062 1509 1353 1565 Διδυμοτείχῳ
1395 1508 1533 1549 ἐνδια-

88 1571 240 1627 τρίβων
279 1571 341 1613 ἔτι
359 1604 371 1626 ,
418 1572 522 1625 μετὰ
565 1572 612 1614 τὸ
641 1569 750 1624 ἅπαξ
779 1573 853 1614 καί
881 1573 944 1620 δίς
971 1572 1074 1627 πρὸς
1101 1574 1299 1625 βασιλίδα
1329 1569 1534 1626 πρεσβεύ-

88 1641 250 1679 σασθαι
278 1637 379 1692 περὶ
405 1636 581 1692 εἰρήνης,
610 1638 704 1678 ἐπεὶ
731 1637 853 1678 ου’δὲν
881 1638 1057 1685 ἐπιεικὲς
1084 1637 1184 1692 περὶ
1210 1636 1306 1684 τοὺς
1334 1639 1532 1690 πρέσβεις

88 1702 305 1757 ἠγγέλλετο
335 1704 629 1758 εἰργασμένον,
671 1700 777 1757 πρὸς
818 1699 892 1743 τὸν
921 1700 1187 1756 πατριάρχην
1214 1702 1357 1756 κρύφα
1388 1702 1564 1756 γράμ-Β

87 1784 203 1821 ματα
248 1769 490 1820 διεπέμπετο
517 1766 616 1823 περὶ
642 1766 832 1823 εἰρήνης,
872 1768 917 1809 ἐν
945 1763 1005 1816 οἷς
1033 1769 1112 1809 τῶν
1140 1781 1182 1809 τε
1208 1767 1274 1809 ἐπ’
1305 1766 1435 1810 αὐτοῦ
1460 1781 1530 1820 γε-

87 1917 219 1964 pulsu,
242 1917 434 1953 adventum
461 1927 566 1949 suum
592 1916 630 1948 in
655 1914 751 1948 diem
775 1920 958 1959 posterum
999 1914 1160 1956 distulit,
1200 1914 1374 1948 affirmans
1395 1938 1405 1954 ,
1431 1914 1530 1948 velle

89 1976 127 1998 se
163 1964 308 2011 quidem
344 1964 441 2010 pacis
480 1965 578 1996 inter
612 1962 846 2007 imperatores
884 1961 1132 1995 conciliandae
1169 1972 1334 2004 promum
1371 1959 1527 1994 condum

89 2021 188 2053 esse3
213 2012 338 2044 timere
361 2016 505 2049 tamen,
529 2019 591 2048 ne,
617 2019 697 2040 curn
723 2008 843 2041 neutri
873 2008 968 2052 parti
1001 2005 1245 2047 commodarit,
1277 2007 1423 2039 sibimet
1452 2017 1526 2039 ma-

87 2058 262 2091 ximarum
295 2056 540 2090 calamitatum
577 2055 752 2087 maximus
785 2059 910 2086 auctor
947 2055 1020 2087 fiat.
1080 2052 1217 2086 Idcirco
1251 2052 1296 2085 ad
1331 2052 1448 2096 ipsum
1484 2052 1527 2087 in,

87 2113 257 2147 praesens
278 2105 432 2139 veritum
456 2100 635 2134 accedere.
683 2100 774 2133 Nam
799 2101 862 2145 qui
889 2099 1047 2143 Byzantii
1080 2110 1235 2132 summae
1267 2109 1383 2132 rerum
1417 2108 1525 2143 prae-

87 2149 252 2191 sideant,
283 2150 444 2195 quamvis
469 2148 607 2180 nullam
641 2147 859 2190 suspicionis
895 2146 1120 2179 occasionem
1147 2145 1270 2184 danti,
1306 2145 1414 2178 immo
1439 2154 1527 2177 vero

87 2207 182 2240 quae
218 2196 306 2240 ipsis
340 2196 552 2241 placerent,
588 2192 815 2237 perstudiose
849 2193 1048 2236 praestanti
1087 2197 1125 2225 et
1160 2191 1207 2224 ab
1243 2202 1285 2224 eo
1324 2190 1526 2229 deficienti,

82 2242 201 2287 (quod
231 2241 455 2276 fortunarum
497 2240 835 2284 carissimorumque
875 2238 1031 2271 liberum
1070 2243 1107 2271 et
1139 2238 1259 2270 uxoris
1292 2236 1522 2271 amissionem

86 2287 180 2321 ferre
206 2300 280 2322 non
303 2292 462 2333 posset‚)
494 2293 614 2320 tamen
641 2284 806 2318 nondum
834 2285 940 2318 fidem
964 2284 1125 2324 hahere,
1150 2282 1213 2316 sed
1253 2283 1366 2327 ipsius
1396 2282 1524 2316 interi-

86 2334 212 2367 mendi
237 2338 459 2378 praetextum
486 2342 668 2379 quaerere.
719 2330 895 2376 Quocirca
925 2341 992 2364 nec
1017 2341 1082 2375 pro
1108 2335 1292 2375 sequestre
1323 2328 1445 2373 pacis,
1478 2333 1521 2362 ut

88 2380 223 2414 dixerit
241 2406 251 2421 ,
276 2381 482 2423 Byzantium
510 2379 562 2412 ire
590 2388 704 2422 posse.
753 2378 950 2421 Imperator
977 2377 1076 2421 pacis
1098 2386 1174 2410 non
1200 2380 1271 2408 tam
1295 2386 1393 2415 suae,
1409 2385 1522 2420 quam

87 2428 229 2460 alienae
257 2427 427 2460 utilitatis
451 2427 562 2471 gratia
587 2435 624 2457 se
650 2423 923 2467 cupidissimum
948 2434 1024 2456 esse
1049 2420 1255 2466 respondit3
1290 2420 1406 2455 nihilo
1444 2421 1517 2454 mi-

87 2484 155 2505 nus
182 2472 282 2506 haud
305 2483 520 2518 quemquam
546 2470 584 2502 in
608 2469 801 2503 discrimen
828 2470 1030 2515 praevisum
1086 2467 1297 2501 adacturum
1315 2491 1325 2507 ,
1365 2477 1520 2514 seseque

86 2519 287 2558 neminem,
321 2519 419 2564 quod
456 2517 502 2550 ad
539 2516 657 2560 ipsum
681 2515 836 2549 attineat
853 2541 864 2557 ,
887 2515 1113 2555 laedentem,
1140 2513 1218 2547 Deo
1244 2513 1364 2547 omnia
1390 2513 1516 2558 inspe-

89 2566 196 2599 ctanti
226 2566 388 2598 fortunas
413 2575 491 2598 suas
515 2563 795 2595 commissurum.

182 2613 237 2646 33.
283 2612 410 2656 Neque
449 2621 532 2643 vero
568 2613 654 2641 tune
681 2607 927 2641 tantummodo
956 2606 1227 2641 Cantacuzenus
1247 2606 1444 2650 imperator
1469 2604 1516 2638 ad

88 2657 373 2702 pacificationem
399 2665 596 2700 propensus
623 2665 664 2687 ac
688 2654 804 2687 facilis
831 2652 1067 2692 cernebatur,
1104 2651 1167 2684 sed
1200 2652 1308 2684 etiam
1341 2650 1516 2694 Didymo-

91 2703 188 2738 ticho
214 2714 255 2738 ea
275 2715 338 2749 per
363 2709 521 2735 oratores
541 2700 586 2734 ab
611 2701 835 2744 imperatrice
874 2699 983 2732 semel
1009 2699 1214 2743 iterumque
1238 2698 1374 2741 petita,
1410 2700 1515 2740 post-

91 2761 196 2795 quam
220 2750 294 2784 iuis
317 2749 410 2784 nihil
433 2759 497 2794 pro
523 2757 639 2794 aequo
665 2753 702 2781 et
725 2747 823 2781 bono
857 2746 992 2781 factum
1026 2743 1183 2785 audivit,
1209 2744 1255 2777 ad
1276 2743 1513 2790 patriarcham
