1800 3132
545 190 921 237 HISTORIARUM
959 193 1032 232 m.
1061 193 1131 238 53.
1425 165 1459 233 3
1472 184 1490 220 ι
1502 164 1535 220 3

105 313 221 351 ματα
248 297 425 352 πάσχειν
452 292 688 350 αὐθαίρετα
715 295 850 344 κακῶς
870 291 1129 348 αἱρεθέντες,
1159 290 1232 332 καί
1250 288 1395 336 δεινῶς
1415 287 1734 341 &xmae-1342

105 365 337 406 λινδεῖσθαι
363 360 434 404 διὰ
462 364 558 416 βίου
584 367 670 412 τοῖς
711 358 771 415 μὴ
812 359 1043 414 καθήκουσι
1093 355 1166 398 καί
1199 357 1272 410 τῆς
1298 354 1392 408 ἴσης
1417 352 1538 403 ἀξίας

104 428 208 483 πρὸς
233 430 338 471 θεοῦ
362 426 586 482 τυχόντες,
615 428 688 468 καί
711 428 784 481 τῆς
814 426 943 478 αὐτῆς
969 423 1188 478 ἠξιωμένοι
1215 420 1421 474 σπουδῆς,
1465 432 1542 471 με·-

106 492 288 550 μηνότος
310 495 439 548 δίκην,
476 491 650 548 ταυτησὶ
668 494 748 545 μὲν
767 491 942 545 οἰκτρῶς
963 486 1292 540 ἐκπεπτώκαμεν,
1320 484 1542 537 ἀνισότητα
1552 481 1674 527 V·42⁰

75 561 151 603 ὅδὲ
199 559 470 612 πεπόνθαμέν
513 573 558 599 τε
609 559 683 599 καί
716 553 1002 609 τετιμήκαμεν.
1057 554 1150 594 δέον
1176 550 1256 606 γὰρ
1288 547 1540 598 σπουδάζειν

98 621 127 678 ἢ
152 623 225 666 τὸν
251 622 383 666 αὔτὸν
411 626 480 665 ε’πί
506 629 592 672 τοῖς
618 623 808 676 ἀμείνοσι
837 618 1018 674 δρόμον,
1061 614 1090 673 ἢ
1132 621 1378 674 φιλονεικεῖν
1414 611 1541 664 ἄλλος

100 684 226 730 ἄλλον
253 690 540 744 ὑπερβαίνειν,
580 685 692 737 ὅπως
721 684 774 729 ἄν
811 688 878 728 ἐπ”
904 688 1078 739 α’γαθοΐς
1105 681 1309 737 ἀλλήλους
1336 678 1579 738 νικῴημενῦ

100 755 343 796 τούναντίον
363 751 475 797 ἅπαν
497 751 734 810 φαινόμεθα
754 750 1024 807 πράττοντες,
1053 748 1126 790 καί
1153 748 1410 802 συμβέβηκεν
1438 745 1541 799 ἡμῖν

96 816 193 862 ὀἷόν
221 837 263 861 τι
292 817 430 869 πάθος
457 817 643 873 α’τεχνῶς
671 815 843 870 ἄτοπον,
884 813 948 857 ὅτι
984 813 1093 856 κατὰ
1132 811 1233 863 τούς
1272 816 1345 868 τῆς
1371 812 1541 866 μορφῆς

51 888 372 941 ιοχαρακτῆρας
399 884 538 927 ἔπεστι
565 885 875 939 διενηνοχέναι,
904 882 977 922 καί
1001 885 1094 928 ταῖς
1118 880 1192 933 τῆς
1218 880 1364 932 ψυχῆς
1390 875 1539 927 ἔξεστι.

101 953 174 993 καί
198 950 275 1005 τὴν
302 949 469 1006 πρώτην
496 951 654 1004 ἐκείνην
681 948 754 990 καί
794 944 1056 1003 μακαριστὴν
1105 939 1230 993 ὅντως
1271 939 1544 995 εὐδαιμονίαν

102 1013 390 1069 ἆποβαλοῦσιν
433 1014 534 1070 ἡμῖν
580 1016 747 1056 δέδοκτο
788 1016 875 1056 δεῖν
902 1015 969 1069 ἐφ’
998 1008 1148 1066 ἑτέραν
1173 1010 1412 1062 πολυσχιδῆ
1438 1023 1545 1064 τρα-

100 1084 279 1133 πέσθαι,
311 1082 510 1135 α’βέβαιον
544 1079 676 1138 πάντῃ
711 1082 786 1121 καί
810 1081 904 1121 καθ’
933 1076 1090 1132 ἑαυτὴν
1117 1073 1438 1125 στασιάζουσαν.
1492 1069 1545 1128 ἣν

100 1146 146 1190 εἴ
163 1163 226 1197 τις
250 1144 300 1188 οὗ
328 1150 474 1202 καλοίη
500 1145 657 1202 τύρβην
684 1147 835 1200 κομιδῆ
861 1143 1045 1198 ματαίαν
1081 1141 1155 1183 καί
1189 1141 1377 1197 θόρυβον
1420 1139 1545 1191 α’κερ-

53 1214 180 1267 ιὸδῆ,
217 1214 364 1254 τοῦτον
401 1211 480 1266 ἐγώ
514 1213 674 1265 νομίζω
702 1215 833 1254 τελεῖν
860 1210 937 1252 οὐκ
966 1210 1027 1259 εἷς
1052 1206 1152 1258 τούς
1180 1202 1229 1248 εὖ
1259 1207 1544 1263 φρονοῦντας,

102 1278 155 1317 ου’
183 1275 350 1333 φύσεως
375 1279 434 1327 εἰς
460 1279 610 1331 τοῦτο,
639 1276 805 1333 φαύλης
832 1278 880 1318 δέ
906 1290 1019 1323 τινος
1047 1272 1249 1328 αἱρέσεως
1276 1269 1548 1326 ζημιωσοὶσης

103 1341 242 1385 αὐτόν.
302 1347 465 1384 πολλῶν
496 1344 542 1384 δὲ
577 1343 734 1398 ταύτης
779 1341 828 1396 δὴ
860 1344 935 1396 τῆς
963 1341 1183 1394 λεγομένης
1209 1353 1255 1380 τε
1282 1335 1355 1379 καὶ
1380 1337 1548 1390 νομιζο-

101 1409 227 1463 μένης
253 1409 519 1460 εὐδαιμονίας
543 1407 762 1465 διαφόρως
781 1404 1134 1462 εὕμοιρησάντων,
1162 1406 1236 1446 καί
1272 1405 1330 1461 τῷ
1356 1403 1434 1456 μὲν
1460 1401 1588 1443 οἷπὸΙ)

101 1477 246 1528 γένους
289 1469 374 1515 οἷον
413 1477 536 1531 τιμᾷν
573 1471 774 1515 εἰώθασιν
819 1469 1063 1527 ἅνθρωποι,
1108 1470 1155 1512 τὸ
1190 1467 1484 1525 βρενθύεσθαί
1504 1483 1548 1509 τε

52 1538 178 1583 αοκαί
212 1536 390 1594 ἥδεσθαι
418 1536 814 1594 προσυπάρχοντος,
857 1541 914 1595 τῷ
950 1539 990 1578 δ’
1018 1535 1100 1578 α’πό
1127 1536 1376 1591 χρημάτων,
1418 1535 1476 1590 τῷ
1509 1534 1549 1574 δ’

106 1602 188 1646 ἆπὸ
219 1603 341 1659 δόξης
383 1603 456 1646 καί
481 1607 711 1660 θεραπείας
739 1600 801 1645 ὅτι
827 1605 1003 1655 πολλῆς,
1032 1601 1157 1658 ἑτέρῳ
1186 1602 1224 1642 δ’
1251 1598 1334 1641 α’πὸ
1365 1615 1549 1653 στρατη-

104 1671 200 1723 γίας
224 1668 319 1722 βίου
347 1685 392 1711 τε
422 1668 526 1711 κατὰ
558 1668 712 1722 κόσμον
738 1669 960 1710 ἐπαινετοῦ
978 1699 990 1721 ,
1020 1661 1130 1723 ἄλλῳ
1162 1667 1196 1706 δ’
1225 1665 1298 1706 a’n'
1334 1663 1547 1711 εὐτεκνίας

104 1734 178 1778 καὶ
204 1734 389 1792 φατρίας
421 1736 618 1790 λαμπρᾶς
646 1735 857 1789 συγγενῶν
884 1735 956 1774 καί
983 1732 1135 1789 φίλων,
1162 1728 1322 1772 τούτων
1349 1726 1546 1771 ἁπάντων

200 1858 251 1892 ¹7·
280 1843 323 1890 dr}
349 1858 415 1893 pro
443 1845 484 1881 δὲ
509 1847 549 1883 Ρ.
578 1850 615 1880 et
635 1846 682 1879 M.

102 1949 199 1994 passi
234 1958 353 1981 sumus
382 1947 530 1981 minime
561 1946 678 1986 docti,
716 1946 891 1980 iudicium
923 1946 998 1980 veri
1033 1944 1296 1991 propemodum
1335 1946 1543 1987 amisimus,

105 1997 188 2028 dum
213 1996 307 2028 mala
339 1996 482 2040 perpeti
515 1994 608 2027 male
641 1994 830 2038 eligimus,
864 1998 900 2026 et
929 2004 1095 2026 accusare
1120 1993 1348 2038 quaerimus,
1385 2003 1542 2036 quorum

105 2043 144 2074 in
167 2041 242 2076 vita
268 2041 409 2074 nullum
434 2041 570 2074 crimen
606 2042 800 2085 reperitur.
848 2041 892 2073 Et
915 2052 994 2074 cum
1018 2041 1207 2086 aequalem
1232 2049 1252 2070 a
1277 2039 1353 2072 Deo
1381 2039 1543 2083 dignita·

104 2093 176 2121 tem
201 2089 296 2121 inter
319 2098 385 2121 nos
410 2087 531 2122 sortiti
567 2087 768 2132 eademque
799 2087 845 2119 ab
871 2087 950 2131 ipso
981 2097 1065 2120 cura
1091 2085 1229 2129 dignati
1256 2085 1386 2126 simus,
1413 2095 1456 2118 ea
1479 2084 1542 2117 fu-

105 2135 282 2168 riosorum
312 2133 423 2167 instar
447 2133 703 2167 miserabiliter
735 2133 934 2166 excidimus
950 2158 959 2174 ‚
999 2139 1035 2166 et
1061 2132 1107 2166 ad
1133 2131 1431 2178 inaequalitatem
1456 2131 1542 2165 red-

107 2181 198 2220 acti,
245 2191 322 2213 eam
366 2180 404 2214 iu
429 2179 568 2214 honore
591 2179 796 2214 habuimus.
845 2179 934 2212 Cum
959 2190 1114 2224 namque
1138 2179 1196 2212 vel
1221 2178 1365 2211 studere
1390 2177 1542 2211 debuis-

108 2237 227 2260 semus
261 2227 358 2259 idem
390 2226 529 2272 ingredi
558 2227 701 2260 virtutis
736 2226 968 2267 curriculum,
1001 2226 1059 2259 vel
1093 2223 1335 2265 contendere,
1369 2229 1412 2257 ut
1441 2225 1537 2257 alius

108 2274 219 2306 alium
244 2274 399 2306 anteiret
434 2278 470 2307 et
494 2273 533 2306 in
568 2273 672 2307 bonis
697 2273 898 2307 actionibus
923 2284 988 2307 nos
1015 2277 1141 2306 mutuo
1166 2273 1412 2311 vinceremus,
1434 2281 1539 2315 pror-

107 2331 166 2353 sus
193 2324 316 2353 contra
338 2318 509 2360 facimus,
543 2324 580 2353 et
603 2325 785 2366 tamquam
809 2319 935 2352 morbo
961 2318 1116 2366 quodam
1144 2317 1401 2351 absurdissimo
1430 2327 1541 2351 occu-

106 2377 241 2410 pamur.
307 2365 397 2398 Nam
433 2377 477 2400 ex
515 2366 650 2400 formae
689 2373 833 2400 nostrae
862 2366 1091 2399 lineamentis
1128 2365 1312 2409 sequitur,
1352 2368 1393 2396 ut
1426 2363 1540 2397 etiam

105 2412 293 2447 habitibus
318 2413 428 2445 animi
443 2413 727 2446 excelluerimus.
757 2413 802 2446 Et
824 2414 909 2459 quia
931 2413 1043 2457 prima
1067 2413 1131 2444 illa
1154 2420 1309 2456 vereque
1331 2409 1541 2443 beatissima

106 2459 284 2493 felicitate
308 2459 425 2492 orbati
454 2470 594 2499 sumus,
625 2459 740 2492 visum
773 2465 827 2492 est
859 2465 1025 2512 oportere
1057 2457 1103 2490 ad
1134 2457 1242 2489 aliam
1277 2457 1539 2502 multiplicem,

107 2507 367 2540 inconstantem
402 2506 549 2539 omnino
579 2511 617 2539 et
638 2518 658 2539 a
682 2516 720 2538 se
747 2506 824 2550 ipsa
861 2505 1096 2538 dissidentem
1130 2504 1303 2541 converti.
1361 2503 1479 2549 Quam
1506 2506 1539 2539 si

107 2553 189 2598 quis
214 2564 287 2586 non
311 2552 471 2598 appellet
496 2550 618 2584 turbas
643 2552 747 2586 valde
771 2552 919 2585 stolidas
945 2552 1237 2595 tumultumque,
1271 2549 1368 2583 hunc
1399 2561 1464 2597 ego
1497 2552 1539 2586 in

106 2598 347 2646 prudentibus
377 2598 475 2632 haud
502 2599 782 2639 numerandum,
825 2610 945 2643 neque
982 2598 1037 2630 illi
1067 2602 1255 2638 naturam,
1290 2597 1354 2630 sed
1391 2609 1538 2642 pravam

107 2645 266 2690 aliquam
291 2646 510 2679 voluntatem
536 2645 574 2678 in
599 2645 667 2679 hoc
688 2645 855 2679 nocuisse
879 2646 1017 2689 opinor.
1055 2644 1144 2677 cum
1166 2653 1272 2687 porro
1295 2645 1401 2678 multi
1427 2644 1536 2679 huius

107 2692 225 2725 dictae
253 2697 289 2725 et
313 2693 495 2736 legitimae
516 2690 700 2726 felicitatis
723 2693 862 2726 diversa
886 2693 1026 2724 ratione
1056 2694 1214 2724 exsortes
1238 2691 1325 2732 sint,
1353 2697 1390 2725 et
1414 2691 1540 2726 homi-

108 2749 173 2771 nes
190 2739 318 2782 partim
342 2739 514 2772 maiorum
542 2739 782 2779 claritudine,
815 2740 946 2782 partim
969 2739 1202 2781 pecuniarum
1226 2736 1423 2778 thesauris,
1455 2749 1536 2782 par-

108 2784 175 2818 tim
198 2785 330 2831 gloria,
355 2790 392 2819 et
414 2785 608 2819 multorum
632 2796 713 2830 erga
739 2796 776 2819 se
800 2784 1046 2826 observantia,
1069 2784 1202 2830 partim
1224 2788 1300 2818 arte
1324 2795 1364 2819 ac
1386 2794 1535 2820 munere
