1800 3146
283 187 399 254 466
807 201 1176 246 CANTACUZENJ

84 311 264 359 A.C.1343
276 304 452 359 χιερὲων
482 302 647 358 ὅρμαῖς.
707 302 748 344 εἰ
773 303 820 344 δέ
845 318 907 352 τις
938 303 1031 345 δέον
1057 299 1165 346 εἶναι
1193 304 1330 358 λέγοι,
1376 301 1455 347 κᾶν
1484 299 1597 355 ὅπως
1623 307 1718 348 ποτὲ

277 367 365 422 εἶχε
403 367 454 411 τά
485 370 558 411 τοῦ
585 366 826 423 πράγματος
854 368 1073 424 φροντίδος
1103 369 1224 419 ἀξίαν
1250 367 1493 425 ἡγήσασθαι
1520 370 1598 426 την
1626 372 1719 413 ἐπι-

276 434 468 488 τίμησιν,
497 433 569 475 καί
594 435 692 489 περὶ
717 432 791 488 τὴν
823 434 1016 476 διάλυσιν
1043 432 1230 488 σπουδὴν
1259 434 1412 491 πολλὴν
1442 437 1715 490 εἰσενεγκεῖν,

276 502 365 542 ἀλλ’
394 499 490 553 ε’μοὶ
516 494 593 541 κᾶν
621 499 751 557 τούτῳ
779 501 860 541 τῶν
888 498 1063 542 δεόντων
1092 501 1420 554 παραλέλειπται
1447 501 1595 554 οὐδὲν,
1639 501 1716 543 ἄλ·-

275 563 328 607 λά
368 563 498 606 πολλὰ
543 563 740 613 πολλάκις
781 563 880 618 περὶ
908 567 992 606 τῶν
1012 566 1219 607 τοιούτων
1248 567 1458 620 δεηθέντι,
1490 567 1614 608 οὐδὲν
1643 566 1741 608 ozi-5

230 632 401 684 Βδέπω,
432 626 528 672 οὔτε
556 627 766 685 πρότερον,
794 625 891 671 οὔτε
920 632 993 671 νῦν
1020 631 1199 679 ἐπιεικὲς
1225 631 1395 687 ἐλέχθη.
1449 629 1506 682 ὦς
1530 634 1610 685 μὲν
1638 627 1714 673 οὖν

271 696 402 745 εὐθὺς
429 697 608 752 ἐξαρχῆς
635 694 713 750 ἐγώ
744 711 789 737 τε
817 693 867 738 τὰ
895 697 1037 737 δίκαια
1065 694 1235 751 εἱλόμην
1284 698 1359 739 καί
1395 695 1446 739 τοὶ
1495 699 1611 754 κοινῇ
1637 700 1714 738 λυ-

269 764 510 803 σιτελοῦντα
539 760 758 817 ἔπραττον,
783 764 858 803 καί
882 755 997 803 οὗτοι
1024 760 1181 810 πολλὰς
1207 762 1492 818 συκοφαντίας
1517 761 1591 804 καὶ
1617 763 1713 804 διαα

266 826 396 881 βολάς
432 828 690 880 πλασάμενοι
728 825 799 869 τὸν
836 825 1015 880 πόλεμον
1053 826 1316 882 κεκινήκασι,
1347 828 1421 869 καὶ
1448 826 1580 870 πολλοὶ
1605 827 1710 873 Ῥω-

266 895 422 945 μαίους
448 890 691 947 εἰργάσαντο
728 891 860 946 κακὰ,
887 894 1045 946 μᾶλλον
1084 894 1131 934 δὲ
1157 893 1410 946 συμπάντων
1437 891 1565 935 αἴτιοι
1591 893 1767 937 κατέ-ιο

269 975 450 1014 στησαν,
489 956 543 1000 τοὶ
571 960 650 1012 μὲν
678 959 924 1017 αὐτοχειρία
950 956 1214 1014 πεποιηκότες
1242 957 1376 1012 αὐτοὶ,
1408 956 1461 1000 τοὶ
1492 959 1528 1000 δ’
1556 956 1631 1012 ἐμὲ
1660 952 1713 1000 ἆ-

265 1023 535 1077 ναγκάζοντες
563 1027 639 1065 οὐκ
666 1025 892 1077 ἐθέλοντα,
930 1021 1101 1077 μάλιστ’
1133 1019 1184 1066 ἄν
1211 1039 1276 1073 τις
1305 1026 1351 1066 ἐκ
1377 1026 1459 1066 τῶν
1485 1025 1720 1079 εἰρημένων·

266 1090 512 1145 σαφέστατα
552 1090 726 1133 κατίδοι.
794 1085 859 1131 ὅτι
888 1089 935 1131 δὲ
963 1088 1036 1130 καί
1066 1091 1141 1131 νῦν
1175 1085 1225 1130 οὗ
1252 1086 1328 1144 τήν
1356 1087 1524 1144 εἰρήνην
1552 1089 1710 1147 ᾑρημέ-

264 1170 329 1196 νοι
359 1155 452 1195 οὐδ’
477 1151 590 1196 ἔλεόν
620 1171 714 1196 τινα
746 1152 941 1208 λαβόντες
980 1156 1064 1196 τῶν
1103 1152 1339 1197 πιπτόντων
1383 1157 1481 1196 καθ’
1522 1155 1709 1212 ἡμέραν,

264 1222 354 1261 ἀλλ’
385 1221 461 1272 ἐμὲ
493 1218 599 1275 πρὸς
628 1225 714 1268 τοῖς
741 1215 884 1268 ἄλλοις
913 1217 1151 1276 ὑποχείριον
1183 1223 1325 1274 λαβεῖν
1348 1217 1594 1274 βουλόμενοι
1632 1223 1762 1265 καιίὅ

140 1291 178 1324 P.
195 1284 348 1340 διατὴν
374 1281 602 1337 σύμπασαν
628 1281 748 1326 αὐτοὶ
766 1284 986 1337 Ῥωμαίων
1017 1284 1153 1340 α’ρχῆν
1178 1284 1316 1340 ἔχειν,
1349 1286 1492 1341 (τοῦτο
1517 1284 1599 1341 γάρ
1629 1287 1710 1328 αυ’-

261 1355 347 1399 τοῖς
377 1350 661 1401 σπουδάζεται
691 1348 789 1404 περὶ
821 1351 1029 1403 πλείστου,
1060 1352 1203 1405 ἕτερον
1228 1352 1276 1392 δὲ
1306 1347 1468 1407 οὖδὲν,)
1503 1349 1580 1406 τὴν
1606 1368 1707 1408 πρε-

260 1417 409 1470 σβείαν
447 1414 620 1469 ταυτηνὶ
656 1416 921 1468 πεποίηνται,
977 1415 1022 1455 ἐκ
1057 1417 1142 1456 τῶν
1184 1415 1528 1469 πρεσβευομένων
1569 1416 1708 1458 αὐτῶν

261 1482 400 1536 δῆλον.
468 1481 508 1521 εἰ
532 1477 610 1535 γάρ
642 1495 683 1520 τι
715 1480 890 1527 ἐπιεικὲς
918 1481 992 1520 καί
1018 1482 1232 1528 λυσιτελὲς
1261 1480 1451 1522 ἐνενόουν
1480 1483 1536 1538 τῷ
1565 1482 1702 1540 κοινῷ,

262 1547 337 1587 οὐκ
365 1541 418 1587 ἂν
454 1541 590 1592 οὕτως
613 1545 753 1601 ἐκείνῳ
783 1545 840 1600 τῷ
868 1542 1109 1601 συκοφάντῃ
1141 1543 1216 1586 καί
1250 1546 1321 1587 dec*
1347 1548 1760 1605 καταψευδομένῳὶο

129 1621 171 1656 V.
185 1626 253 1668 490
269 1611 406 1668 ῥᾷστα
444 1608 684 1662 πειθόμενοι
717 1606 891 1663 ὑπάγειν
926 1609 1172 1666 ἐπεχείρουν
1199 1607 1363 1660 ἑαυτοῖς
1391 1613 1464 1653 καί
1500 1615 1706 1655 καταδου-

255 1678 358 1717 λοῦν
386 1676 475 1727 ἐμὲ·
536 1671 582 1723 ὃς
610 1675 651 1716 εἰ
674 1672 733 1728 μή
761 1689 802 1715 τι
831 1669 956 1727 ἄλλο,
988 1674 1059 1716 διὰ
1091 1674 1135 1716 τὸ
1168 1677 1270 1730 γοῦν
1297 1677 1370 1717 ἐπὶ
1385 1679 1583 1719 τοσοῦτον
1599 1678 1706 1734 χρό-

254 1757 325 1784 νον
353 1739 406 1782 τοὶ
431 1741 651 1794 Ῥωμαίων
680 1741 872 1794 διοικεῖν,
901 1741 1064 1794 βέλτιον
1091 1736 1141 1783 ἂν
1169 1746 1254 1790 τοῖς
1281 1741 1499 1797 πράγμασι
1523 1759 1705 1799 χρησαι·

251 1823 336 1863 μην
383 1808 456 1848 καί
499 1806 835 1861 λυσιτελέστερον
890 1805 1042 1851 αὐτῶν.
1109 1805 1354 1864 πατριάρχῃ
1398 1810 1477 1861 μὲν
1524 1804 1602 1851 οὖν
1631 1810 1704 1852 καὶ

250 1965 291 1999 Si
324 1966 406 2011 quis
444 1967 627 2004 occurrat,
665 1965 749 1996 utut
783 1972 820 1995 se
858 1973 913 1995 res
938 1961 1095 2004 habeat,
1131 1972 1206 1995 non
1231 1973 1307 1997 esse
1334 1962 1691 2008 parvipendendam

248 2013 350 2046 illam
374 2021 528 2057 poenam
552 2010 850 2044 eeclesiasticam:
877 2008 942 2042 sed
967 2015 1009 2042 ut
1032 2019 1075 2042 ca
1098 2010 1248 2051 solvare,
1267 2010 1419 2043 multum
1444 2009 1483 2043 in
1508 2021 1551 2044 eo
1578 2011 1693 2047 studii

248 2058 484 2105 ponendum,
529 2058 588 2090 aio
635 2058 745 2090 etiam
790 2057 830 2088 in
869 2054 938 2090 hoc
973 2067 1134 2090 mearum
1171 2056 1328 2100 partium
1358 2056 1454 2089 nihil
1477 2059 1695 2101 praetermi-

248 2107 358 2139 sisse:
395 2104 458 2138 sed
483 2114 591 2148 saepe
616 2108 653 2136 et
676 2103 838 2146 impense
863 2102 902 2135 id
928 2108 1091 2136 orantem
1124 2102 1266 2135 nullum
1306 2113 1467 2148 unquam
1502 2103 1696 2151 hucusque

247 2162 461 2197 responsum
485 2161 529 2183 ex
555 2161 672 2196 aequo
699 2154 738 2181 et
759 2147 856 2182 bono
886 2150 1107 2194 impetrasse.
1157 2148 1471 2193 Quemadmodum
1496 2151 1608 2194 igitur
1626 2161 1694 2196 ego

245 2198 334 2231 inde
358 2208 474 2243 usque
501 2208 522 2229 a
545 2197 729 2242 principio
754 2206 775 2228 a
798 2194 939 2228 iustitia
968 2206 1042 2229 non
1069 2194 1297 2236 deflexerim,
1338 2199 1374 2229 et
1400 2196 1564 2241 quaead
1589 2207 1692 2231 com-

245 2255 356 2278 mune
388 2244 672 2277 emolumentum
706 2247 912 2285 spectarent
951 2241 1120 2282 fecerim,
1158 2241 1219 2274 isti
1254 2251 1337 2275 vero
1379 2242 1627 2288 sycophantiis
1651 2248 1691 2278 et

246 2289 574 2325 obtrectationibus
595 2295 666 2322 tam
691 2288 825 2321 crebris
852 2287 990 2321 bellum
1016 2287 1273 2328 conflaverint,
1298 2289 1550 2334 Romanosque
1581 2289 1691 2323 malin

243 2337 410 2382 plurimis
441 2335 684 2371 involverint:
715 2335 824 2367 immo
847 2344 931 2370 vero
955 2335 1129 2368 malorum
1154 2335 1315 2367 omnium
1341 2335 1460 2369 sontes
1485 2340 1522 2370 et
1546 2335 1687 2370 radices

244 2384 406 2424 fuerint,
431 2388 468 2416 et
491 2383 563 2415 alia
587 2381 736 2426 quidem
760 2391 826 2424 per
848 2390 886 2412 se
910 2381 1119 2421 intulerint,
1149 2380 1220 2412 alia
1246 2392 1303 2415 me
1326 2382 1461 2416 inferre
1487 2383 1686 2428 coegerint,

244 2441 290 2464 ex
315 2430 420 2463 dictis
445 2430 650 2474 perspicere
673 2427 883 2461 facillimum
907 2431 972 2460 est.
1007 2426 1117 2470 Quod
1141 2432 1262 2460 autem
1292 2439 1389 2462 nunc
1413 2439 1559 2475 quoque
1583 2428 1685 2463 haud

242 2486 367 2522 pacem
395 2475 555 2520 cupiant,
579 2485 647 2507 nec
672 2472 837 2519 quotidie
865 2475 1096 2518 pereuntium
1125 2473 1370 2508 misericordia
1392 2480 1596 2519 tangantur,
1617 2473 1683 2509 sed

242 2532 301 2555 me
342 2528 484 2565 praeter
518 2527 653 2555 ceteras
686 2521 839 2554 iniurias
878 2519 916 2551 in
951 2524 1167 2564 potestatem
1197 2520 1360 2564 redigere
1384 2521 1614 2560 desiderent,
1639 2525 1681 2555 ut

242 2568 313 2612 ipsi
349 2569 387 2600 in
423 2573 541 2601 totum
582 2567 790 2613 imperium·
811 2565 1009 2600 Romanum
1045 2565 1292 2607 dominentur,
1334 2567 1421 2610 (hoc
1446 2569 1541 2601 enim
1567 2568 1678 2600 etiam

241 2619 351 2659 atque
388 2615 498 2647 etiam
532 2613 775 2652 contendunt,
810 2623 878 2645 nee
909 2612 981 2646 alia
1008 2610 1052 2645 de
1078 2623 1183 2647 causa
1207 2612 1302 2646 hanc
1329 2614 1548 2659 legationem
1571 2613 1679 2647 insti-

237 2660 417 2702 tuerunt,)
438 2671 482 2692 ex
507 2661 565 2701 iis,
580 2671 674 2706 quae
697 2658 897 2703 postulant,
912 2658 1061 2704 planum
1085 2659 1217 2693 evadit.
1268 2659 1358 2693 Nam
1382 2660 1412 2693 si
1436 2659 1525 2705 quid
1552 2659 1679 2693 mode-

237 2711 356 2741 ratum
382 2710 419 2739 et
443 2707 495 2739 rei
518 2706 685 2750 publicae
726 2706 946 2739 fructuosum
984 2703 1266 2748 meditarentur,
1302 2718 1375 2740 non
1411 2710 1485 2740 tam
1509 2711 1677 2751 prompte

238 2753 295 2786 ini
329 2750 523 2785 vanissimo
558 2752 781 2786 criminatori
814 2749 1078 2798 obsequentes,
1117 2763 1173 2785 me
1197 2753 1268 2787 sibi
1296 2750 1476 2786 subiicere
1499 2757 1608 2797 atque
1633 2757 1675 2786 ut

236 2808 377 2835 nervum
404 2797 597 2844 subiugare
621 2798 874 2835 tentavissent:
901 2798 964 2845 qui
990 2798 1020 2831 si
1044 2808 1116 2834 non
1141 2799 1255 2842 aliud,
1281 2803 1377 2833 certe
1401 2796 1549 2844 quidem
1573 2797 1676 2844 quod
