1806 3152
217 200 239 228 *
269 191 360 249 =58
373 214 398 246 2
811 212 1179 255 CANTACUZENI

85 311 313 368 aſsedus&
354 313 630 367 Θεσσαλονίκη
670 313 960 370 προσεχώρησε
997 318 1167 368 βασιλεῖ
1188 312 1364 367 ἑκοῦσα,
1403 313 1476 356 καὶ
1500 315 1623 356 πάλιν
1652 315 1711 363 εἷς

288 376 359 419 τὸν
397 376 575 430 πόλεμον
613 377 812 434 ἐξετράπη
858 379 940 420 ὑπὸ
975 380 1270 433 Παλαιολόγου
1297 379 1369 422 καὶ
1402 382 1615 433 Κωκαλᾶ,
1641 381 1715 424 καί

289 445 460 484 τοιαῦτα
482 442 690 498 ἐτολμήθη
707 445 847 485 πᾶσαν
864 444 1166 500 ὑπερβαίνοντα
1182 444 1378 500 ’ω’μότητα
1392 477 1409 494 ,
1436 443 1571 487 καί·τὸ
1596 447 1714 486 Καν-

290 510 543 563 τακουζηνοῦ
571 511 645 551 τοῦ
669 512 873 562 βασιλέως
900 510 1059 567 σκάφος
1086 506 1319 566 αὔτανδρον
1346 512 1513 553 κατέδυ.
1561 512 1713 558 ἐκεῖνος

294 576 340 616 δὲ
359 573 461 627 μετά
479 575 553 630 την
581 577 626 617 ἓν
652 575 986 627 Ἀδριανουπόλει
1013 578 1085 631 τῆς
1123 577 1232 626 ἰδίας
1259 578 1544 632 στεφηφορίας
1571 569 1741 630 ἓορτῆν5

293 643 526 682 111ατθαΐον
566 642 643 694 μὲν
692 640 764 682 τὸν
801 639 895 684 υἱὸν
929 644 1142 685 κατέλιπεν
1179 640 1250 684 ἐπὶ
1275 644 1347 697 τῆς
1377 639 1544 701 Θρᾴκης
1570 639 1718 695 ἔχοντα

294 704 514 760 στρατιάν,
558 705 633 754 τάς
671 722 715 748 τε
745 705 883 757 πόλεις
908 707 1231 763 πολιορκήσοντα
1259 708 1335 756 τὰς
1361 705 1561 763 Βατάτζῃ
1589 722 1719 748 συνα-

291 769 514 825 ποστάσας,
542 770 613 813 καὶ
631 772 781 827 Ἱέρακι
807 771 1145 828 οἲντιστησόμενον
1164 791 1176 802 ·
1205 768 1280 828 ἧκε
1301 770 1380 827 γάρ
1410 773 1456 813 ἐκ
1482 772 1718 823 Βυζαντίου

249 836 548 892 Ὀστρατιώτας
589 836 751 891 ὄλίγους
791 836 898 890 ἔχων
924 839 989 880 ἐπ’
1008 839 1170 888 ἐκείνας·
1192 836 1266 887 τὰς
1294 836 1433 887 πόλεις
1474 832 1718 892 στρατηγός·

295 896 326 960 ᾧ
370 904 442 943 καί
476 902 704 955 συμβαλών
741 901 762 943 ὅ
790 904 866 944 τοῦ
892 905 1095 955 βασιλέως
1124 905 1305 958 ἐνίκησεν
1332 901 1425 951 υἱὸς
1462 902 1579 955 μόλις
1623 902 1775 942 δια-ιο

297 964 451 1022 δράντα
492 966 535 1008 τὸ
567 968 744 1010 ἁλῶναι·
778 965 816 1009 οἱ
842 966 919 1024 γὰρ’
948 966 1141 1017 συνόντες
1168 967 1316 1017 πάντες
1356 966 1395 1010 οἱ
1430 970 1508 1021 μὲν
1546 965 1723 1019 ἔπεσον,

297 1033 333 1074 οἱ
376 1035 412 1074 δ’
430 1029 618 1075 ἑάλωσαν
658 1032 772 1088 παρὰ
810 1033 883 1089 τὴν
918 1033 1071 1089 μάχην.
1126 1032 1266 1076 ἔπειτα
1305 1035 1350 1076 δὲ
1379 1035 1452 1076 καί
1478 1032 1555 1082 τὰς
1585 1031 1737 1080 πόλεις.

298 1098 585 1154 παρεστήσατο
613 1100 686 1140 καὶ
710 1097 895 1154 ὑπήγαγε
923 1101 980 1157 τῷ
1011 1099 1140 1154 πατρὶ
1155 1098 1407 1153 βιασάμενος
1434 1103 1517 1147 τοῖς
1545 1094 1700 1146 ὅπλοις.

169 1174 281 1208 Ρ.68ι
408 1164 482 1205 (ῐέ.
536 1163 748 1213 Βασιλεύς
778 1167 824 1206 δὲ
860 1168 919 1214 εἰς
950 1167 1220 1220 Σηλυμβρίαν
1255 1163 1393 1207 ἐλθών
1442 1170 1529 1213 τοῖς
1566 1165 1610 1205 ἐν
1635 1167 1724 1205 Βυ-

106 1269 114 1274 ,
164 1237 207 1272 V.
226 1237 288 1279 543
303 1230 451 1286 ζαντίῳ
494 1231 630 1284 φίλοις
667 1231 810 1285 κρύφα
858 1232 1090 1283 διελέγετο·
1132 1232 1224 1272 ἐπεὶ
1268 1232 1313 1272 δὲ
1345 1230 1468 1271 ου’δὲν
1510 1225 1632 1283 ἤνυεν
1669 1221 1782 1269 ὧνιό

264 1292 515 1348 Βέβούλετο,
543 1290 672 1344 αὖθις
700 1287 950 1351 α’νέστρεφεν
969 1297 1028 1344 εἰς
1054 1294 1129 1351 την
1157 1297 1395 1351 Ἀδριανοῦ.
1448 1293 1530 1336 ὑπὸ
1559 1296 1605 1336 δὲ
1632 1291 1729 1342 τούς

300 1357 457 1408 αὕτοὺς
491 1357 672 1415 χρόνους
713 1359 787 1402 καί
826 1364 1045 1415 Μαρτϊνος
1080 1360 1184 1414 μετά
1231 1362 1305 1402 τοῦ
1340 1356 1730 1402 Κωνστὰντινουπό-

298 1430 402 1472 λεως
438 1424 717 1480 πατριάρχου,
752 1424 796 1467 ὃν
838 1425 1044 1474 andam
1085 1424 1209 1467 εἴωθε
1244 1430 1495 1479 χειροτονεῖν
1524 1422 1628 1477 μετὰ
1657 1423 1732 1477 τήν

300 1489 506 1543 διαίρεσιν
533 1492 605 1543 τῆς
639 1491 876 1547 ἐκκλησίας,
905 1486 972 1531 οἶα
1002 1489 1052 1544 δη
1082 1493 1152 1544 τῆς
1180 1488 1336 1539 πόλεως
1371 1490 1570 1538 Λατίνοις
1603 1503 1758 1544 προσ-ι,

299 1553 499 1609 ηκούσης,
531 1551 595 1596 ὅτι
625 1554 696 1596 ὑπ’
719 1555 861 1604 αὐτοῖς
889 1556 1047 1609 ἐγένετό
1076 1571 1197 1610 ποτε,
1227 1553 1330 1608 ,ἅμα
1359 1556 1607 1597 δυοκαίδεκα
1639 1569 1785 1608 τρι-πο

300 1621 461 1674 η’ρεσιν,
493 1616 620 1674 ἦλθον
650 1623 709 1669 εἰς
735 1619 808 1675 την
836 1619 1050 1676 Σμύρνην,
1084 1624 1156 1662 καί
1183 1620 1385 1676 πρότερον
1413 1619 1496 1662 ὑπὸ
1524 1621 1607 1662 τῶν
1635 1622 1732 1661 Λα-

301 1685 423 1726 τίνων
449 1688 734 1740 κατεχομένην.
787 1686 1025 1743 πατριάρχῃ
1069 1688 1115 1728 δὲ
1151 1685 1286 1727 ἐδόκει
1328 1688 1414 1727 δεῖν
1442 1686 1500 1735 εἷς
1527 1683 1598 1727 τὸν
1625 1681 1730 1725 κατὰ

306 1749 501 1804 Σμύρναν
520 1750 741 1801 ἐξελθόντα
769 1751 889 1805 ναὸν,
921 1753 964 1792 ἐν
1001 1746 1034 1810 ᾧ
1063 1752 1188 1792 πάλαι
1218 1750 1244 1806 ἦ
1270 1750 1520 1806 μητρόπολις
1547 1743 1598 1804 ἦν
1613 1783 1625 1802 ,
1662 1746 1735 1804 τὴν

271 1818 431 1858 (ἰθεῖαν
444 1819 737 1870 μυσταγωγίαν
760 1818 969 1858 ἐκτελέσαι
985 1850 996 1872 ‚
1025 1820 1097 1859 καί
1119 1817 1280 1859 ἐκέλευε
1303 1816 1379 1871 τὴν
1395 1814 1592 1871 στρατιάν
1621 1813 1737 1855 ὁπλι-

310 1883 493 1935 σαμένην
530 1882 719 1923 ἕπεσθαι.
775 1885 994 1939 Μαρτῖνος
1026 1884 1072 1924 δὲ
1104 1881 1260 1924 ἐκώλυε
1314 1885 1388 1924 καί
1421 1880 1460 1924 οἱ
1497 1877 1616 1923 ἄλλοι
1651 1881 1788 1924 τῶν25

403 1992 457 2015 21.
482 1978 551 2023 τὴν
580 1993 647 2015 om.
671 1982 708 2017 P.

313 2076 350 2103 et
379 2069 468 2103 haec
502 2070 638 2105 ibidem
663 2073 760 2104 omni
786 2071 998 2105 crudelitate
1022 2071 1222 2105 crudeliora
1248 2070 1431 2115 designata
1455 2074 1539 2103 sunt
1561 2070 1734 2115 navisque

313 2117 552 2151 Cantacuzeui
577 2130 656 2151 cuin
683 2119 770 2162 ipsis
796 2119 1000 2152 vectoribus
1025 2130 1217 2152 summersa
1243 2118 1371 2162 periit:
1398 2118 1459 2161 qui
1481 2122 1562 2160 post
1585 2126 1735 2150 corona—

312 2164 423 2195 tionis
449 2175 534 2197 suae
558 2165 653 2208 apud
677 2165 946 2208 Adrianopolim
978 2165 1072 2198 diem
1106 2166 1257 2203 festum,
1290 2163 1512 2196 Matthaeum
1548 2163 1661 2197 filium
1698 2163 1738 2196 in

312 2209 466 2243 Thracia
502 2221 580 2242 cum
618 2212 744 2254 copiis,
776 2212 896 2253 urbes,
936 2223 1028 2257 quae
1053 2223 1131 2244 cum
1156 2213 1298 2244 Batatze
1324 2209 1542 2250 defecerant,
1570 2209 1738 2244 obsessu-

314 2267 391 2288 rum
429 2262 465 2289 et
503 2256 646 2289 Hieraci
673 2258 844 2301 Byzantio
877 2270 955 2290 cum
985 2269 1087 2302 parva
1115 2269 1220 2290 manu
1246 2255 1289 2288 ad
1318 2257 1399 2288 illos
1424 2256 1585 2289 venienti
1610 2266 1647 2288 se
1671 2265 1738 2299 op-

314 2302 514 2346 positurum
548 2304 711 2350 reliquit.
751 2305 856 2336 ·Eum
889 2304 1089 2337 Matthaeus
1123 2314 1328 2347 congressus
1366 2302 1520 2341 devicit,
1559 2300 1738 2335 militibus

316 2349 393 2381 eius
432 2349 605 2382 universis
648 2351 776 2394 partim
813 2351 984 2390 concisis,
1027 2351 1156 2394 partim
1180 2351 1314 2393 captis:
1341 2360 1407 2382 nec
1430 2349 1582 2381 multum
1607 2347 1738 2387 abfuit,

314 2395 403 2438 quin
436 2395 513 2438 ipse
548 2407 691 2440 quoque
724 2397 795 2429 dux
828 2402 1025 2439 caperetur.
1072 2397 1221 2440 Insuper
1245 2395 1379 2441 oppida
1404 2406 1579 2428 armorum
1605 2401 1740 2428 terrore

315 2440 361 2472 ad
386 2440 608 2474 deditionem
633 2444 750 2487 coegit
778 2453 818 2474 ac
841 2443 935 2486 patri
961 2443 1126 2478 subiecit.

408 2488 464 2531 95.
513 2489 710 2533 Imperator
744 2488 941 2532 Selybriam
978 2500 1055 2521 cum
1092 2489 1259 2527 venisset,
1290 2499 1370 2521 cum
1395 2486 1528 2526 amicis,
1554 2485 1743 2532 quierant

316 2533 503 2574 Byzantii,
534 2545 660 2567 arcane
691 2546 793 2569 suum
830 2535 1014 2579 negotium
1039 2535 1183 2579 agebat:
1223 2534 1285 2568 sed
1317 2534 1412 2568 nihil
1435 2532 1588 2569 efficiens
1616 2532 1743 2566 Adria·

318 2580 480 2621 nopolim
518 2582 636 2614 rediit.
692 2581 768 2614 Sub
803 2581 899 2616 idem
936 2586 1074 2625 tempus
1109 2581 1283 2614 Martinus
1308 2592 1386 2615 cum
1414 2578 1613 2623 patriarcha
1641 2579 1742 2615 Cou-

321 2627 658 2669 stantinopolitano,
681 2627 802 2673 (quem
828 2638 919 2673 papa
946 2629 1076 2671 eligere
1104 2629 1312 2669 consucvit,
1340 2631 1422 2672 post
1446 2625 1592 2658 divisam
1627 2625 1742 2657 eccle-

323 2672 410 2703 siam
426 2696 433 2707 ,
467 2674 564 2705 velut
600 2673 688 2706 urbe
722 2674 765 2706 ad
799 2675 942 2708 Latinos
970 2674 1085 2708 adhuc
1110 2674 1337 2718 pertinente,
1363 2673 1448 2718 quia
1471 2670 1538 2704 sub
1562 2671 1648 2715 ipsis
1674 2669 1743 2703 ali-

325 2716 466 2762 quando
494 2718 590 2763 fuit,)
616 2720 803 2753 duodecim
831 2721 1036 2754 triremibus
1069 2721 1251 2764 Smyrnam
1277 2720 1446 2764 appulsus
1471 2722 1547 2758 est,
1574 2728 1681 2762 quam
1706 2721 1744 2753 et

323 2764 421 2808 prius
457 2764 574 2798 Latini
607 2766 851 2809 possederant„
924 2766 1146 2805 patriarchae
1181 2767 1318 2812 placuit
1346 2767 1384 2801 in
1409 2765 1620 2808 Smyrnense
1651 2769 1742 2799 tem-
