1800 3138
536 206 914 256 ms‘romARUM
955 216 1026 256 ln.
1054 220 1124 263 32.
1436 197 1538 270 ¹95

106 315 201 371 γὰρ,
235 315 293 372 μὴ
321 315 394 357 καὶ
417 314 567 370 ταύτης
596 311 899 370 ἀμελήσαντες,
943 316 1037 359 ἀντὶ
1063 319 1290 372 συμμάχου
1321 315 1393 359 καὶ
1416 317 1540 373 φίλης
1552 320 1734 367 Δ.0.ι34·ι

106 384 305 435 πολεμίαν
324 379 429 435 πρὸς
455 385 539 428 τοῖς
569 375 710 428 ἄλλοις
735 380 920 432 ἓξομεν.”
975 378 1105 430 οὕτως
1127 384 1308 431 εἰπόντος
1324 383 1542 435 βασιλέως,

106 449 178 488 καί
202 445 239 489 οἱ
267 442 383 487 ἄλλοι
408 443 730 501 ὲπεψηφίζοντο,
758 444 797 487 οἱ
820 447 899 499 μὲν
925 442 1099 499 ἑκόντες,
1129 447 1166 488 οἱ
1195 450 1230 488 δ’
1259 445 1428 504 ἀνάγκῃ,

214 510 292 566 213¹.
350 510 470 566 Πρὸς
499 511 576 563 μὲν
606 505 681 551 οὖν
712 512 1009 568 Διδυμοτείχῳ
1031 515 1231 564 βασιλίδα
1261 511 1334 568 τὴν
1360 517 1578 567 γυναῖκαΒ

79 576 317 620 ὄκατέλιπεν
354 576 377 618 ὅ
404 574 604 630 βασιλεῦς
634 572 721 628 ἅμα
749 577 991 631 θυγατράσι
1019 577 1135 631 τρισί
1159 580 1232 620 καί
1261 577 1382 620 δουκὶ
1410 580 1542 632 Νικη-

105 640 225 699 φόρῳ
254 645 313 700 τῷ
338 642 536 684 δεσπότου
565 643 698 693 παιδί,
729 635 766 698 ᾧ
785 640 963 696 Μαρίαν
981 641 1191 699 συνῴκησε
1212 642 1289 698 τὴν
1308 644 1538 697 θυγατέρα,

102 705 313 756 ἀδυνάτως
339 705 475 760 ἔχοντι
497 703 803 761 στρατεύεσθαι
832 704 901 747 διοὶ
935 704 1012 760 τήν
1039 706 1215 760 ἡλικίαν,
1247 706 1326 763 (ἔτι
1351 706 1431 762 γὰρ
1461 724 1540 748 πα-

103 771 274 828 ρήμειβε
302 770 376 827 τὴν
407 770 604 825 παιδικὴν
613 774 646 826 ,)
676 772 877 826 στρατιάν
904 787 947 812 τε
975 770 1169 827 ἱππικὴν,
1199 770 1302 827 ὅσην
1330 767 1432 830 ᾧέτο
1461 772 1540 827 ἆρ-

101 837 236 878 κὲσειν
277 835 381 892 πρὸς
416 835 491 885 τοὶς
522 837 567 877 ἐκ
595 839 678 877 τῶν
716 831 853 878 ἄλλων
878 833 1038 877 πόλεων
1065 838 1138 878 καί
1164 837 1401 891 Βυζαντίου
1434 837 1538 893 ἐφό-

50 903 201 951 ἱοδους
237 902 452 955 ἐσομένας.
527 900 632 956 πρὸς
659 900 737 956 γὰρ
764 907 850 949 τοῖς
881 899 1055 956 ὕστερον
1083 900 1206 960 ὀλίγῳ
1238 903 1539 956 ἐπιγενομένοις

95 965 228 1020 χίλιοι
252 961 370 1022 ἦσαν,
423 961 483 1008 ὧν
511 962 642 1022 ἦρχον
669 964 880 1020 Μανουὴλ
913 963 936 1006 ὅ
967 966 1287 1021 Ταρχανειώτης
1303 967 1377 1008 καί
1398 965 1420 1007 ὃ
1444 968 1575 1008 ‹Da-C

94 1030 253 1087 ’κρασῆς
293 1034 335 1074 Γ
331 1031 500 1086 εώργιος
541 1030 615 1072 καὶ
638 1033 778 1087 τρίτος
806 1031 829 1072 ὅ
857 1033 930 1085 τῆς
956 1032 1086 1086 αὐλῆς
1114 1031 1411 1087 πριμμικὴριος
1439 1036 1535 1074 Ha·-

96 1095 310 1152 λαιολόγος
331 1097 351 1138 ὁ
369 1096 569 1152 Ἰωάννης,
597 1095 670 1138 καὶ
696 1094 716 1138 ὅ
741 1099 781 1138 Γ
779 1099 909 1150 λαβᾶς
925 1099 964 1137 Γ
962 1094 1131 1151 ειόργιος
1150 1097 1230 1138 σὺν
1254 1096 1432 1146 τούτοις.
1465 1099 1538 1139 ἐπὶ

47 1211 50 1213 ,
96 1163 144 1203 δὲ
170 1163 244 1216 τῆς
269 1159 348 1211 ἔξω
367 1164 672 1215 Διδυμοτείχου
686 1162 894 1209 συνοικίας
913 1157 1041 1216 οὔσης
1060 1164 1228 1216 πολλῆς,
1258 1160 1425 1217 ἑτέρους
1438 1162 1534 1202 ἑπέ-

46 1223 240 1282 ῐόστησεν
268 1223 475 1282 ἄρχοντας
515 1225 621 1267 ὀκτώ
641 1259 654 1279 ,
691 1220 749 1267 ὧν
786 1221 916 1280 ἦρχεν
953 1228 1121 1274 ἕκαστος
1158 1228 1308 1280 χιλίων
1343 1227 1535 1275 τοξοτῶν.

94 1291 323 1347 στρατηγὸν
366 1293 412 1332 δὲ
441 1293 512 1333 ἐπὶ
548 1293 650 1333 πᾶσι
679 1290 751 1333 τὸν
779 1290 975 1345 γυναικὸς
1003 1288 1188 1347 ἀδελφὸν
1218 1291 1391 1346 Ἀσάνην
1415 1293 1534 1332 κατέ-

93 1360 187 1398 λιπε
215 1356 288 1398 τὸν
330 1356 559 1410 Μανουήλ,
619 1357 781 1398 πόλεων
809 1358 855 1398 δὲ
882 1358 964 1397 τῶν
989 1354 1096 1397 κατὰ
1123 1355 1198 1411 τὴν
1229 1355 1396 1412 Θρᾴκην
1423 1355 1532 1396 ’ἁπα-

93 1422 178 1464 σῶν
199 1422 374 1474 οὐδεμία
398 1421 510 1478 αὐτῷ
531 1427 763 1477 προσεῖχεν,
792 1419 899 1462 α’λλοὶ
922 1423 1054 1462 πᾶσαι
1081 1419 1187 1476 πρὸς
1213 1423 1413 1474 βασιλίδα
1433 1436 1532 1461 συν-

94 1488 355 1540 απέστησαν,
391 1483 498 1539 πλὴν
525 1488 601 1527 τοῦ
619 1486 853 1538 ¹'Epvwffl'ov
885 1484 1115 1541 φρουρίου,
1155 1484 1176 1526 ὃ
1204 1487 1337 1542 αὐτῷ,
1369 1483 1531 1540 περιόν-

39 1565 160 1600 zos-og
185 1549 246 1591 ἔτι
273 1552 491 1603 βασιλέως,
522 1549 754 1608 ᾠκοδόμητο
783 1551 932 1598 αὐταῖς
955 1556 1163 1604 κρηπῖσιν.
1222 1547 1352 1598 αὐτὸς
1371 1551 1416 1590 δὲ
1432 1548 1530 1597 τούς

90 1631 137 1658 τε
165 1613 284 1663 υἱοὺς
310 1614 418 1668 ἔχων
447 1617 674 1656 ῙΙΙατθαῖον
703 1615 774 1655 καί
793 1615 997 1668 Μανουηλ
1018 1617 1089 1655 καί
1102 1613 1173 1656 τὸν
1189 1613 1385 1668 γυναικὸς
1404 1613 1524 1654 ἀδελ·
1540 1615 1571 1647 D

90 1680 172 1737 φὸν
206 1679 386 1734 Ἀσάνην
428 1679 501 1721 τὸν
536 1678 751 1733 Ἰωάννην,
799 1677 862 1720 ἔτι
891 1694 935 1720 τε
968 1676 1164 1732 ’Ἀγγελον
1199 1682 1437 1733 Πιγκέρνην
1460 1677 1531 1719 τὸν

91 1743 289 1799 ἀνεψιὸν,
334 1747 406 1786 καί
432 1746 515 1787 τῶν
555 1745 735 1797 εὐγενῶν
775 1743 847 1784 καί
874 1746 970 1785 καθ’
999 1739 1105 1796 αἷμα
1137 1742 1424 1798 προσηκόντων
1452 1742 1528 1783 οὐκ
1540 1737 1664 1775 V.366

92 1932 215 1961 tantae
239 1927 502 1972 opportunitati
529 1927 671 1960 deesse:
698 1925 760 1960 sed
774 1926 919 1959 illorum
945 1936 1090 1972 quoque
1114 1925 1349 1959 assumendae
1374 1924 1466 1958 vires
1490 1929 1528 1957 et

93 1976 146 2007 sic
171 1973 327 2006 'demum
362 1974 425 2007 alii
462 1972 678 2017 subiugandi
711 1977 806 2005 sunt.
855 1972 1070 2005 Timendnm
1107 1973 1266 2016 quippe,
1302 1972 1332 2004 si
1365 1981 1425 2004 eos
1450 1981 1526 2002 non

93 2021 355 2060 curaverimus,
390 2031 436 2053 ne
470 2030 535 2064 pro
561 2020 686 2052 amicis
711 2023 747 2051 et
771 2018 876 2051 sociis
909 2019 1029 2052 hostes
1063 2029 1134 2050 una
1159 2028 1238 2049 cum
1263 2018 1390 2050 ceteris
1415 2027 1528 2061 expe-

95 2065 239 2099 riamur.
289 2066 354 2099 His
380 2071 417 2098 et
439 2065 520 2099 aliis
546 2076 627 2110 pars
651 2065 776 2098 volens
793 2089 802 2104 ,
826 2075 905 2108 pars
931 2064 1043 2097 invita
1070 2064 1245 2097 calculum
1272 2063 1494 2096 adiecerunt.

189 2113 245 2149 32.
291 2112 405 2156 Igitur
440 2111 536 2157 apud
577 2109 873 2154 Didymotichum
901 2111 1087 2155 coniugem
1125 2121 1203 2142 cum
1239 2109 1355 2142 tribus
1382 2108 1525 2141 filiabus

94 2162 133 2192 et
154 2157 396 2202 Nicephorum
423 2157 569 2198 ducem,
600 2157 771 2201 despotae
797 2157 931 2197 filium,
960 2158 1034 2202 (cui
1058 2156 1208 2189 Mariam
1235 2155 1343 2188 filiam
1371 2155 1526 2198 despon-

96 2204 199 2238 derat
233 2205 369 2250 quique
393 2214 459 2249 per
491 2208 643 2238 aetatem
669 2202 888 2236 imbecillam
913 2213 953 2235 ac
976 2203 1153 2248 puerilem
1178 2201 1332 2234 tolerare
1355 2201 1526 2234 militiam

94 2250 257 2285 nondum
281 2251 450 2295 poterat,)
479 2256 516 2284 et
535 2256 667 2284 turmas
693 2254 876 2295 equestres
891 2274 901 2290 ,
926 2254 1016 2294 quot
1038 2249 1205 2282 nimirum
1229 2252 1350 2280 contra
1373 2246 1526 2279 aliarum

97 2296 244 2331 urbium
276 2302 314 2330 et
349 2297 515 2340 Byzantii
539 2297 714 2340 impetum
751 2298 958 2328 suffecturas
984 2295 1178 2334 credebat,
1209 2293 1369 2338 reliquit.
1416 2293 1527 2326 Erant

96 2348 217 2375 autem
255 2348 399 2388 praeter
427 2346 508 2383 eos,
549 2343 612 2387 qui
642 2342 751 2386 paulo
777 2346 858 2386 post
895 2345 1196 2386 supervenerant,
1233 2339 1373 2385 equites
1400 2338 1521 2372 mille:

124 2399 250 2421 uorum
285 2387 392 2422 duces
432 2389 581 2421 Manuel
619 2387 878 2429 Tarchaniota,
916 2388 1089 2432 Georgius
1128 2385 1338 2424 Phracases,
1370 2385 1521 2421 Ioannes

96 2401 348 2479 galaeologus‚
382 2435 484 2468 aulae
520 2434 767 2479 primicerius,
811 2439 847 2467 et
882 2433 1055 2478 Georgius
1095 2432 1236 2465 Glabas.
1295 2430 1520 2464 suburbanis

95 2479 201 2514 valde
232 2481 360 2525 amplis
392 2479 591 2524 praefectos
616 2485 719 2519 octo,
755 2491 908 2525 quorum
934 2481 1089 2526 quisque
1114 2478 1212 2511 mille
1237 2477 1437 2521 sagittarios
1466 2487 1522 2509 re-

121 2527 306 2568 ebat,'et
342 2527 552 2570 primarium
589 2527 750 2559 omnium
788 2526 914 2559 ducem
949 2525 1151 2560 Manuelem
1185 2523 1362 2562 Amnem,
1400 2522 1521 2555 uxoris

96 2538 262 2614 intrem,
291 2572 491 2610 constituit.
538 2571 579 2604 ln
604 2572 755 2605 Thracia
781 2572 886 2606 urbes
920 2572 1106 2605 universae
1133 2569 1251 2608 simul,
1280 2580 1322 2603 eo
1345 2569 1520 2614 neglecto,

96 2615 143 2652 ad
161 2619 352 2662 Augustam
378 2629 414 2650 se
440 2623 692 2663 aggregarunt3
719 2617 904 2651 castellum
934 2617 1182 2661 Empythium‚
1212 2615 1311 2660 quod
1345 2614 1422 2659 ipse
1454 2613 1520 2646 ad-

99 2664 170 2698 huc
192 2666 273 2698 vivo
300 2666 514 2709 imperatore
542 2674 562 2695 a
590 2663 832 2697 fundamentis
858 2664 1128 2701 exaedificata,
1164 2662 1202 2695 in
1236 2661 1306 2695 fide
1339 2660 1521 2693 manebat.

101 2709 182 2755 Ipse
209 2710 432 2752 Matthaeum
460 2715 496 2743 et
522 2709 726 2742 Manuelem
756 2710 847 2743 filios
865 2735 874 2747 ,
898 2716 933 2743 et
959 2710 1078 2742 uxoris
1115 2718 1316 2752 germanum
1351 2709 1521 2739 loannem

101 2755 272 2797 Asanem,
297 2756 364 2790 nec
387 2767 460 2789 non
486 2756 659 2801 Angelum
680 2757 889 2789 Pincernam
915 2754 1183 2793 consobrinum,
1210 2753 1461 2797 nobiliumque
1488 2756 1523 2783 et

101 2803 445 2849 consanguineorum
477 2802 608 2836 multos
633 2812 752 2836 secum
780 2801 938 2842 habens,
965 2810 1044 2834 cum
1070 2811 1258 2834 numeroso
1287 2805 1323 2832 et
1349 2799 1434 2831 sorti
1461 2809 1522 2831 ex-
