1800 3138
548 191 924 235 HlsTomARUM
963 194 1035 233 111.
1065 196 1131 241 39.
1441 174 1511 241 24
1525 193 1542 228 1

119 291 221 338 ἄλλο
255 312 295 338 τι
332 295 560 351 τρέπεσθαι
599 295 738 335 ου’κέτι
772 292 1073 347 συμβουλεύω,
1124 294 1215 335 ἄλλ’
1249 287 1330 348 ἤδη
1359 296 1590 350 φανερῶςΔ.
1606 298 1643 333 C.
1661 296 1747 342 1342

118 363 444 416 ἑπιψηφίζομαι.
509 361 548 401 εἰ
576 360 623 400 δὲ
661 357 736 400 σοί
767 373 810 400 τε
839 360 913 399 καί
937 363 1024 407 τοῖς
1051 361 1225 401 συνοῦσι
1249 358 1295 401 τὸ
1331 362 1554 414 Τριβαλοῖς

116 426 225 481 ὑπὲρ
251 426 468 478 Ῥωμαίων
494 425 851 478 πολιορκουμένων
876 423 1094 475 μάχεσθαι
1123 425 1288 478 α’γεννὲς
1312 426 1432 476 δοκεῖ,
1463 424 1556 465 ἀλλ’

115 486 207 544 ἅμα
245 496 330 539 τοῖς
371 488 534 545 obeo-‘hv
574 486 789 541 ἑπομένοις
825 487 955 536 αὐτὸς
994 490 1059 529 ἐπ’
1087 491 1268 539 ἐκείνους
1293 492 1550 542 βαδιοῦμαι,

90 553 237 608 5ὖμεῑς
273 556 312 597 δ’
347 556 392 597 ἐν
418 557 459 597 Γ
456 554 761 610 υναικοκάστρῳ
802 554 1019 606 μένοντες,
1055 551 1356 608 τῆν’ὲπάνοὸον
1383 555 1555 609 περιμέ-

114 635 204 663 νετε
239 619 394 675 ἧμῶν.”
465 619 630 661 ἐκέλευέ
663 634 708 661 τε
737 619 887 660 αὐτίκα
915 622 966 674 τῇ
986 620 1183 672 σάλπιγγι
1210 618 1285 674 τὴν
1312 618 1589 673 ὁδοιπορίανβ

114 687 167 741 τῇ
209 687 386 742 στρατιᾷ
424 687 656 740 σημαίνειν.
710 683 1043 739 πρωτοστράτωρ
1078 686 1123 725 δὲ
1153 686 1224 726 καί
1251 682 1288 725 οἱ
1313 686 1359 727 ἐκ
1386 686 1553 734 Βυζαν-

114 753 208 792 τίου
246 748 438 798 συνόντες
472 753 643 803 βασιλεῖ
678 748 864 805 φυγάδες
898 746 991 790 τότε
1029 751 1330 790 ἀπολείπεσθαι
1366 747 1553 801 ἐνόμιζον

117 814 296 871 αἰσχρὸν
322 817 396 857 καί
422 811 604 868 ἀγεννὲς,
633 813 706 855 καί
730 813 774 856 τὸ
806 816 1058 856 συνέπεσθαι
1089 812 1336 856 ὑπώπτευον
1364 813 1420 863 ὦς
1449 811 1553 855 άπε-

63 879 263 937 ῐοράντου
287 882 360 936 τῆς
387 878 544 935 πλάνης
570 880 779 934 ἐσομένης.
835 877 899 920 διὸ
930 882 1055 920 αιῖτοί
1076 895 1120 921 τε
1148 877 1206 928 ὥς
1236 877 1348 934 εἶχον
1375 879 1452 935 τήν
1478 879 1553 935 ὅρ-

109 944 192 1001 μην
218 946 441 1000 ἐπειρῶντο
469 943 643 986 κωλύειν
668 947 840 997 βασιλεῖ
868 946 942 986 καί
978 942 1074 994 τούς
1104 939 1258 993 ἄλλους
1285 945 1430 1001 κρύφα
1459 947 1553 987 δια-

111 1009 324 1065 λεγόμενοι
354 1009 629 1066 παρεκάλουν,
663 1009 824 1051 ἔνδειάν
847 1025 891 1051 τε
921 1011 1003 1051 τῶν
1030 1010 1267 1063 ἀναγκαίων
1294 1009 1550 1063 ὑποβάλλον-

107 1091 174 1127 τες
200 1075 274 1118 καί
304 1075 449 1130 μάχας
492 1076 565 1117 καί
602 1078 808 1128 πολέμους
851 1074 925 1117 καί
961 1075 1018 1124 (ὃς
1057 1075 1234 1128 οὐδεμία
1272 1078 1354 1117 τῶν
1390 1075 1551 1117 πόλεων

107 1142 332 1191 stade-”gono
370 1142 547 1194 βασιλέα
586 1138 742 1182 ἓκοντί·
818 1141 891 1182 καί
918 1138 999 1182 ὅσα
1030 1142 1129 1195 ἐνῆν
1156 1139 1259 1194 πρὸς
1289 1140 1333 1182 τὸ
1363 1141 1673 1193 peditumve&

62 1205 262 1255 ιὸαιῖτούς
300 1205 359 1260 μὴ
389 1210 559 1259 βασιλεῖ
578 1204 824 1261 προθύμους
855 1206 1035 1247 ἕπεσθαι
1063 1206 1254 1259 κωλύειν,
1283 1206 1378 1248 εἴων
1408 1206 1588 1248 civem-C

108 1273 301 1327 χείρητον
330 1272 465 1314 οὐδέν.
492 1273 537 1322 ἐξ
563 1266 623 1313 ὧν
651 1268 699 1312 οὗ
727 1271 880 1327 μικράν
906 1288 998 1313 τινα
1027 1274 1173 1313 πτοίαν
1200 1273 1260 1320 εἰς
1285 1270 1330 1314 τὸ
1351 1269 1553 1325 στράτευ-

109 1353 173 1390 μα
203 1338 396 1390 ἐνέβαλον
422 1335 494 1378 καί
517 1335 623 1391 πρὸς
651 1334 908 1379 ἆποστασίαν
931 1336 1099 1379 ἔπειθον
1122 1344 1294 1392 χωρεῖν.
1349 1339 1552 1379 Κοτεανί-

110 1404 208 1456 τζης
233 1402 314 1458 γάρ
358 1419 421 1451 τις
446 1404 527 1444 τῶν
554 1403 888 1445 Θεσσαλονικέων
913 1399 1081 1457 ἐτέρους
1110 1405 1256 1451 πείσας
1282 1403 1382 1457 περὶ
1406 1400 1553 1444 ἑκατὸν

114 1469 281 1522 πρῶτος
307 1470 512 1520 βασιλέως
540 1466 739 1520 άποστιὶς,
769 1469 827 1516 εἰς
849 1469 1153 1522 Θεσσαλονίκην
1171 1467 1394 1523 α’πεχώρει.
1449 1469 1552 1510 ταῦ-

57 1545 166 1575 201oe
193 1533 238 1574 δὲ
260 1530 464 1587 ἔπραττον
483 1564 495 1583 ,
527 1533 577 1573 οὕ
604 1536 774 1585 βασιλεῖ
798 1535 1074 1588 προῃρημένοι
1102 1537 1305 1584 πολεμεῖν,
1336 1533 1442 1573 α’λλά
1470 1535 1550 1573 τῶν

120 1599 281 1641 οἰκείων
309 1596 384 1651 τὴν
411 1598 591 1640 κάκωσιν
609 1600 682 1640 καί
705 1597 782 1647 τάς
808 1599 853 1639 ἐκ
880 1597 1113 1648 Βυζαντίου
1135 1594 1310 1645 άπειλιὲς
1337 1599 1386 1638 οὐ
1405 1598 1549 1652 φέρειν

118 1657 235 1712 ὄντες
261 1664 446 1705 δυνατοί.
512 1663 550 1705 οἱ
577 1662 658 1717 γὰρ
689 1660 821 1704 ἐκεῖσε
851 1657 1018 1715 ἄγοντες
1044 1661 1094 1704 τά
1125 1659 1350 1715 πράγματα
1377 1661 1450 1702 καί
1475 1677 1550 1702 πο-

116 1730 335 1781 λεμοῦντες
358 1731 530 1782 βασιλεῖ
570 1729 676 1785 πρὸς
710 1730 788 1782 μὲν
823 1729 978 1770 ἐκεῖνον
1019 1727 1102 1781 οὔχ
1140 1723 1206 1769 ὅτι
1244 1741 1290 1780 γε
1326 1729 1549 1782 πρεσβείαν

119 1887 191 1919 iam
217 1887 390 1927 consulo,
412 1895 459 1919 ne
484 1895 580 1919 arma
604 1885 677 1929 alio
704 1889 949 1919 convertamus
964 1909 973 1925 ,
998 1882 1062 1919 sed
1086 1883 1194 1929 plane
1219 1880 1383 1917 decerno.
1412 1883 1450 1917 Si
1475 1881 1546 1916 tibi

117 1936 264 1977 tuisque
287 1944 351 1978 pro
379 1933 545 1966 Romanis
577 1931 732 1966 obsessis
767 1943 846 1965 cum
882 1932 1053 1965 Triballis
1091 1930 1283 1973 confligere
1316 1929 1412 1962 baud
1445 1930 1547 1973 inge-

116 1990 227 2012 nuum
252 1979 412 2012 videtur:
438 1985 476 2013 at
498 1988 563 2023 ego
592 1990 670 2013 cum
703 1979 759 2012 his
775 2003 785 2019 ‚
819 1979 882 2024 qui
915 1984 1043 2024 sponte
1066 1988 1123 2010 me
1146 1981 1366 2020 sequentur,
1398 1975 1436 2008 in
1461 1976 1546 2008 illos

117 2027 275 2065 irruam,
311 2036 373 2059 vos
401 2026 674 2068 Gynaecocastri
710 2031 920 2065 manentes,
956 2025 1111 2058 reditum
1144 2027 1305 2055 nostrum
1341 2022 1545 2065 operimini.

117 2071 215 2104 Haec
253 2071 414 2112 locutus,
440 2071 620 2115 extemplo
658 2071 744 2105 tuba
782 2073 921 2116 signum
955 2070 1033 2104 dari
1068 2069 1113 2102 ad
1139 2069 1397 2112 profectionem
1430 2068 1545 2102 iussit.

117 2119 355 2152 Protostrator
396 2122 433 2150 et
467 2118 657 2162 Byzantini
681 2118 828 2158 exules,
862 2117 1088 2162 imperatoris
1114 2115 1280 2155 comites,
1313 2120 1351 2148 et
1386 2114 1546 2159 relinqui
1590 2143 1592 2146 .

118 2168 224 2208 turpe
248 2169 357 2209 atque
387 2164 566 2197 illiberale
589 2164 820 2205 iudicabant,
853 2169 889 2197 et
911 2165 1014 2210 sequi
1039 2167 1158 2195 tamen
1183 2166 1329 2206 propter
1356 2160 1545 2205 quamdam

117 2209 269 2255 vagandi
299 2211 595 2255 perpetuitatem,
629 2223 735 2256 quam
766 2210 969 2254 suspicione
1002 2208 1293 2254 praecipiebant,
1329 2217 1402 2239 non
1431 2205 1546 2239 aude·

118 2255 216 2290 bant.
265 2257 399 2289 Idcirco
425 2262 463 2290 et
488 2257 559 2301 ipsi
583 2256 652 2290 hoc
678 2258 904 2302 imperatoris
930 2256 1150 2290 desiderium
1175 2253 1350 2298 impedire
1375 2251 1544 2287 niteban-
1583 2283 1585 2285 ,

117 2307 206 2341 tur,
245 2307 282 2335 et
314 2302 454 2335 furtivis
489 2303 715 2342 sermonibus
753 2303 844 2336 alios
882 2302 1185 2341 dehortabantur,
1227 2300 1387 2343 inopiam
1424 2309 1544 2332 rerum

119 2348 422 2389 necessariarum,
446 2347 544 2382 bella
569 2355 606 2383 et
629 2361 764 2395 pugnas
794 2349 933 2382 crebras
951 2353 1138 2382 causantes
1155 2371 1164 2386 ,
1190 2346 1400 2390 nullamque
1417 2346 1543 2379 civita·

120 2399 193 2428 tem
218 2394 313 2427 ultro
338 2395 585 2439 imperatorem
619 2397 925 2436 intromissuram3
963 2401 1000 2429 et
1030 2403 1276 2441 quaecumque
1316 2392 1458 2425 demum
1494 2391 1542 2424 ad

118 2441 342 2474 alacritatem
362 2442 535 2486 sequendi
561 2443 823 2487 infringendam
845 2442 1033 2482 valebant,
1058 2441 1185 2473 horum
1214 2439 1309 2471 nihil
1325 2440 1543 2472 intentatum

120 2486 310 2521 sinebant:
336 2498 380 2519 ex
403 2498 474 2532 quo
500 2493 672 2522 terrorem
696 2500 768 2522 non
788 2489 901 2522 levem
926 2487 1099 2522 exercitui
1118 2486 1321 2520 iniecerunt
1344 2490 1381 2517 et
1404 2485 1450 2517 ad
1473 2485 1543 2518 de·-

119 2532 311 2566 sectionem
346 2543 426 2565 eum
453 2533 687 2577 pellexerunt.
736 2536 960 2568 Coteanitzes
986 2541 1139 2577 namque
1168 2537 1204 2564 et
1233 2531 1295 2564 alii
1328 2537 1469 2564 centum
1497 2542 1543 2564 ex

122 2578 497 2613 Thessalonicensium
521 2580 683 2623 agmine,
715 2592 805 2627 quos
830 2582 893 2615 ille
919 2584 1150 2625 corruperat,
1185 2579 1291 2622 primi
1317 2577 1542 2612 desciverunt

124 2634 166 2657 ac
194 2625 483 2659 Thessalonicam
516 2625 722 2660 redierunt:
758 2638 831 2661 non
866 2627 962 2672 quod
994 2625 1201 2670 imperatori
1227 2633 1264 2656 se
1289 2625 1394 2657 armis
1426 2635 1543 2668 oppo-

123 2680 210 2704 nere
246 2673 538 2712 constituissent,
572 2673 633 2706 sed
662 2673 760 2718 quod
794 2679 1021 2719 cognatorum
1054 2672 1278 2704 vexationem
1314 2675 1351 2703 et
1382 2672 1496 2703 minas
1523 2681 1543 2702 e

123 2717 292 2760 Byzantio
318 2718 409 2751 ferre
438 2728 510 2750 non
532 2724 686 2763 possent.
736 2719 823 2752 Nam
860 2729 968 2763 penes
994 2728 1084 2763 quos
1122 2717 1199 2750 illic
1233 2727 1368 2749 summa
1400 2715 1544 2760 imperii

124 2767 200 2796 erat
215 2768 252 2796 et
275 2763 441 2797 adversus
465 2763 748 2799 Cantaeuzeuum
772 2765 969 2807 bellabant,
994 2774 1067 2797 non
1091 2762 1197 2797 modo
1215 2763 1433 2807 legationem
1460 2762 1543 2796 nul·

171 2830 441 2867 Cantacuzenus
464 2831 510 2866 H.
1244 2831 1285 2866 16
