1820 3138
566 167 943 210 HISTORIARUM
982 171 1053 209 m.
1093 169 1164 214 65.
1447 151 1521 218 4ο
1536 171 1554 205 ι

125 270 166 311 εἷ
195 270 241 310 δὲ
271 267 323 310 τὰ
354 266 517 322 συνήθη
547 270 705 321 ταῦτα,
737 265 882 324 ὕβρεις
914 272 987 311 καί
1015 270 1248 322 λοιδορίαι,
1277 270 1348 312 ἑπί
1375 269 1450 320 τὰς
1479 273 1755 320 τῶνΑΕηὸῑῧ

123 333 394 390 γεγραφότων
422 336 651 388 τρέπωνται
682 333 882 388 κεφαλάς.
918 336 1210 382 ἐπαινέσαντος
1243 336 1290 377 δὲ
1324 335 1453 377 αὐτόν
1484 335 1563 377 τοῦ

129 401 334 453 βασιλέως
378 398 450 440 ἐπὶ
488 395 646 456 τούτῳ,
693 397 836 440 ἔπειτα
882 397 1173 453 ἀνεγινώσκετο
1217 399 1270 441 τὰ
1310 401 1561 456 γράμματα,

126 466 200 506 καί
228 458 280 518 ἦν
312 463 434 505 οὐδὲν
465 462 582 517 ὑγιὲς
633 465 979 518 ἐγγεγραμμένον,
1038 462 1144 507 ἀλλὰ
1176 466 1281 522 πρός
1312 482 1356 507 τε
1384 470 1562 519 βασιλέα

98 526 269 583 5ὕβρεις
294 529 471 583 αἰσχραί
501 527 576 570 καί
604 524 785 582 ἀγεννεῖς
817 529 890 570 καί
914 532 1099 582 μέμψεις
1133 530 1238 586 πρὸς
1260 528 1451 586 Ἇμούρ,
1499 529 1596 574 Suc

127 595 242 651 αύτῷ
279 594 468 646 ἀνέχοιτο
511 595 754 635 ἀκολουθεῖν
792 596 866 635 καί
907 593 984 649 τήν
1031 596 1241 648 εὕγένειαν
1281 596 1560 652 περιυβρίζοι.

123 657 323 712 βασιλεὺς
364 660 431 712 δ’,
461 661 554 701 ἐπεί
580 658 618 700 οἱ
651 661 695 700 ἐν
726 659 948 717 Βυζαντίῳ
989 660 1188 712 οὐδεμίαν
1225 661 1374 703 ἐλπίδα
1417 662 1565 715 παρεί-

119 739 244 777 χοντο
272 725 463 779 εἰρήνης,
505 725 738 778 ἀναγκαίως
768 727 840 766 καί
870 726 997 773 αυ’τὸς
1028 725 1178 780 ἐχώρει
1211 726 1315 781 πρὸς
1345 724 1413 768 τὸν
1443 725 1564 768 πόλε-

123 803 204 841 μον
225 788 298 830 καί
326 785 559 843 ἠνάγκαζεν
591 789 710 847 αὐτῷ
749 788 822 838 τὰς
857 787 998 838 πόλεις
1029 797 1292 845 προσχωρεῖν
1324 786 1351 845 ἢ
1390 787 1566 842 ἑκούσας

76 850 153 909 1οῆ
180 855 442 907 βιαζομένας.
499 857 688 907 βασιλίδι
730 856 776 896 δὲ
806 854 964 912 Εἰρήνῃ
1022 857 1067 897 ἐν
1105 858 1397 913 Διδυμοτείχῳ
1432 859 1565 911 μηδὲν

122 921 266 974 ἕτερον
312 919 411 975 περὶ
447 922 652 973 βασιλέως
697 923 963 977 πεπυσμένῃ,
1011 917 1072 962 ὅτι
1116 920 1175 976 μὴ
1216 921 1317 975 πρὸς
1345 922 1563 977 Βέρῥοιαν

123 984 325 1040 διατριβει
353 986 748 1040 προσχωρήσασαν,
790 986 1039 1040 ἀπήγγελλεν
1071 984 1092 1025 ὃ
1124 984 1349 1041 ἀρχιερεὺς
1375 989 1564 1039 Διδιιμο-

119 1053 288 1103 τείχου,
337 1046 402 1091 ὅτι
444 1049 468 1091 ὅ
508 1050 710 1104 βασιλεύς
747 1046 829 1106 ἤδη
869 1053 945 1106 τῆς
985 1053 1233 1093 Χαλκιδέων
1283 1051 1347 1106 εἴη
1387 1051 1561 1106 ἐπιβάς,

120 1115 193 1157 καί
220 1115 457 1157 ἐπιστεύετο
482 1116 647 1158 αὐτίκα.
690 1112 799 1171 ἦσαν
822 1116 904 1171 γὰρ
936 1116 1060 1158 οὐδὲν
1087 1116 1240 1172 μικρὸν
1279 1116 1378 1172 περὶ
1404 1119 1562 1158 ἐκείνου

70 1183 397 1234 ιόπεπυσμένοι,
450 1180 540 1223 ἀλλ’
579 1181 636 1231 ὥς
674 1180 810 1224 πάντα
856 1180 908 1223 τὰ
945 1181 1122 1235 ἐσόμενα
1167 1180 1299 1224 εἰδότι
1340 1189 1564 1238 προσεῖχον

119 1246 318 1299 ἀκριβῶς.
364 1248 437 1289 καί
472 1243 581 1302 ἦσαν
613 1246 742 1297 εὐθὺς
769 1250 814 1290 ἐν
845 1245 1009 1303 κρότοις
1053 1247 1126 1288 καί
1152 1244 1341 1302 ἑορταῖς,
1378 1247 1451 1288 καί
1488 1249 1562 1302 τῆς

115 1311 319 1353 ἐπανόδου
354 1315 559 1365 βασιλέως
601 1312 756 1362 πολλὰς
796 1316 884 1371 θεῷ
915 1314 1123 1368 προσῆγον
1160 1311 1238 1360 τὰς
1275 1312 1560 1367 εὐχαριστίας.

115 1375 217 1429 μετὰ
241 1380 384 1431 τρίτην
413 1379 458 1419 δὲ
487 1378 649 1434 ἡμέραν
669 1380 712 1430 ἐξ
739 1379 897 1420 ἐκείνου
927 1378 1000 1419 καὶ
1026 1378 1049 1418 ὁ
1079 1375 1322 1428 ΙΡΙουζάλων
1349 1372 1420 1432 ἧκε
1438 1376 1599 1433 παρίει)

117 1443 321 1494 βασιλέως
381 1445 455 1483 καί
509 1443 732 1497 ἀπήγγελλε
785 1443 917 1485 πάντα
964 1441 1022 1493 ὥς
1069 1444 1257 1497 ἐγένετο·
1315 1444 1389 1484 καί
1432 1444 1557 1484 πάλιν

63 1502 224 1558 αοῆσαν
257 1505 301 1548 ἒν
329 1512 419 1556 ταῖς
459 1505 624 1559 ὁμοίαις
650 1505 814 1563 ἑορταῖς
846 1504 926 1562 ἤδη
962 1505 1244 1563 βεβαιότερον.
1299 1511 1340 1549 Γ
1338 1506 1468 1561 λάβας
1508 1510 1556 1550 δὲ

117 1573 159 1613 Γ
158 1571 355 1627 εώργιος,
387 1570 434 1621 ὃς
477 1574 558 1614 τῶν
589 1574 649 1621 εἰς
688 1573 992 1625 Διδυμότὲιχον
1030 1573 1287 1626 τεταγμένων
1315 1568 1463 1627 ἄρχειν
1495 1569 1556 1622 εἷς

115 1631 185 1690 ἦν,
213 1636 351 1679 ἐλθών
382 1635 487 1693 πρὸς
514 1636 586 1679 τὸν
616 1638 840 1693 ἀρχιερέα,
884 1635 1014 1690 εόχὴν
1044 1632 1134 1692 ᾔτει
1165 1637 1263 1691 παρ’
1292 1637 1452 1688 αὐτοῦ’,
1497 1636 1555 1685 ὠς

114 1704 174 1752 εἰς
218 1705 396 1756 βασιλέα
436 1701 709 1759 ἀφιξόμενος·
751 1704 977 1744 δεδοικέναι
1014 1700 1094 1757 γὰρ
1117 1733 1128 1754 ,
1158 1705 1217 1756 μή
1257 1703 1356 1756 πρὶν
1399 1703 1553 1743 ἐκεῖνον

205 1793 238 1825 6,
264 1792 516 1872 περιυβὲἑζειν
540 1791 575 1824 Ρ.
662 1791 711 1824 ι3.
739 1788 760 1824 ὃ
788 1789 869 1824 add.
898 1789 947 1824 M.
1058 1787 1123 1831 ἤδη
1150 1799 1218 1821 om.
1244 1789 1278 1823 P.
1305 1793 1342 1822 et
1365 1790 1420 1831 εἴη
1444 1791 1551 1834 ponit

207 1844 292 1872 ante
316 1839 380 1881 τῆς
442 1863 450 1871 .

113 1924 143 1956 si
169 1923 258 1969 quid
283 1923 374 1956 utile
402 1922 455 1956 ibi
481 1922 651 1966 scriplum
678 1921 809 1959 fuerit,
843 1921 882 1954 id
908 1921 1056 1953 minime
1080 1920 1179 1963 parvi
1210 1919 1336 1953 ducat:
1371 1922 1427 1953 sin
1458 1930 1548 1952 con-

111 1975 232 2010 sueta,
259 1975 344 2013 puta
367 1968 609 2002 contumeliae
633 1975 670 2002 et
693 1968 904 2007 maledicta,
927 1967 966 1999 in
990 1978 1126 2007 eorum,
1142 1966 1204 2012 qui
1237 1968 1468 2010 scripserunt,
1491 1977 1549 1998 ca-

110 2019 188 2061 pita
213 2017 384 2050 recidant.
443 2015 682 2050 Commendat
705 2014 895 2047 consilium
933 2014 1148 2057 imperator,
1190 2013 1357 2056 leguntur
1391 2013 1549 2051 litterae,

111 2063 207 2097 nihil
247 2063 300 2096 ibi
335 2062 507 2108 probum,
546 2062 610 2094 sed
644 2062 813 2095 adversus
859 2062 1115 2104 imperatorem
1159 2060 1278 2102 turpia
1320 2065 1357 2092 et
1398 2059 1546 2091 infanda

111 2109 273 2142 convicia
332 2109 544 2155 Amuriique
580 2108 836 2152 reprehensio,
869 2106 966 2151 quod
997 2117 1070 2140 non
1095 2106 1172 2138 sine
1198 2116 1336 2138 summo
1367 2105 1545 2138 dedecore

112 2155 318 2188 nobilitatis
350 2167 435 2189 suae
481 2167 562 2189 cum
602 2155 667 2188 illo
714 2165 752 2186 se
790 2153 1045 2187 coniunxisset.
1113 2153 1330 2195 Imperator,
1370 2152 1542 2196 quoniam

111 2202 273 2244 Byzantii
301 2203 438 2236 nullam
466 2212 563 2248 spem
588 2204 686 2247 pacis
713 2201 918 2240 faciebant,
942 2199 1144 2232 necessario
1169 2205 1206 2232 et
1232 2199 1309 2242 ipse
1332 2197 1378 2230 ad
1406 2197 1543 2230 bellum

112 2248 436 2282 administrandum
461 2254 498 2281 et
527 2248 632 2282 urbes
657 2249 703 2281 ad
728 2247 950 2282 deditionem
966 2246 1127 2279 volentes
1146 2245 1384 2290 nolentesque
1406 2254 1542 2288 cogere.

106 2295 336 2339 imperatrici
362 2305 445 2328 vero
473 2295 732 2337 Didymotichi‚
758 2305 837 2326 cum
863 2293 962 2325 aliud
989 2293 1033 2326 de
1059 2293 1271 2335 imperatore
1296 2291 1426 2322 marito
1447 2290 1543 2323 nihil

110 2341 362 2386 comperisset,
386 2341 454 2374 nisi
479 2342 574 2385 apud
588 2341 811 2381 Ber-rhoeam,
825 2339 951 2373 urbem
976 2337 1202 2376 dedititiam,
1235 2347 1325 2375 esse,
1351 2337 1540 2381 episcopus

109 2389 315 2426 nuntiavit,
353 2389 422 2421 iam
454 2387 686 2421 Chalcidicen
722 2387 948 2432 pervenisse,
986 2385 1044 2418 cui
1082 2384 1203 2417 statim
1236 2383 1404 2416 adiuncta
1438 2383 1538 2424 fides,

110 2433 403 2480 quandoquidem
447 2433 542 2468 nihil
576 2445 650 2468 non
680 2445 846 2479 magnum
871 2433 917 2466 de
941 2443 983 2465 eo
1009 2430 1216 2464 sentiebant
1242 2435 1279 2462 et
1305 2435 1346 2462 ut
1365 2435 1539 2464 venturo-

113 2492 192 2514 rum
222 2481 382 2514 omnium
405 2481 555 2525 provido
581 2480 774 2525 diligenter
798 2478 1046 2512 attendebant.
1095 2478 1258 2521 Aguntur
1294 2487 1379 2508 mox
1411 2476 1538 2516 feriae,

111 2527 260 2571 plausus
284 2527 397 2559 edunt
423 2532 460 2560 et
483 2526 636 2560 reditum
662 2527 890 2571 imperatoris
916 2525 983 2558 deo
1012 2525 1171 2567 impense
1194 2523 1428 2567 gratulantur.
1455 2521 1537 2555 Post

113 2574 208 2607 diem
235 2575 382 2607 tertium
418 2574 586 2607 Muzalon
618 2573 663 2606 ab
701 2575 915 2617 imperatore
949 2570 1167 2609 adveniens,
1200 2569 1321 2603 omnia
1359 2573 1400 2601 ut
1437 2575 1535 2613 gesta

111 2626 215 2654 erant
241 2620 437 2661 recensuit3
459 2630 671 2664 rursumque
695 2620 806 2653 seriae
832 2625 869 2652 et
892 2616 1041 2662 quidem
1067 2614 1288 2649 constantius
1321 2615 1536 2652 celebratae.

111 2667 287 2712 Georgius
328 2671 450 2699 autem
490 2666 647 2706 Glabas,
698 2677 791 2698 unus
827 2665 1087 2709 praefectorum
1121 2661 1293 2706 praesidii
1328 2661 1537 2704 Didymoti·

110 2713 250 2747 chensis
267 2739 276 2753 ,
301 2714 511 2758 episcopum
539 2713 775 2751 conveniens,
801 2717 842 2744 ut
869 2710 940 2743 sibi
965 2709 1010 2742 ad
1045 2708 1297 2752 imperatorem
1327 2709 1535 2753 profecturo

107 2759 201 2794 hene
235 2764 453 2805 precaretur,
482 2757 653 2803 petebat,
684 2758 785 2805 quod
818 2767 856 2791 se
889 2757 1018 2790 timere
1050 2755 1211 2797 diceret,
1239 2766 1286 2788 ne
1318 2759 1403 2789 ante
1436 2755 1535 2788 illius

156 2828 424 2862 Cantacuzenus
448 2827 494 2862 11.
1228 2823 1274 2857 26
