1812 3146
246 167 360 224 506
772 188 1139 232 CANTACUZENI

48 288 318 340 Α.0.ι345και“
357 287 646 341 ἀνελευθέροις
691 286 948 341 χρησάμενοι
987 286 1247 342 ἀνθρώποις,
1297 286 1369 330 καὶ
1402 286 1475 331 τόν
1513 282 1677 332 οὔδ’·ἒν

244 354 463 406 ἐσχατιαῖς
512 353 588 406 γῆς
642 350 919 405 ἀγνοούμενον
958 352 1091 395 aizoi?
1131 355 1307 395 πλοῦτον
1349 355 1408 402 εἰς
1448 352 1675 410 ἀξιόχρεων

243 418 390 469 οὐδὲν,
430 418 521 458 ἀλλ’
539 417 625 473 εἰκῇ
663 417 736 457 καί
759 415 896 472 μάτην
940 419 1284 473 διαφθείραντες,
1332 417 1439 460 ἄλλα
1475 418 1549 461 καὶ
1577 421 1676 475 περὶ

241 481 340 531 τοὺς
378 483 529 538 φίλους
571 483 643 523 καί
678 479 777 530 τούς
820 481 1090 537 ὁπωσδήποτε
1116 484 1388 537 ἐπιτηδείους·
1447 485 1520 526 καί
1548 481 1673 534 ὅσους

243 547 386 590 αὐτῶν
422 548 664 589 ἀπέκτειναν
675 580 688 600 ,
727 545 826 596 τούς
864 549 910 589 δὲ
956 551 1000 590 ἐν
1044 549 1343 603 δεσμωτηρίοις
1374 548 1541 604 ἔχουσιν
1569 545 1698 604 ἄχριό

240 616 339 666 νῦν,
379 612 539 670 μεγάλῃ
575 615 810 670 δυσπραγίᾳ
837 612 911 655 καί
936 615 1105 667 δεσμοῖς
1132 609 1333 670 ἇφύκτοις
1359 619 1672 671 προσταλαιπωῳ

240 680 436 734 ροῦντας·
464 677 538 720 καί
560 676 617 728 ὥς
653 676 784 720 κοινοὶ
808 680 998 732 πολέμιοι
1033 685 1203 735 φανεῖεν
1231 676 1366 722 αὐτοῦ
1409 696 1454 722 τε
1482 682 1555 722 καί
1588 683 1673 723 τῶν

239 743 356 800 παρὰ
386 743 607 797 Ῥωμαίοις
625 745 807 800 α’ρίστων
825 743 1010 797 πάντων,
1050 740 1101 785 οὗ
1120 741 1246 797 μόνον
1269 740 1366 788 ὅσον
1393 747 1438 788 ἐν
1465 744 1673 801 εὖγενέσιν

237 805 319 865 ἦν,
358 807 466 852 α’λλά
495 813 567 852 καί
591 809 823 863 μονάζουσι
869 811 942 852 καί
966 808 1231 863 ἐπισκόποις,
1275 809 1338 853 ἔτι
1368 813 1414 852 δὲ
1442 813 1516 856 καί
1541 827 1674 866 στρα-

242 873 410 924 τιώταις
434 874 507 917 καὶ
537 880 623 925 τοῖς
647 877 735 917 τῶν
764 877 981 918 πολιτειῶν
1012 872 1189 931 ἑκάστης
1223 875 1380 926 πόλεως
1406 878 1726 932 προέχουσιν.ιο

195 935 302 982 Βῶν
345 939 396 995 δὴ
434 939 597 983 πάντων
640 939 820 997 ἔφασκεν
866 937 1000 983 miro&
1035 939 1103 983 διὰ
1144 939 1221 997 τὴν
1261 944 1545 998 περισχοῦσαν
1574 939 1677 992 τούς

229 1005 464 1059 Ῥωμαίους
483 1003 709 1063 συμφοράν
740 1007 1073 1062 α’μνημονοῦντος
1109 1008 1183 1049 καί
1225 1008 1449 1061 τιθεμένου
1481 1008 1583 1063 παρ’
1600 1002 1674 1048 οὕ-

235 1073 331 1124 δὲν,
361 1074 433 1114 καί
463 1073 543 1125 οὔχ
574 1067 684 1123 ἅπαξ
704 1106 718 1127 ,
758 1072 857 1115 ου’δὲ
897 1074 962 1122 δίς
989 1071 1062 1115 καί
1085 1074 1199 1128 τρῖς,
1242 1072 1350 1116 ἄλλά
1379 1072 1452 1115 καί
1476 1071 1675 1123 πολλάκις

234 1135 487 1187 τοσαυτάκις
515 1139 695 1193 ἐξαρχῆς
741 1153 784 1180 τε
815 1135 947 1187 εὐθυς
974 1137 1048 1180 καί
1070 1140 1198 1194 μέχρι
1227 1139 1303 1180 νῦν
1330 1141 1553 1193 πρεσβείας
1579 1153 1674 1181 ποι-

236 1204 415 1255 ουμένου
443 1204 515 1245 καί
541 1205 737 1255 δεομένου
768 1202 866 1259 περὶ
891 1202 1079 1259 εἰρήνης,
1122 1204 1177 1244 ου’
1207 1202 1529 1256 μόνονρπιεικὲς
1549 1205 1726 1252 ου’δὲνιό

238 1265 550 1323 ἀποκρίνασθαι
594 1268 799 1321 ἐκείνους,
840 1267 946 1309 άλλά
989 1268 1085 1319 τούς
1121 1284 1167 1310 τε
1205 1271 1398 1323 πρέσβεις
1438 1270 1675 1320 αἰκίζεσθαι

238 1334 311 1375 καί
341 1333 518 1386 άτιμοῦν
559 1332 633 1375 καί
671 1335 840 1387 δεσμοῖς
869 1335 1084 1388 κατέχειν,
1106 1335 1179 1375 καί
1205 1334 1340 1376 αὐτοῦ
1366 1333 1521 1383 πολλὰς
1547 1351 1675 1376 κατα-

236 1398 351 1451 χέειν
378 1395 523 1454 ὕβρεις
552 1401 625 1442 καί
650 1398 720 1442 διὰ
749 1399 947 1441 τοιούτων
974 1399 1049 1448 τὰς
1081 1401 1302 1454 ἀπολογίας
1329 1403 1543 1441 ποιεῖσθαι
1570 1397 1676 1454 πρὸς

237 1463 335 1517 τοὺς
363 1465 582 1519 πρέσβεις,
614 1464 750 1506 πάντα
778 1465 939 1516 μᾶλλον
970 1461 1118 1507 ἀνεκτοὶ
1149 1462 1417 1519 ἡγουμένους,
1446 1460 1472 1520 ἢ
1499 1465 1599 1519 περὶ
1614 1464 1676 1505 εἰ-

237 1526 366 1583 ρήνης
391 1530 658 1582 διαλέγεσθαι
685 1527 711 1585 ἢ
739 1529 921 1571 α’κούειν.
974 1531 1049 1585 τῆς
1081 1545 1125 1572 τε
1155 1532 1416 1586 βαρβαρικῆς
1445 1527 1551 1585 πρὸς
1577 1526 1727 1578 τούςῃο

238 1591 502 1650 ὁμοφύλους,
531 1593 725 1651 ἔφασκεν,
756 1596 971 1650 ἐπαγωγῆς
1000 1593 1074 1637 οὖκ
1101 1597 1253 1638 ἐκεῖνον
1279 1592 1466 1651 ἧρχθαι,
1496 1595 1587 1637 ἄλλ’
1598 1595 1676 1637 αὖ·

235 1659 358 1712 τους,
391 1660 583 1714 πρώτους
615 1660 818 1703 ἐπάὐτὸν
846 1659 1156 1715 ἐπενεγκόντας·
1185 1662 1257 1702 καί
1287 1657 1336 1702 οὗ
1364 1658 1492 1714 μόνον
1522 1658 1673 1703 τούτου

117 1724 361 1769 newham
377 1758 390 1778 ‚
421 1724 527 1767 άλλά
547 1727 621 1768 καί
635 1727 804 1782 τρόποις
832 1723 987 1782 ἑτέροις
1013 1729 1204 1782 χρῆσθαι
1231 1732 1315 1776 τοῖς
1341 1727 1572 1782 βαρβάροις
1599 1742 1676 1768 κα-

244 1793 584 1846 ταναγκάζοντας.
630 1791 830 1849 χρήματα
849 1791 931 1849 γάρ
963 1794 1110 1836 ἐκεῖνοι
1138 1792 1412 1848 παρεχόμενοι
1440 1793 1512 1834 καί
1537 1791 1678 1842 πόλεις

344 1876 395 1910 18.
421 1869 518 1923 πρὸς
545 1874 611 1914 τὰς
632 1878 831 1924 πρεσβείας
853 1877 902 1911 Μ.

246 1947 346 1981 mani
381 1959 458 1982 cum
495 1949 533 1983 in
570 1960 629 1990 se,
659 1955 736 1984 tum
770 1951 810 1983 in
840 1955 989 1984 matrem
1024 1962 1124 1985 suam
1158 1954 1195 1984 et
1227 1952 1450 1997 propinquos
1474 1950 1675 1993 extiterint,

245 1995 392 2028 iniuriis
428 2007 488 2028 eos
522 1996 743 2038 insolenter,
767 1996 1001 2031 illiberaliter
1026 2002 1063 2030 et
1085 1997 1226 2031 nefarie
1251 1999 1492 2041 exagitantes,
1519 2003 1556 2031 et
1579 1996 1676 2030 divi-

246 2041 317 2074 tias
343 2052 423 2075 suas
448 2053 514 2087 per
542 2043 688 2077 ultimas
710 2044 837 2077 mundi
861 2049 983 2088 gentes
1008 2043 1167 2085 auditas,
1194 2043 1241 2076 ad
1267 2044 1407 2076 nullum
1435 2053 1566 2088 operae
1590 2055 1677 2088 pre-

248 2088 341 2120 tium
376 2093 584 2134 temereque
619 2090 925 2134 consumpserint:
963 2091 1027 2124 sed
1053 2095 1090 2123 et
1111 2092 1303 2124 amicorum
1332 2095 1368 2123 et
1394 2101 1542 2136 quoquo
1565 2091 1676 2125 modo

248 2134 320 2166 sibi
355 2134 558 2168 deditorum
594 2142 684 2181 quot
707 2137 929 2177 occiderint,
967 2142 1004 2170 et
1034 2141 1124 2182 quot
1160 2148 1274 2181 usque
1304 2147 1402 2170 nunc
1433 2136 1612 2170 dirissime
1638 2141 1678 2171 et

247 2182 403 2215 vinculis
427 2181 686 2216 insolubilibus
710 2189 908 2217 maceratos
933 2182 972 2215 in
1000 2183 1162 2216 custodia
1192 2182 1400 2217 detineant:
1437 2188 1474 2215 et
1495 2183 1675 2228 quomodo

249 2237 454 2261 communes
491 2228 633 2262 inimici
673 2230 834 2271 fuerint,
871 2234 948 2262 tum
979 2229 1053 2269 sui,
1087 2234 1163 2261 tum
1197 2230 1381 2273 optimatis
1407 2229 1581 2274 cuiusque
1603 2231 1676 2264 Ro-

248 2276 364 2308 mani:
389 2285 456 2308 nec
488 2275 604 2309 solum
634 2275 837 2317 nobilium,
861 2275 925 2308 sed
953 2280 989 2309 et
1014 2275 1266 2308 monachorum
1300 2282 1336 2309 et
1359 2275 1611 2319 episcoporum
1635 2282 1674 2310 et

251 2321 432 2362 militum,
456 2326 493 2354 et
519 2323 557 2354 in
590 2332 734 2368 quaque
767 2333 805 2356 re
826 2322 974 2367 publica
1003 2322 1267 2355 excellentium.
1317 2322 1420 2366 Quae
1445 2323 1565 2356 omnia
1591 2333 1678 2368 pro-

254 2372 337 2411 pter
360 2373 567 2412 praesentes
594 2370 831 2403 Romanorum
853 2368 1013 2401 miserias
1040 2368 1175 2401 oblitus
1200 2370 1248 2402 sit
1292 2379 1332 2401 ac
1357 2381 1420 2414 pro
1455 2368 1573 2402 nihilo
1609 2381 1675 2414 pu-

253 2415 360 2455 tarit,
397 2425 595 2461 pacemque
627 2426 702 2449 non
735 2415 847 2449 semel
882 2419 944 2448 aut
976 2414 1108 2446 iterum
1131 2424 1171 2446 ac
1195 2415 1324 2455 tertio,
1357 2415 1422 2448 sed
1456 2416 1677 2460 saepissime,

252 2470 337 2493 mox
360 2471 380 2492 a
404 2461 584 2507 principio
609 2472 726 2507 usque
749 2471 846 2495 nunc
869 2471 933 2506 per
956 2460 1091 2505 legatos
1114 2461 1294 2505 petiverit.
1349 2462 1434 2496 lllos
1466 2472 1538 2495 non
1567 2462 1674 2496 modo

252 2505 348 2540 nihil
381 2509 557 2552 aequitati
590 2514 871 2542 consentaneum
909 2506 1159 2551 respondisse,
1200 2518 1320 2540 verum
1359 2509 1493 2551 legatos
1529 2509 1677 2552 insuper

252 2552 463 2587 verberibus
487 2555 648 2599 pulsasse
676 2560 712 2588 et
735 2554 974 2599 ignominiose
1008 2558 1202 2597 tractasse3
1238 2554 1276 2588 in
1301 2564 1338 2587 se
1364 2561 1483 2587 autem
1509 2554 1676 2598 plaustris

253 2600 495 2633 conviciorum
536 2602 716 2642 invectos,
752 2603 823 2635 isto
843 2600 964 2646 potius
988 2598 1094 2633 modo
1118 2598 1164 2632 ad
1188 2601 1404 2646 legationem
1427 2601 1675 2645 respondisse:

251 2644 348 2678 nihil
372 2656 445 2679 non
468 2647 679 2691 patiendum
701 2648 820 2692 prius,
845 2657 952 2693 quam
977 2646 1021 2680 de
1049 2656 1140 2690 pace
1166 2646 1385 2693 loquendum
1410 2646 1674 2680 audiendumve

252 2690 479 2724 arbitrantes.
535 2692 642 2736 Quod
674 2699 794 2727 autem
832 2692 1001 2727 barbaros
1032 2692 1200 2725 adversus
1234 2694 1418 2727 nationem
1442 2704 1541 2726 suam
1564 2691 1675 2727 indu-

253 2739 388 2777 xisset,
423 2739 473 2771 ita
504 2749 541 2771 se
575 2740 762 2779 tuebatur,
793 2750 866 2774 non
897 2749 935 2773 se
970 2740 1148 2782 coepisse3
1187 2738 1269 2772 illos
1303 2740 1486 2772 adversum
1511 2750 1548 2772 so
1572 2739 1672 2784 prius

254 2783 459 2823 induxissoe
492 2796 558 2820 nec
588 2785 656 2820 isto
684 2791 842 2829 tantum,
869 2785 931 2820 sed
957 2791 992 2820 ct
1016 2786 1098 2821 aliis
1122 2785 1237 2821 modis
1265 2786 1498 2822 barbarorum
1525 2796 1593 2831 ope
1618 2785 1673 2820 uti
