1820 3152
524 200 901 246 HISTORIARUM
940 199 1011 243 111.
1052 205 1124 251 91.
1411 178 1483 236 56
1496 199 1514 235 1

82 303 246 358 νυκτός,
287 303 657 359 Παρασπὸνδυλός
691 320 752 354 τις
788 305 925 360 ἕτερος
962 301 1078 358 παρὰ
1118 301 1192 344 τὸν
1229 297 1418 358 ἄρχοντα
1449 302 1717 356 τῆςΔ.ῦ.ι·346

80 372 305 428 Ἀδριανοῦ
348 370 424 425 τῆς
461 369 611 422 ὁμοίας
653 372 771 413 ἓνεκα
802 368 939 419 αι’τιάς
967 368 1071 425 πρὸς
1097 368 1335 419 Βυζάντιον
1371 368 1521 425 ἅφΐκτο

79 442 167 485 τοῖς
196 432 375 491 ἄρχουσι
417 435 731 488 διαλεξόμενος·
772 431 827 490 ἧν
853 433 934 489 γάρ
964 437 1037 476 καί
1071 434 1268 490 πρότερον
1295 434 1523 487 διειλεγμέ-

79 517 148 551 νος
192 501 334 557 κρύφα
361 499 461 554 περὶ
486 503 562 542 τοῦ
593 503 777 554 βασιλέα
809 503 1076 543 α’ποκτείνειν.
1104 499 1198 541 ἐπεῖ
1224 492 1278 541 δὲ’
1299 499 1371 540 καί
1390 496 1566 555 Ἱέραξὶλ
1578 506 1649 543 668

54 568 232 624 δᾶφῖκτο
269 565 378 608 κατὰ
422 565 550 621 τύχην
602 569 675 609 καί
717 565 780 609 ἔτι-
820 566 865 609 αἱ
908 564 1039 608 πύλαι
1076 561 1184 622 ἦσαν
1212 567 1522 618 κεκλεισμέναι,

74 633 208 686 Ἱέραξ
250 635 328 686 μὲν
366 634 440 674 καί
480 628 618 674 ἄλλων
658 635 820 675 πολλῶν
861 631 1078 687 παρόντων
1108 633 1163 673 ου’
1189 633 1334 686 διέγνω
1365 635 1523 687 Παρα-

79 698 335 742 σπόνδυλον·
377 700 530 748 ἐκεῖνος
562 701 608 740 δὲ
638 697 856 755 φθονήσας
879 697 1032 754 Ἱέρακι
1052 701 1126 741 τοῦ
1154 704 1238 748 τοῖς
1269 697 1428 752 ὁμοίοις
1455 698 1523 751 (ἔγ-ι

77 771 239 819 χειρεΐν
290 767 364 807 καί
409 765 657 821 προδιδόναι
701 765 961 821 διανοηθείς,
1000 767 1138 819 λα’θρα
1177 763 1422 820 προσελθών
1450 766 1524 817 τῆς

80 831 210 885 ου’ρᾶς
247 831 427 883 α’πέτεμε
464 833 539 872 τοῦ
588 831 716 873 ἵππου
757 833 926 886 τρίχας,
979 831 1031 873 ἵν’
1050 830 1113 886 εἴη
1152 832 1301 886 σαφῶς
1339 831 1523 884 ἐλέγχειν

32 895 150 942 ιοέπί
174 897 249 938 τοῦ
277 897 484 949 βασιλέως
512 898 660 951 δεῖγμα
688 895 875 953 φανερόν
901 899 976 951 τῆς
1003 899 1253 951 κακουργίας
1280 895 1357 944 τὰς
1375 898 1525 951 τρίχας

79 956 378 1017 παρεχόμενος.
426 956 530 1018 ᾤετο
569 960 651 1017 γὰρ
689 960 795 1017 πρὸς
831 960 1054 1018 ἀμφότερα
1092 962 1206 1019 αὐτῷ
1242 961 1524 1016 λυσιτελήσειν

77 1026 155 1082 τήν
184 1029 342 1069 ἐκείνου
372 1029 603 1083 προδοσίαν
620 1040 630 1051 ·
654 1025 818 1083 Ἱέρακά
850 1044 894 1070 τε
921 1026 1002 1083 γάρ
1033 1028 1168 1069 οὐκέτι
1195 1026 1304 1078 ἕξειν
1333 1026 1524 1081 α’νταγω-

79 1090 222 1147 νιστὴν
259 1094 358 1147 περὶ
396 1093 640 1148 πράγματος
685 1090 793 1135 οὕτω
833 1093 1047 1148 μεγάλου,
1090 1095 1400 1149 διεφθαρμένον
1443 1090 1525 1134 ὖπό

78 1159 306 1210 βασιλέως,
338 1155 414 1199 καί
441 1156 570 1206 αὐτὸς
598 1159 931 1216 οἷφυλακτοτέρῳ
956 1161 1116 1211 μᾶλλον
1148 1160 1333 1211 ἐντυχεῖν
1360 1161 1418 1214 τῷ
1444 1161 1525 1210 βα-

28 1227 192 1268 ι5σιλεῖ
214 1222 284 1265 διὰ
313 1222 390 1278 τήν
417 1225 620 1265 δοκοῦσαν
652 1220 843 1277 εὔνοιαν,
873 1225 946 1266 καί
977 1223 1076 1281 ῥᾷον
1098 1223 1432 1278 κατεργάσεσθαι
1452 1222 1560 1267 τὸνΒ

78 1288 216 1347 φόνον.
255 1291 454 1332 διενοεῖτο
482 1289 584 1345 γὰρ,
625 1287 681 1339 ὥς
709 1291 898 1344 ἐλέγετο,
926 1289 1124 1332 ὑπνοῦντι
1151 1291 1416 1332 ἐπιτίθεσθαι
1442 1293 1524 1342 βαε-

77 1359 191 1398 σιλεῖ
224 1353 297 1396 καὶ
334 1354 604 1397 ἀποκτείνειν.
655 1350 746 1408 ἅμα
783 1357 829 1397 δὲ
857 1354 994 1413 ἡμέρᾳ
1035 1355 1079 1397 οῗ
1110 1371 1156 1397 τε
1197 1356 1315 1411 φίλοι
1359 1358 1531 1408 βασιλεῖ’

62 1415 283 1475 ἐμήνυον,
322 1419 380 1468 ὥς
423 1416 552 1470 αὖθις
585 1420 722 1476 Ἱέραξ
762 1422 947 1463 εἰσέλθοι
987 1419 1224 1473 Βυζάντιον
1261 1424 1336 1475 τῆς
1381 1419 1524 1470 νυκτὸς

77 1486 151 1528 καί
186 1490 270 1535 τοῖς
309 1480 491 1540 ἄρχουσι
534 1487 794 1540 διαλεχθείη.
865 1487 938 1527 καί
971 1484 1339 1540 >Παρασπόνδυλος
1369 1485 1523 1538 ὁμοίως

25 1549 155 1605 ποτήν
195 1566 240 1593 τε
277 1551 535 1593 α’ποστασίαν
566 1548 745 1609 ἐμήνυεν
768 1551 951 1606 Ἱέρακος
979 1549 1052 1592 καί
1067 1550 1140 1606 τὴν
1158 1549 1411 1606 ἐπιβουλὴν,
1450 1553 1524 1592 καί

77 1615 154 1666 τὰς
178 1618 327 1672 τρίχας
345 1617 579 1658 ἐπεδείκνυε
606 1618 684 1657 τοῦ
714 1616 868 1669 ἵππου,
910 1614 1068 1672 ἔφασκε
1103 1617 1149 1657 δὲ
1177 1616 1234 1664 ὥς
1261 1613 1522 1662 ὖποπτεύσοι

76 1686 155 1737 μὲν
182 1682 258 1724 καί
284 1671 483 1738 πρότερον
513 1681 668 1735 αὐτὸν,
698 1681 842 1731 δείσας
870 1683 917 1723 δὲ
943 1681 1002 1736 μὴ
1031 1680 1341 1736 καταψεύδοιτο
1370 1682 1521 1735 αὐτοῦ’,

76 1749 135 1804 μὴ
164 1746 409 1790 ὑποπτεύων
437 1749 588 1803 ἀληθῆ,
619 1746 733 1803 παρὰ
761 1747 836 1802 τήν
865 1748 1103 1799 Βυζαντίου
1135 1746 1268 1803 πύλην
1289 1744 1523 1803 ἆφικέσθαι

79 1816 152 1857 καί
179 1820 263 1864 τοῖς
292 1810 434 1863 ἄλλοις
464 1820 652 1857 συνεῖναι
679 1813 954 1869 ἀγνοούμενον
973 1831 982 1841 ·
1028 1815 1284 1870 α’φικομὲνου
1314 1815 1361 1856 δὲ
1383 1810 1555 1870 ‘Iena-ec

80 1951 201 1983 venit:
229 1960 311 1982 nam
348 1954 386 1983 et
410 1953 515 1982 antea
542 1948 766 1984 clandestine
790 1948 834 1984 de
873 1960 962 1983 nece
990 1946 1199 1995 imperatori
1227 1946 1416 1983 inserenda
1441 1960 1522 1985 cum

81 1998 156 2030 iilis
183 2001 312 2041 egerat.
362 1996 430 2028 Ubi
455 2002 575 2030 autem
606 1996 756 2030 fortuito
783 2002 820 2030 et
844 1996 978 2029 Hierax
1004 1998 1118 2036 affuit,
1139 1998 1251 2040 portis
1277 1997 1397 2030 adhuc
1422 1998 1522 2030 clau-

82 2045 129 2077 sis
162 2044 255 2076 inter
292 2042 382 2076 alios
406 2043 540 2076 multos
566 2043 871 2088 Paraspondylum
896 2054 969 2076 non
996 2043 1149 2087 agnovit.
1210 2044 1243 2076 Is
1266 2054 1350 2076 vero
1377 2043 1523 2076 Hier-aci

81 2090 199 2123 simile
235 2090 372 2123 facinus
408 2089 575 2123 molienti
613 2091 778 2123 invidens
824 2090 1005 2134 illumque
1042 2089 1193 2134 prodere
1218 2095 1401 2130 statuens,
1430 2091 1522 2124 clam

80 2137 240 2170 accedit:
267 2136 359 2181 pilos
384 2135 429 2169 de
459 2136 568 2169 cauda
589 2139 668 2170 eius
693 2137 777 2182 equi
804 2136 1040 2181 praescindit,
1063 2142 1103 2168 ut
1129 2137 1178 2169 sic
1200 2135 1398 2176 hominem,
1422 2136 1521 2181 apud

81 2186 335 2230 imperatorem
377 2184 518 2232 signum
552 2184 724 2217 facinoris
767 2183 999 2227 conspicuum
1041 2183 1135 2227 pilos
1174 2183 1257 2216 illos
1287 2184 1519 2228 proferendo,

82 2230 273 2264 manifesto
314 2235 538 2274 coargueret3
574 2230 675 2263 cuius
710 2230 954 2274 proditionem
979 2229 1050 2262 sibi
1082 2229 1248 2262 bifariam
1273 2230 1520 2263 commodatu—

82 2287 155 2312 ram
198 2275 387 2310 credebat:
431 2284 560 2320 nempe
597 2282 639 2309 ut
668 2277 855 2310 Hieracem
891 2277 929 2308 in
965 2287 1003 2308 re
1034 2276 1127 2309 tanti
1155 2278 1328 2309 momenti
1372 2283 1521 2322 tamque

82 2324 194 2357 ardua
227 2323 381 2367 amplius
414 2324 673 2366 antagonistam
710 2334 784 2357 non
809 2322 978 2362 haberet,
1012 2321 1058 2353 ab
1085 2323 1304 2367 imperatore
1328 2324 1402 2356 vita
1426 2324 1521 2356 mul⁴

81 2377 194 2404 tatum
233 2370 391 2408 scilicet,
431 2373 468 2401 et
500 2369 553 2402 ob
581 2376 655 2404 tam
680 2370 821 2414 insigne
845 2369 1120 2402 benevolentiae
1145 2379 1231 2401 suae
1261 2368 1520 2404 documentum

81 2418 234 2451 liberius
272 2426 436 2449 securum
463 2416 563 2449 adire
581 2441 590 2456 ‚
622 2421 731 2462 atque
762 2417 813 2450 ita
836 2415 978 2448 facilius
1003 2426 1085 2448 eum
1107 2416 1270 2458 iugulare
1294 2421 1433 2460 posset:
1458 2427 1521 2449 co⁴⁵

83 2463 224 2508 gitabat
255 2463 375 2502 enim,
413 2466 454 2494 ut
477 2461 737 2508 perhibebant,
776 2465 814 2496 in
841 2462 1081 2496 dormientem
1109 2462 1233 2495 stricto
1260 2472 1344 2496 ense
1372 2463 1519 2496 irruere.-

83 2511 200 2545 Prima
237 2510 318 2543 luce
354 2509 460 2542 amici
495 2509 624 2542 iterum
649 2511 903 2554 imperatorem
930 2509 1071 2542 faciunt
1094 2509 1302 2548 certiorem,
1333 2508 1520 2544 Hieracem

83 2562 192 2590 noctu
222 2557 418 2600 ingressum
444 2555 563 2590 denuo
587 2557 821 2600 Byzantium,
846 2566 925 2589 cum
951 2555 1195 2588 Archontibus
1220 2566 1418 2589 sermonem
1451 2559 1522 2590 mi*

84 2605 228 2637 acuisse.
278 2602 563 2645 Paraspoudylus
588 2602 664 2648 ipse
689 2613 835 2649 quoque
859 2601 1097 2635 desectionem
1128 2601 1287 2635 Hieracis
1309 2607 1346 2635 et
1366 2603 1520 2636 insidias

88 2650 256 2689 nuntiat,
283 2655 319 2682 et
343 2649 436 2692 pilos
463 2648 598 2683 caudae
622 2651 778 2694 equinae
806 2653 990 2682 ostentam
1011 2652 1191 2688 autumat,
1227 2659 1264 2683 se
1283 2649 1390 2682 etiam
1419 2651 1521 2694 prinu

88 2701 292 2741 suspectum
320 2694 511 2728 habuisse:
551 2696 614 2730 sed
637 2707 682 2730 ne
708 2696 800 2728 forte
840 2707 882 2728 ex
914 2694 1003 2727 falsa
1038 2695 1242 2741 suspicione
1283 2695 1518 2735 mentiretur,-

87 2743 271 2782 annuisse,
297 2741 452 2787 ideoque
480 2741 526 2775 ad
548 2749 685 2787 portam
711 2743 870 2786 Byzantii
901 2741 1054 2781 abiisse,
1089 2747 1126 2777 et
1157 2742 1253 2775 inter
1285 2742 1375 2775 alios
1414 2743 1517 2786 igno»

88 2794 162 2822 tum
190 2789 348 2823 latuisse.
399 2788 535 2822 Eodem
561 2789 745 2824 Hieracem
770 2789 934 2828 venisse,
953 2797 1062 2835 seque
1087 2789 1180 2835 pilos
1204 2787 1340 2823 candae
1364 2783 1522 2822 iumenti

136 2858 405 2893 camacuzenus
430 2858 477 2892 ΙΙ.
1212 2856 1261 2889 36
