1800 3138
291 168 400 223 208
763 195 765 197 ·
817 185 1187 228 CANTAcUzEm

98 289 276 334 A.C.1342
289 287 456 339 θομένη,
484 285 563 326 τῶν
591 279 673 339 ἤδη
701 284 1023 340 περιεστηκότων
1042 286 1307 328 ἀπαλλάττου
1334 287 1588 342 δυσχερῶν.”
1616 288 1718 344 πρὸς

166 357 276 402 Ρ.46ι
293 351 427 392 ταῦτα
461 349 730 404 ὖποπτήξασα
757 350 785 404 ἦ
813 350 975 404 βασιλὶς
1003 350 1075 392 καί
1102 353 1175 405 τῆς
1202 348 1362 406 ἀπάτης
1390 351 1527 408 οἵσπερ
1556 353 1631 394 οὔκ
1654 355 1721 395 αι’-

294 417 498 469 σθομένη,
544 415 634 455 ἀλλ’
676 416 862 469 οἷηθεῖσα
878 448 890 468 ,
933 418 972 458 εἰ
1008 417 1181 468 βελτίων
1218 418 1292 457 τοῦ
1322 419 1500 469 πολέμου
1528 417 1552 471 ἦ
1581 419 1721 472 εἰρήνη

294 481 508 535 φαίνοιτο,
554 477 857 534 πεισθήσεσθαι
893 482 966 521 καί
999 481 1172 532 αὐτούς,
1211 482 1378 534 δέχεται
1413 481 1463 522 τά
1509 483 1720 536 εἰρημένα.

294 545 445 586 αὐτίκα
489 560 533 585 τε
573 545 758 586 ἐκέλευον
796 543 988 596 ὀμνύειν,
1014 545 1087 594 ’ὥς
1126 541 1246 587 οὐδὲν
1285 544 1482 587 οὐδέποτε
1516 545 1634 599 παρὰ
1669 545 1773 600 τοὶὸΥ

294 607 562 663 ὑπεσχημένα
590 611 757 663 πρᾶξαι,
786 609 871 663 ἡδ’
899 609 1134 663 ἀγνοήσασα
1162 610 1237 663 τήν
1264 611 1456 664 ἐνέδραν,
1486 613 1557 651 καί
1573 608 1723 664 ὅρκους

293 675 527 728 προσετίθει
567 678 650 722 τοῖς
692 675 946 728 εἰρημένοις,
994 675 1067 714 καί
1098 674 1120 714 ὅ
1159 673 1418 728 πατριάρχης
1451 672 1586 722 εὐθὺς
1614 671 1723 729 dspo—

295 736 445 794 ρισμόν
471 736 686 793 ἐπεφώνει,
717 740 759 781 εἰ
784 741 1050 794 παραβαθείη
1078 738 1127 780 τὰ
1159 735 1447 791 ὄμωμοσμένα.
1500 740 1544 790 ἐξ
1562 741 1721 780 ἐκείνου

296 805 341 844 δὲ
383 804 580 844 ου’δέποτε
620 805 835 845 κατέλιπον
876 803 951 857 τὴν
989 803 1186 857 βασιλίδα
1214 801 1368 856 μόνην,
1419 798 1525 845 ὥστε
1569 802 1723 857 σχολὴν

295 863 480 921 ἄγουσαν
519 868 598 910 τῶν
637 866 812 910 δεόντων
847 885 887 909 τι
928 865 1239 921 βουλεύσασθαι
1267 866 1371 922 πρὸς
1398 865 1571 921 ἑαυτήν·
1629 869 1774 908 α’λλἸΟ

296 932 452 988 ἡμέρας
479 935 556 985 μὲν
585 930 703 974 αὖτοί
728 936 911 986 συνῆσαν
939 935 985 974 ἐκ
1015 935 1213 987 διαδοχῆς
1242 928 1365 974 ἄλλον
1395 928 1515 981 ἄλλος
1532 930 1725 986 διαδεχό-

263 1009 289 1040 Β
299 1013 414 1050 μενοι
461 997 534 1038 καὶ
574 994 922 1051 συμμεριζόμενοι
963 995 1035 1039 τόν
1075 997 1224 1052 χρόνον
1261 999 1332 1052 τῆς
1359 997 1527 1052 ἡμέρας.
1580 995 1727 1045 νυκτὸς

298 1064 344 1104 δὲ
367 1064 448 1104 τῶν
474 1065 545 1117 τῆς
572 1063 786 1116 βασιλίδος
816 1063 1027 1104 οἷκετίδων
1055 1057 1163 1116 ἦσαν
1190 1059 1292 1116 πρὸς
1319 1064 1438 1104 τοῦτο
1466 1062 1723 1114 τεταγμέναι,

299 1126 346 1168 αΐ
368 1126 524 1180 μισθὸν
554 1125 603 1167 οὗ
636 1128 796 1182 φαῦλον
823 1128 895 1180 τῆς
923 1129 1149 1183 προδοσίας
1177 1123 1289 1180 εἶχον
1315 1128 1489 1180 χρυσιόν
1510 1124 1625 1180 παρὰ
1645 1125 1726 1166 τῶν

298 1193 559 1246 συνωμοτῶν,
585 1190 636 1240 ἃς
659 1190 743 1232 ἔδει
761 1194 812 1248 τῇ
829 1193 1016 1244 βασιλίδι
1036 1189 1255 1243 συνούσας,
1275 1189 1318 1232 εἴ
1331 1207 1370 1232 τι
1392 1193 1627 1246 φθέγξαιτο,
1646 1189 1780 1244 paq-15

297 1254 410 1298 νύειν
437 1255 695 1313 πατριάρχῃ,
726 1253 832 1298 ὥστε
861 1258 914 1298 δι’
942 1258 1097 1298 ἐκείνου
1130 1255 1204 1297 καὶ
1229 1262 1311 1304 τοϊς
1341 1252 1481 1304 ἄλλοις
1498 1255 1629 1297 πάντα
1656 1256 1729 1310 δῆ-

299 1325 350 1363 λα
378 1321 568 1374 γίνεσθαι
594 1320 644 1362 τὰ
674 1322 881 1375 εἰρημένα.
945 1320 967 1361 ὅ
995 1320 1256 1376 πατριάρχης
1282 1319 1362 1375 γὰρ
1391 1319 1467 1374 τὴν
1498 1318 1601 1361 οἴκοι
1626 1335 1729 1361 παν-

297 1386 451 1428 τάπασι
477 1384 694 1440 διατριβὴν
721 1384 966 1437 καταλιπών,
994 1386 1220 1438 βασιλείοις
1248 1387 1487 1441 ἐνδιῃτᾶτο,
1516 1381 1728 1440 πρόφασιν

297 1453 398 1504 μὲν,
439 1450 495 1499 ὥς
531 1453 611 1492 τῶν
643 1450 874 1503 ἐπιβούλων
901 1452 1086 1500 καθέξων
1114 1449 1188 1499 τὰς
1218 1447 1362 1504 ὁρμάς,
1391 1448 1435 1491 εἴ
1453 1465 1515 1498 τις
1541 1446 1728 1502 βοῦλοιτο

298 1518 565 1571 νεωτερίζειν,
591 1517 698 1571 τῇδ’
724 1516 909 1571 α’ληθεία,
935 1516 1151 1567 βασιλίδος
1176 1512 1314 1569 φύλαξ
1340 1512 1422 1554 ὖπὸ
1451 1514 1523 1568 τῆς
1540 1526 1782 1566 συνωμο-Ἇο

298 1583 391 1628 σίας
419 1580 687 1633 τεταγμένος,
731 1580 799 1620 ἵνα
826 1578 884 1633 μη
918 1581 1108 1620 λαθοῦσα
1135 1576 1268 1634 πράξῃ
1297 1580 1377 1619 τῶν
1403 1576 1462 1631 μὴ
1496 1576 1598 1619 κατὰ
1624 1576 1730 1630 γνώ-
1776 1567 1780 1571 ’

259 1650 380 1700 (Σμην
419 1640 544 1686 ὄντων
584 1661 624 1685 τι
670 1643 824 1692 αὗτοῖς.
892 1645 1026 1685 ταῦτα
1051 1645 1128 1695 μὲν
1156 1637 1250 1695 οὖν,
1279 1643 1630 1696 Καντακουζηνοῦ
1656 1631 1731 1683 rofi

302 1710 503 1763 βασιλέως
530 1709 818 1766 Διδυμοτείχῳ
847 1708 1185 1764 ἐνδιατριβοντος,
1213 1707 1444 1762 ἐπράττετο.
1498 1704 1576 1761 ὑφ’
1603 1702 1649 1747 ὃν
1685 1707 1732 1747 δὲ

304 1888 398 1932 cipio
430 1892 573 1920 tuorum
611 1887 876 1921 commodorum
908 1886 1090 1925 studioso,
1134 1887 1171 1918 et
1201 1894 1297 1918 nunc
1331 1883 1448 1916 nihilo
1483 1883 1600 1917 minus
1636 1882 1730 1915 bene

304 1934 505 1966 consulenti
531 1933 665 1974 credis,
688 1934 767 1967 istis
793 1933 918 1972 crede,
946 1938 982 1965 et
1007 1931 1140 1976 quibus
1165 1929 1378 1963 circumdata
1407 1940 1443 1961 es
1471 1929 1593 1969 malis,
1626 1933 1662 1962 te
1684 1928 1732 1961 li-

304 1980 401 2017 bera,
450 1980 542 2013 Tum
577 1981 733 2024 Augusta
768 1983 864 2012 metu
901 1978 1007 2010 anxia
1042 1982 1079 2011 et
1112 1976 1290 2008 fallaciam
1321 1986 1394 2008 non
1429 1974 1637 2014 advertens,
1668 1973 1732 2007 sed

305 2026 501 2065 arbitrata,
527 2026 556 2059 si
580 2032 649 2070 pax
674 2026 770 2058 bello
797 2024 925 2057 melior
953 2029 1064 2063 esset,
1099 2024 1194 2066 ipsos
1218 2022 1343 2066 utique
1369 2020 1440 2053 sibi
1464 2031 1540 2053 eam
1566 2030 1732 2053 suasuros

306 2071 415 2104 fuisse
430 2097 438 2112 ‚
479 2072 584 2105 dictis
618 2074 805 2114 suffragata
839 2075 903 2107 est.
949 2070 1052 2102 Illico
1086 2079 1162 2102 eam
1197 2068 1313 2100 iurare
1346 2066 1556 2107 hortantur,
1589 2069 1731 2110 praeter

305 2119 479 2162 promissa
503 2117 596 2150 nihil
614 2128 772 2160 unquam
796 2115 977 2149 facturam.
1021 2117 1241 2159 Imposturae
1263 2113 1384 2157 ignara
1408 2114 1504 2144 iurat
1538 2111 1734 2156 statimque

304 2163 504 2208 patriarcha
524 2163 712 2197 anathema
733 2163 919 2201 acclamat,
942 2162 971 2193 si
991 2167 1112 2193 contra
1133 2164 1229 2204 agat,
1253 2169 1360 2204 quam
1386 2158 1566 2191 iuraverit.
1590 2158 1674 2191 Post
1692 2156 1732 2189 id

305 2220 487 2254 nunquam
504 2209 614 2242 solam
632 2208 867 2253 reliquerunt,
884 2213 924 2240 ut
937 2218 1001 2251 per
1015 2204 1231 2251 otium‚quid
1244 2203 1440 2250 expediret,
1457 2214 1576 2236 secum
1591 2203 1733 2249 disqui-

306 2261 419 2288 reret:
437 2254 500 2286 sed
522 2254 615 2287 diem
637 2258 751 2287 totum
768 2253 862 2286 inter
876 2264 912 2286 se
933 2253 1071 2298 partiti,
1101 2252 1191 2284 alius
1210 2250 1320 2282 alium
1337 2250 1562 2294 excipiendo,
1587 2260 1669 2282 cum
1688 2258 1735 2287 ea,

306 2301 548 2334 versabantur.
574 2300 689 2333 Noctu
702 2304 821 2331 autem
837 2299 881 2331 de
898 2298 1098 2332 famulabus
1113 2296 1271 2330 eiusdem
1287 2295 1331 2328 ad
1348 2296 1416 2328 hoc
1429 2297 1544 2339 ipsum
1561 2300 1664 2329 erant
1674 2305 1732 2328 se-

306 2347 433 2387 lectae,
455 2346 586 2392 quibus
599 2356 673 2379 non
687 2344 984 2379 contemnendum
1006 2342 1217 2388 proditionis
1231 2342 1387 2386 pretium
1401 2341 1555 2376 dabatur
1567 2351 1588 2372 a
1602 2341 1730 2378 coniue·
1749 2360 1756 2371 ι

307 2394 404 2432 ratis,
425 2403 589 2426 nummus
609 2402 735 2425 aureus
751 2390 899 2434 singulis
914 2390 1093 2423 videlicet.
1127 2389 1193 2421 Eas
1208 2399 1287 2420 cum
1309 2387 1535 2432 imperatrice
1555 2385 1733 2424 confabuff

307 2439 440 2478 lantes,
469 2439 500 2471 si
525 2437 616 2483 quid·
631 2447 730 2470 secus
755 2437 975 2480 loqueretur,
1005 2435 1051 2468 ad
1073 2433 1310 2479 patriarcham
1331 2435 1498 2467 nuntiare
1517 2430 1735 2476 oportebatg.

336 2485 372 2516 ui
396 2495 514 2516 rursus
539 2483 634 2516 dicta
659 2483 778 2517 omnia
798 2481 843 2514 ad
858 2482 1064 2516 sodalitium
1082 2480 1239 2513 referret.
1275 2480 1320 2512 Et
1338 2480 1367 2512 is
1386 2478 1605 2524 patriarchio¹
1620 2478 1730 2523 plane

310 2497 462 2569 3eserto,
484 2531 521 2562 in
539 2531 672 2574 palatio
691 2528 891 2568 habitabat,
910 2527 1008 2573 quasi
1027 2527 1211 2559 audaciam
1230 2524 1451 2558 cohibiturus
1464 2549 1475 2566 ,
1495 2524 1526 2557 si
1543 2524 1622 2569 quis
1642 2523 1731 2556 insi-

311 2574 427 2607 diator
450 2577 531 2608 novi
552 2575 692 2621 aliquid
709 2574 914 2616 moliretur3
939 2573 1002 2606 sed
1026 2584 1064 2606 re
1089 2573 1166 2616 ipsa
1186 2572 1404 2616 imperatrici
1423 2575 1540 2604 custos
1563 2579 1584 2601 a
1603 2568 1730 2610 conio·-

309 2622 393 2653 ratis
416 2621 616 2665 impositus,
636 2632 681 2654 ne
705 2619 808 2666 quid,
831 2620 919 2665 ipsis
935 2619 1190 2657 nescientibus,
1210 2618 1354 2657 faceret,
1378 2617 1476 2662 quod
1496 2626 1618 2649 eorum
1638 2613 1727 2648 libi-

309 2666 386 2699 dini
412 2666 665 2701 adversaretur.
689 2668 734 2699 Et
756 2666 845 2699 haec
864 2665 1009 2711 quidem
1034 2664 1281 2697 Cantacuzeno
1300 2661 1544 2706 Didymotichi
1560 2665 1728 2699 morante

309 2711 513 2756 agebantur.
550 2712 621 2744 Sub
650 2719 788 2756 tempus
814 2722 897 2745 vero
913 2736 922 2751 ‚
958 2722 1027 2756 quo
1056 2709 1315 2743 Peritheorium
1339 2708 1553 2747 obsidebat,
1577 2706 1623 2740 ad
1646 2717 1733 2739 mo-

310 2757 441 2793 nachos
466 2758 504 2792 in
527 2757 619 2792 Atho
642 2764 760 2792 monte
771 2781 784 2799 ,
813 2757 938 2793 ceteris
963 2756 1196 2791 sanctimonia
1219 2761 1458 2802 praestantes,
1481 2753 1644 2799 scripsit,
1667 2761 1732 2794 eoa⁶
