1812 3132
271 206 287 240 1
303 186 370 242 32
791 198 1161 242 CANTACUZENI

61 304 514 358 Α.0.ι34ιστερεῖσθαι.
580 298 815 353 θαυμάζειν
858 301 904 342 δέ
941 316 1014 353 μοι
1053 301 1126 342 καί
1160 299 1239 341 σοῦ’
1264 296 1518 352 παρίσταται
1544 296 1695 348 πολλὰ,

259 371 300 411 εἰ
325 370 413 419 νῦν,
442 365 615 414 α’πὸντος
644 366 803 407 ἐκείνου
834 365 1066 417 Βυζαντίου
1095 363 1166 405 καί
1181 366 1276 406 λίαν
1298 358 1414 411 ὄντος
1437 360 1702 416 εὕεπιχειρή-

258 448 333 476 του
365 432 435 474 διὰ
466 431 510 474 τὸ
541 433 674 486 μηδὲν
702 431 858 472 εἰδέναι
883 433 964 473 τῶν
993 431 1311 486 πραττομένων,
1359 424 1467 469 οὕτω
1494 429 1701 482 πέφρικας

257 498 330 542 τὸν
357 497 462 553 πρὸς
489 499 642 539 ἐκεῖνον
669 493 872 548 πόλεμον·
930 493 1035 549 μετὰ
1063 497 1109 536 δὲ
1135 491 1288 549 χρόνον
1315 493 1542 546 τοσοῦτον,
1589 493 1635 533 ἐν
1663 484 1699 549 ᾧ

258 566 342 606 τῶν
379 578 423 605 τε
462 563 688 616 εἰρημένων
724 563 856 615 μηδὲν
881 563 1021 618 ἐκείνῳ
1052 560 1216 610 ἐξέσται
1246 559 1418 612 α’γνοεῖν,
1447 557 1524 598 οὔκ
1551 554 1727 610 ὄλίγωνό

262 631 465 670 ἐνταυθοῖ
495 625 789 681 διατριβόντων
827 629 911 668 τῶν
947 624 1079 680 ἡδέως
1115 621 1167 672 ἂν
1200 623 1307 679 ὑπὲρ
1343 620 1502 664 ἐκείνου
1530 621 1603 663 καί
1627 617 1703 669 τὰς

263 693 411 747 ψυχας
440 692 735 747 προησομένων
762 693 834 733 καί
870 688 1278 747 παρασκευάσασθαι
1309 685 1410 743 πρὸς
1437 689 1616 742 ἕκαστα,
1645 684 1704 733 ὥς

261 755 316 800 ἂν
358 753 507 813 ἄριστα
540 757 655 813 αύτῷ
684 759 807 814 δοκῇ,
851 754 1006 814 ῥᾳδίως
1033 751 1211 810 ἤλπισας
1236 750 1595 808 περιγενήσεσθαι.
1651 745 1702 792 οὗ

219 822 341 878 ῡγάρ
373 823 429 871 ὡς
457 821 564 877 αὐτή
593 838 638 864 τε
666 821 743 863 οἴει
771 823 958 869 κάκεῖνος
988 818 1220 876 φενακιζων
1246 818 1358 874 ἡμᾶς
1388 815 1703 870 ἀπεσεμνύνετο,

263 885 374 929 οὕτω
401 886 506 943 πρὸς
538 885 770 938 Βυζάντιον
802 886 1017 942 ἐπανήξει,
1063 882 1163 933 τούς
1192 885 1342 940 φίλους
1367 879 1603 925 καταλιπών
1631 881 1756 922 natm

260 951 337 1008 τήν
379 951 535 1007 πολλὴν
570 954 798 1005 θεραπείαν
835 950 911 1007 τήν
950 953 1048 1006 περὶ
1077 948 1229 1001 αὐτὸν,
1275 944 1383 990 ὥστε
1409 962 1457 990 σε
1483 945 1596 1001 ἔχειν
1623 941 1704 999 δ’,τι

262 1017 407 1070 βούλει
439 1017 688 1074 χρήσασθαι
735 1017 861 1074 αὐτῷ.
925 1012 1016 1058 ἀλλ’
1042 1014 1188 1068 εἰδώς,
1231 1012 1288 1063 ὥς
1317 1011 1619 1062 ὑποπτεύεται,
1651 1009 1704 1052 οὖ

262 1085 346 1124 τῶν
391 1083 688 1138 εύγενεστέρων
725 1080 849 1135 μόνον
875 1083 1011 1123 πείσει
1037 1078 1215 1130 πολλοὺς
1240 1079 1497 1132 ὑποσχέσεσι
1522 1075 1596 1118 καί
1622 1077 1703 1118 δω-

262 1151 379 1203 ρεαῖς
413 1145 604 1201 μεγάλων
641 1148 844 1202 ‹lya-9522,
893 1144 1003 1189 α’λλιὶ
1038 1148 1112 1187 καί
1145 1142 1343 1201 στρατιὰν
1381 1139 1549 1185 ἅπασαν
1588 1142 1706 1199 αὐτῷ

261 1216 484 1267 προσέχειν
522 1212 834 1268 παρασκευάσει
876 1211 1065 1268 χρήμασι
1092 1212 1363 1267 διαφθείρας.
1418 1207 1528 1262 ἔχων
1555 1209 1602 1249 δὲ
1627 1206 1758 1260 με-ιὸ

262 1276 392 1333 γάλην
440 1278 619 1331 δύναμιν
656 1281 753 1334 περὶ
779 1277 935 1331 αὐτὸν,
974 1279 1025 1319 ου’
1050 1276 1179 1330 μόνον
1214 1276 1321 1331 ἡμᾶς
1348 1272 1447 1323 τούς
1472 1274 1706 1330 ᾑρημένους

261 1345 402 1400 ἐκείνῳ
424 1348 617 1395 πολεμεῖν
633 1346 705 1398 τῆς
735 1345 794 1391 εἰς
821 1343 936 1396 ὑμᾶς
955 1344 1121 1390 εὐνοίας
1147 1343 1265 1383 ἕνεκα
1291 1342 1522 1395 διαφθερεῖ
1533 1339 1704 1396 ῥᾳὸῗως,

263 1407 370 1449 ἄλλα
414 1410 487 1449 καί
521 1407 590 1449 ool
634 1407 706 1449 καὶ
732 1409 916 1461 τέκνοις,
962 1405 1142 1463 μηδενὸς
1178 1408 1254 1448 τοῦ
1279 1406 1533 1459 βοηθοῦντος
1561 1398 1703 1456 ὄντος,

263 1470 312 1514 ὃν
339 1473 455 1530 αὐτῷ
483 1472 636 1528 τρόπον
666 1472 946 1528 λυσιτελήσειν
972 1471 1179 1529 χρήσεται
1208 1470 1419 1526 οἰήσεται,
1447 1468 1573 1510 πᾶσιν
1599 1466 1705 1509 ἐκεί-

262 1553 350 1587 νοις
376 1544 464 1587 τοϊς
492 1538 824 1592 σεμνολογήμασι
853 1540 927 1580 καὶ
952 1544 1043 1587 ταῖς
1072 1537 1249 1584 ἀπάταις
1286 1537 1359 1576 καί
1390 1539 1482 1583 ταῖς
1518 1533 1758 1587 εἶρωνεί-Ξο

125 1603 244 1650 Ρ-417
264 1618 333 1651 αις
366 1604 531 1656 χαίρειν
569 1601 697 1644 εἰπών
724 1604 877 1658 μακρά.
934 1602 964 1645 [2
992 1599 1066 1644 οὖκ
1095 1599 1178 1644 οἶδ’
1203 1599 1313 1649 ὅπως
1340 1596 1388 1641 οὗ
1417 1601 1595 1657 συνορᾷς
1624 1594 1703 1653 αὖ·Ι

264 1666 314 1722 τη
331 1700 342 1719 ,
375 1668 475 1709 ου’δὲ
503 1667 711 1722 σωτηρίαν
740 1665 867 1725 ἑαυτῇ
897 1683 943 1709 τε
972 1670 1044 1710 καί
1069 1670 1224 1717 τέκνοις
1251 1669 1297 1709 ἐκ
1323 1667 1407 1708 τῶν
1434 1664 1609 1708 ἐνόντων
1637 1665 1705 1706 ἔκ-

265 1733 451 1790 πορίζειν
486 1732 660 1787 βούλει,
709 1732 815 1775 α’λλοὶ
848 1734 964 1783 δίκας
1004 1732 1281 1790 ὀνειροπολεῖς
1315 1733 1388 1773 καί
1423 1731 1705 1787 συκοφαντίας

360 1822 391 1855 5.
420 1820 559 1866 ὀλίγον
581 1821 620 1857 Ρ.

265 1916 342 1950 tus,
367 1909 431 1942 sed
457 1910 532 1953 ipsa
558 1921 703 1955 quoque
727 1910 800 1944 vita
827 1910 1066 1956 ignominiose
1091 1921 1132 1944 ac
1154 1909 1294 1945 nefarie
1319 1910 1502 1954 eripietur.
1559 1907 1613 1943 Te
1637 1918 1704 1942 au-

265 1962 339 1990 tem
364 1957 522 1989 admiror
547 1966 785 2001 magnopere,
823 1960 854 1990 si
889 1968 1006 1997 nunc,
1043 1956 1129 1989 dum
1164 1956 1266 1990 abest
1290 1958 1460 1999 Byzantio
1495 1959 1533 1989 et
1563 1954 1702 1988 domari

264 2003 369 2036 nullo
395 2002 518 2034 labore
541 2008 663 2046 potest
693 2003 890 2048 (siquidem
918 2013 1010 2047 quae
1034 2002 1074 2034 in
1098 2012 1180 2035 eum
1206 2003 1389 2036 cuduntur
1415 2002 1574 2047 ignorat)
1608 2001 1702 2036 adeo

266 2048 312 2080 ab
339 2049 446 2081 armis
474 2047 512 2081 in
535 2049 640 2081 illum
666 2050 817 2093 rcfugis3
849 2053 933 2092 post
956 2053 1095 2081 tantum
1120 2059 1202 2081 vero
1230 2050 1407 2094 spatium,
1446 2048 1484 2081 in
1509 2059 1581 2094 quo
1609 2057 1704 2093 quae

265 2105 363 2128 nunc
389 2094 484 2126 dicta
520 2100 623 2135 sunt,
658 2107 777 2129 corum
803 2095 897 2128 nihil
932 2095 1069 2128 nescire
1103 2095 1263 2138 poterit,
1295 2106 1374 2128 cum
1408 2105 1482 2127 non
1516 2094 1623 2139 pauci
1661 2093 1703 2127 in

265 2140 336 2173 hac
360 2139 448 2172 urbe
473 2139 623 2183 degant,
655 2141 719 2185 qui
745 2153 825 2174 cum
854 2140 1041 2184 voluptate
1067 2142 1145 2174 eius
1170 2151 1277 2174 causa
1305 2140 1514 2184 sangninem
1547 2139 1702 2184 prosuae

268 2187 356 2219 dent
381 2191 417 2218 et
441 2187 578 2229 accingi
604 2188 718 2229 parati
743 2187 837 2227 sint,
877 2187 1010 2231 quibus
1038 2187 1102 2220 ille
1136 2187 1362 2231 potissimum
1388 2197 1449 2219 eos
1475 2186 1611 2231 accingi
1635 2196 1703 2220 vo-

267 2232 401 2272 luerit,
433 2243 509 2264 non
533 2231 675 2265 difficile
699 2238 734 2265 te
765 2234 986 2277 superiorem
1012 2234 1087 2266 fore
1109 2233 1270 2267 confidis.
1318 2233 1398 2266 Non
1428 2232 1574 2274 etenim,
1597 2236 1638 2264 ut
1662 2235 1704 2266 et

267 2284 307 2311 tu
333 2282 437 2320 putas
462 2283 499 2311 et
522 2278 585 2310 ille
607 2289 671 2311 nos
699 2279 885 2312 ludificans
910 2279 1076 2319 iactabat,
1101 2281 1151 2313 sic
1167 2281 1377 2323 Byzantium
1402 2279 1549 2319 redibit,
1576 2277 1703 2312 amici·

269 2324 407 2357 relictis
445 2330 481 2357 et
508 2324 641 2369 quibus
674 2325 805 2358 colitur
836 2325 1022 2370 obsequiis
1055 2325 1130 2358 illis
1164 2330 1236 2358 tam
1266 2326 1415 2366 multis,
1445 2331 1486 2359 ut
1523 2336 1605 2358 eum
1634 2323 1704 2369 provv

270 2370 422 2403 arbitrio
446 2375 598 2403 tractare
622 2373 748 2414 possis.
797 2371 868 2404 Sed
891 2383 970 2405 cum
997 2383 1034 2405 se
1066 2373 1272 2415 suspicione
1297 2372 1461 2405 laborare
1485 2371 1596 2410 sciat,
1627 2381 1703 2404 non

268 2415 375 2449 modo
403 2415 447 2449 de
472 2415 716 2450 nobilioribus
741 2418 941 2462 complures
973 2418 1077 2452 donis
1104 2423 1141 2451 et
1173 2419 1356 2462 promissis
1386 2417 1605 2464 magnificis,
1634 2426 1704 2449 ve-

270 2462 462 2496 rumetiam
494 2468 612 2496 totum
651 2465 846 2497 exercitum
886 2465 1077 2508 largitione
1116 2470 1343 2509 corruptum,
1380 2464 1436 2510 gad
1467 2468 1586 2509 partes
1617 2472 1702 2496 suas

270 2508 422 2541 tuendas
449 2509 608 2550 alliciet,
632 2515 668 2542 et
687 2511 850 2554 potentia
874 2511 1013 2555 ingenti
1037 2510 1243 2555 praeditus,
1276 2521 1350 2544 non
1377 2512 1491 2545 solum
1516 2521 1602 2550 nos,
1662 2509 1702 2542 ui

273 2564 353 2586 curn
379 2566 421 2587 eo
437 2579 446 2595 ‚
483 2555 603 2588 studio
633 2567 713 2599 erga
739 2567 801 2590 vos
826 2556 990 2597 adducti,
1023 2555 1122 2591 bello
1147 2556 1364 2591 contendere
1389 2557 1566 2596 dicemur,
1595 2565 1644 2588 nu
1663 2555 1702 2588 lo

270 2601 418 2644 negotio
443 2601 632 2644 concidet3
667 2602 730 2634 sed
754 2602 798 2634 de
822 2608 859 2636 te
884 2613 1029 2648 quoque
1054 2607 1091 2636 et
1116 2603 1220 2642 filiis,
1254 2603 1399 2637 nemine
1439 2607 1560 2636 eontra
1595 2612 1702 2645 opem

273 2645 432 2686 ferente,
467 2648 633 2680 omnibus
658 2649 732 2682 illis
757 2649 909 2693 gloriose
941 2649 1048 2683 dictis
1082 2655 1120 2683 et
1148 2648 1303 2683 fallaciis
1338 2655 1374 2684 et
1407 2646 1703 2683 simulationibus

274 2692 491 2733 valedicens,
517 2704 582 2737 pro
608 2695 861 2729 commoditate
887 2707 952 2728 sua
976 2700 1131 2738 statuet;
1156 2707 1248 2742 quae
1275 2697 1397 2730 nescio
1421 2693 1600 2742 quomodo
1626 2704 1701 2727 non

275 2738 397 2778 vides,
429 2749 497 2772 nec
522 2739 592 2772 tibi
621 2741 818 2787 liberisque
843 2742 994 2775 salutem
1019 2751 1064 2774 ex
1087 2741 1170 2775 data
1203 2743 1472 2788 opportunitate
1507 2738 1703 2785 conciliare

274 2785 346 2826 vis,
372 2784 433 2818 sed
461 2784 595 2820 iudicia
621 2793 657 2821 et
681 2787 879 2822 calumnias
908 2794 945 2823 et
967 2787 1200 2834 probationes
1224 2789 1403 2831 somnias,
1443 2799 1509 2823 nec
1531 2793 1568 2824 te
1592 2785 1702 2820 citius

528 2924 537 2955 f
