1754 3146
255 164 271 197 1
285 165 318 198 Ο
862 162 1136 203 PEmoCl-lA

243 264 389 308 quaerit
407 271 440 296 et
455 257 587 298 litteris
611 262 675 296 sub
703 263 780 297 eius
805 263 950 298 nomine
975 261 1026 296 ad
1045 260 1257 310 pontificem
1278 261 1478 295 Romanum
1498 260 1682 309 confictis,

239 310 443 354 periculum
476 310 512 344 ei
544 321 711 353 magnum
748 310 898 354 conflat.
959 310 1151 343 Clementis
1184 308 1279 343 sexti
1311 319 1529 353 responsum.
1587 305 1690 352 Quid

233 356 410 400 factm-as
439 355 704 400 Apoeauchus,
740 356 773 388 si
804 354 909 391 dolus
937 367 1013 389 non
1039 353 1256 401 procederet
1279 353 1366 399 (87).
1417 353 1548 387 Odium
1572 354 1613 387 in
1635 354 1685 387 it-

240 404 317 435 lum
353 413 549 436 commune.
606 402 714 446 Urget
749 401 1046 450 aedificationem
1073 402 1235 435 carceris
1259 409 1294 434 et
1320 412 1344 434 a
1366 401 1505 434 vinctis
1532 399 1685 433 obtrun-

245 457 361 481 catur.
410 450 615 482 Amicorum
639 455 673 482 et
696 449 821 482 uxoris
845 448 1082 494 Imperatoris
1105 448 1252 481 litterae
1280 445 1324 480 de
1342 447 1421 480 eius
1451 457 1537 480 nece
1561 454 1595 480 et
1622 446 1686 479 in-

240 495 379 528 vitatio
409 496 648 537 Byzantium,
675 495 847 540 urbisque
875 491 1112 540 occupandae
1135 491 1307 527 indicata
1333 490 1569 526 commoditas
1594 491 1685 536 (88).

238 541 370 574 Persae
406 540 514 575 duces
549 539 769 586 persuadent
795 541 1074 579 Cantacuzenm
1099 541 1156 574 uti
1179 540 1303 572 statim
1328 549 1407 572 cum
1432 539 1597 573 omnibus
1622 548 1685 571 co-
1700 542 1709 556 ³

236 588 312 632 piis
339 588 554 630 Byzantium
579 586 717 621 tendat.
770 588 868 622 Uxor
901 586 1112 632 Apocauchi
1148 586 1190 619 in
1213 585 1394 631 Epibatas
1418 587 1563 631 migrat.
1613 586 1685 619 Im-

236 642 389 678 perator
414 635 557 678 culpam
581 634 794 667 amissarum
824 635 966 667 urbium
991 631 1236 667 Macedoniae
1261 633 1302 666 in
1316 632 1447 666 Persas
1468 635 1579 666 duces
1593 642 1683 666 con-

227 682 329 725 fert,
357 679 436 714 cum
461 681 591 727 quibus
615 682 655 713 in
681 678 937 714 Macedoniam
963 678 1071 715 redit.
1116 678 1324 713 Sulimanus
1349 677 1515 711 moritur.
1564 678 1684 712 Amu-

237 727 317 760 rius
349 728 572 770 provinciae
598 737 685 760 suae
710 738 733 760 a
763 727 950 764 Sarchane
974 728 1126 764 timens,
1153 724 1294 759 domum
1324 726 1539 759 revertitur.
1589 724 1681 758 Cra-

235 773 289 807 Ies
313 773 449 808 Pheras
477 782 633 819 occupat
659 781 693 808 et
720 783 757 806 se
782 775 1059 819 Imperatorem,
1089 772 1211 819 filium
1237 772 1381 805 Cralem
1406 771 1570 817 appellat
1592 769 1679 815 (89).

234 821 409 855 ‘Ratatzes
434 821 552 854 iussus
571 819 671 867 fines
696 821 922 862 Byzantinos
947 823 1115 856 incursat
1131 832 1141 852 .·
1174 818 1225 854 ad
1251 819 1516 863 imperatricem
1554 818 1682 851 immo-

235 865 322 901 dica
343 866 495 900 honoris
520 865 692 911 cupidine
718 867 865 901 transit.
926 868 1063 906 Causa,
1095 876 1164 900 cur
1193 864 1416 911 Imperatria:
1451 875 1474 897 a
1502 875 1594 909 pace
1625 863 1681 898 sic

235 913 482 948 abhorruerit.
531 915 710 947 Batatzen
732 913 783 949 ad
799 925 835 947 se
856 923 1033 950 reuocare
1054 914 1286 959 quamobrem
1310 910 1495 944 laborarit
1520 910 1684 956 Impera-

236 967 303 994 tor.
364 960 458 994 Eius
492 960 726 1005 praeclarum
750 958 932 1007 quoddam
960 961 1089 995 visum.
1144 961 1313 992 Batatzes
1339 968 1360 989 a
1392 957 1513 990 Persis
1532 964 1682 1002 propter

233 1008 492 1050 Imperatorem
517 1005 709 1040 occiditur.
757 1007 946 1051 Empyrite
969 1006 1198 1052 imperatrici
1218 1002 1439 1041 transditur.
1487 1001 1685 1049 Phrango·

234 1054 346 1099 putus
376 1050 549 1099 quidam,
595 1053 717 1087 invito
744 1054 967 1098 Imperatore
1002 1055 1042 1087 in
1077 1061 1199 1086 castra
1234 1049 1433 1089 adductus,
1483 1060 1506 1081 a
1537 1053 1682 1084 veneno

236 1110 316 1133 eum
332 1107 459 1132 servat
478 1098 565 1142 (90).
615 1099 807 1134 Hieracem
832 1100 902 1134 sibi
925 1101 1048 1135 moliri
1068 1099 1267 1140 interitum,
1291 1109 1364 1131 non
1383 1094 1498 1132 credit
1512 1096 1685 1141 primum:

234 1157 341 1192 ¹quem
374 1143 505 1178 deinde
527 1145 647 1192 qfs'icii
682 1145 861 1180 admonet.
914 1147 999 1180 Cum
1026 1145 1269 1180 Archontibus
1296 1146 1424 1179 iterum
1449 1149 1490 1176 ut
1510 1141 1680 1187 proditor

236 1192 324 1235 agit.
361 1189 472 1225 ¹’Idem
494 1192 595 1236 facit
630 1192 929 1238 Paraspondylus
954 1202 989 1228 et
1012 1191 1103 1227 duas
1130 1193 1174 1227 ob
1200 1202 1330 1227 causas
1352 1189 1524 1224 Hieracis
1548 1199 1680 1223 nomen

237 1237 289 1272 ad
315 1239 569 1280 Imperatorem
598 1238 725 1286 desert.
776 1241 847 1281 Qui
874 1241 914 1274 in
939 1252 1063 1286 pugna
1087 1240 1326 1278 vulneratus,
1365 1235 1416 1269 ad
1445 1243 1567 1270 castra
1594 1244 1681 1281 per-

236 1283 395 1319 ducitur.
455 1286 670 1327 Byzantium
694 1287 878 1332 profugit;
910 1287 964 1321 ibi
989 1286 1033 1321 de
1065 1284 1176 1320 caede
1206 1282 1442 1331 Imperatoris
1472 1293 1548 1315 non
1579 1281 1680 1316 obita

236 1342 383 1364 causam
410 1329 513 1368 dicit.
563 1331 731 1366 Studiosi
757 1334 993 1380 Imperatoris
1017 1332 1189 1378 Byzantii
1212 1333 1284 1366 iam
1307 1328 1492 1375 manifesti
1522 1327 1574 1361 ad
1599 1338 1679 1363 eum

234 1377 459 1423 perflcgl'unt·
502 1379 654 1422 Hierum
675 1391 793 1424 paene
819 1389 1031 1424 occupatum
1048 1392 1092 1413 ac
1110 1391 1192 1413 moa·
1205 1390 1273 1424 per
1291 1375 1552 1422 negligentiam
1571 1375 1680 1408 amis·-

235 1435 313 1458 sum
334 1425 420 1467 (91).
469 1423 715 1471 Adrianopoli
736 1427 1012 1461 Cantacuzenus
1028 1433 1240 1463 coronatur,
1271 1422 1421 1460 Ioanni,
1440 1421 1681 1467 patriarchae

239 1471 675 1517 Constantinopolitano,
704 1472 748 1505 ab
773 1474 972 1520 episcopis,
995 1475 1218 1519 Imperatore
1242 1476 1448 1511 annuente,
1475 1469 1591 1502 sacris
1614 1469 1679 1501 in-

236 1515 443 1550 terdicitur.
493 1518 674 1553 Primores
687 1527 724 1552 ct>
747 1521 927 1554 exercitus
949 1519 1176 1554 Mattlzaeum
1188 1517 1317 1566 filium
1340 1518 1595 1560 Imperatorem
1618 1514 1679 1549 de-

238 1564 385 1608 signari
416 1573 573 1608 rogant:
608 1564 708 1611 quod
734 1567 939 1612 Imperator
961 1567 1148 1612 sapienter
1172 1572 1318 1599 recusat
1340 1564 1431 1608 (92).
1483 1560 1679 1596 Thessalo-

236 1609 440 1643 nicensium
464 1610 602 1644 caedes.
651 1612 894 1658 Palaeologus
916 1613 1125 1658 praefectus
1152 1624 1175 1645 a
1199 1612 1341 1645 Ioanne
1372 1607 1589 1654 Apocaucho
1621 1608 1680 1641 in«-

235 1655 431 1702 terficitur.
487 1657 698 1691 Zelotarum
726 1660 844 1692 scelus
877 1667 911 1694 et
942 1660 1120 1705 impietas.
1169 1656 1324 1700 Quidam
1348 1666 1471 1690 eorum
1496 1666 1520 1687 a
1542 1655 1678 1700 populo

235 1710 471 1746 mactantur;
505 1715 597 1737 unus
629 1716 696 1749 per
716 1705 839 1750 forum
864 1706 1035 1740 trahitur.
1084 1703 1319 1751 Apocauchus
1347 1712 1414 1749 pro
1449 1702 1680 1735 Cantacuze-

235 1748 321 1782 nico
343 1760 381 1782 se
400 1760 554 1794 gerens,
579 1751 730 1784 Zelotas
747 1752 876 1797 punit.-
902 1751 1140 1799 defectionem
1155 1750 1206 1784 ad
1226 1749 1490 1795 imperatricem
1508 1747 1678 1781 simulat-⁵.-

231 1802 339 1840 patre
361 1803 503 1829 mortuo
523 1805 647 1841 aperte
675 1799 931 1832 Cantacuzeno
946 1799 1083 1845 flavet.-
1117 1797 1411 1831 Thessalonicam
1433 1793 1488 1833 ei,
1516 1794 1677 1828 concilio

237 1839 486 1886 stff'agante‚
523 1842 639 1876 tradit
673 1843 760 1887 (93).
808 1844 867 1878 Ad
893 1846 1185 1879 Cantacuzenum
1199 1842 1322 1888 legati.
1361 1842 1547 1883 Quaenam
1563 1839 1679 1874 Thes-

238 1888 488 1922 salonicenses
515 1889 641 1937 afilio
672 1891 748 1924 eius
771 1899 935 1936 petentes
956 1891 1197 1935 impetrarint.
1247 1887 1412 1922 Andreas
1431 1886 1677 1930 Palaeologus

236 1942 274 1968 et
296 1935 451 1968 Cocalas
467 1937 637 1981 populum
659 1936 710 1970 ad
724 1949 825 1970 arma
843 1937 1054 1971 sollicitant.
1106 1934 1346 1981 Apocauchus
1364 1942 1398 1968 et
1416 1932 1510 1966 socii
1527 1944 1678 1968 carcere

238 1991 284 2014 ac
307 1982 390 2014 vita
414 1982 627 2020 multantur.
663 1985 848 2017 Humanas
868 1983 977 2026 adeps
996 1981 1205 2017 comeditur.
1254 1980 1462 2015 Matthaeus
1475 1977 1578 2024 filius
1600 1991 1676 2013 rem

238 2035 369 2061 contra
399 2029 594 2063 Hieracem
617 2030 657 2062 in
691 2030 851 2064 Thracia
865 2029 1037 2075 feliciter
1062 2030 1158 2071 gerit
1186 2029 1272 2074 (94).
1321 2024 1543 2060 Patriarcha
1575 2027 1676 2060 Con-

237 2074 591 2119 stantinopolitanus
612 2087 635 2107 a
651 2088 750 2120 papa
775 2075 1005 2115 declaratus,
1042 2077 1216 2119 Smyrnae
1240 2076 1283 2108 ab
1310 2074 1459 2109 Amurio
1481 2072 1674 2110 Persarum

236 2128 403 2166 satrapa,
440 2121 636 2165 iugulatur.
668 2122 751 2155 Chii
769 2123 943 2166 compulsi
965 2122 1212 2156 Genuensibus
1237 2134 1273 2155 se
1295 2121 1445 2155 dedunt.
1471 2119 1674 2153 Phaceola-

235 2174 308 2205 tus,
337 2174 446 2211 capta
467 2168 538 2200 iam
564 2167 665 2208 Chio,
693 2179 771 2201 cum
795 2169 1004 2202 triremibus
1020 2170 1093 2201 suis
1118 2170 1334 2212 Byzantium
1353 2165 1473 2201 redit:
1505 2168 1675 2200 Genuen-

237 2224 310 2245 sem
342 2213 552 2246 onerariam
580 2215 781 2258 intercipit.
829 2216 1048 2257 Imperatrix
1065 2216 1247 2258 Mpalr‘cis,
1276 2212 1673 2258 Carbonaeprincipis,

238 2270 339 2302 opem
363 2260 543 2303 impetrat.
589 2261 679 2294 Eius
690 2261 852 2306 fi‘atrem
873 2262 1141 2307 ATomprotizam
1163 2263 1343 2296 exercitus
1366 2259 1522 2295 Romani
1547 2258 1674 2294 ducem

227 2304 342 2350 facit.
370 2305 533 2339 Orcbani
551 2306 757 2346 Theodora,
772 2308 1011 2352 Imperatoris
1030 2308 1138 2355 filia,
1169 2308 1268 2353 apud
1285 2307 1486 2350 Selybriam
1504 2306 1673 2340 solenni-

240 2351 305 2383 bus
338 2362 415 2384 cum
455 2353 688 2387 caerimoniis
712 2362 858 2397 nuptum
887 2354 1049 2388 traditur
1118 2354 1291 2389 Eiusdem
1319 2361 1508 2387 matronae
1534 2352 1672 2387 eximia

236 2397 360 2431 virtus
381 2397 464 2442 (95).
514 2400 765 2445 Speculatores
785 2401 951 2433 submissi
981 2412 1026 2434 ex
1054 2401 1212 2435 Ponticis
1230 2401 1399 2439 urbibus,
1428 2411 1581 2446 quorum
1607 2399 1670 2432 in-

239 2442 337 2476 dicio
361 2444 518 2477 sicarius
546 2445 841 2490 deprehenditur.
891 2449 1109 2490 Imperatrix
1135 2446 1185 2480 ad
1203 2447 1412 2482 Sarchanis.
1439 2445 1578 2488 Lydiae
1605 2457 1669 2479 sa-

238 2497 382 2532 trapae,
405 2492 581 2524 auxilium
606 2492 779 2539 confugit.
808 2494 949 2526 Amurii
966 2493 1096 2527 techna
1126 2493 1177 2526 ad
1197 2491 1479 2527 succurrendum
1504 2494 1668 2538 Impera-

234 2535 318 2568 tori.
367 2536 499 2571 Persae
523 2549 545 2569 a
562 2539 760 2583 perfidioso
779 2539 881 2582 facto
904 2539 1082 2573 cohibiti:
1116 2541 1243 2574 obvios
1264 2541 1412 2586 capiunt
1437 2547 1471 2573 et
1492 2539 1668 2584 spoliant,

235 2582 356 2615 Duces
376 2593 499 2615 eornm
527 2584 570 2616 ab
594 2586 811 2630 Imperatore
837 2587 1013 2619 convivio
1037 2588 1295 2630 excipiuntur:
1326 2587 1425 2632 iique
1449 2593 1666 2630 praeterna-

237 2628 407 2665 rixantes
427 2638 460 2662 et
480 2632 732 2665 conviciantes
759 2633 952 2672 Byzantios
972 2634 1117 2676 sagittis
1139 2642 1273 2677 petunt.
1326 2632 1508 2675 Byzantii,
1539 2643 1664 2665 eorum

237 2673 439 2712 db’flwtione
460 2686 667 2720 perspecta,
702 2677 864 2712 redeunt.
923 2679 1081 2711 Donatis
1104 2678 1268 2718 ducibus,
1287 2679 1417 2714 Persae
1440 2676 1580 2711 domum
1602 2690 1664 2711 re-

237 2719 454 2754 mittuntur:
485 2723 658 2755 Moesiam
680 2723 976 2768 depraedantur:
996 2727 1198 2768 Imperator
1216 2734 1418 2760 excusatur.
1461 2725 1515 2758 De
1535 2725 1665 2758 Roma-

238 2767 297 2799 nis
322 2765 482 2802 hostibus
501 2777 535 2803 et
563 2771 771 2805 auctoribus
793 2772 966 2806 malorum
990 2774 1146 2806 omnium
1175 2774 1300 2819 gravis
1319 2772 1548 2817 querimonia
1571 2771 1664 2816 (96).
