1800 3146
283 186 398 253 446
597 202 601 212 ’
827 206 1197 251 CANTACUZEM

90 307 174 344 ΑΒ.
190 308 274 353 1343
284 302 538 362 ,,εὗλογητός
555 303 579 346 ’ὅ
599 305 697 356 θεὸς
714 303 735 349 ὅ
751 306 811 362 μὴ
830 310 965 351 θέλων
975 308 1047 352 τὸν
1066 307 1248 352 θάνατον
1262 312 1335 352 τοῦ
1351 309 1618 366 ἅμαρτωλοῦτ,
1637 308 1723 352 ὥσ-

281 388 325 414 τε
342 373 596 427 ἐπιστρέψαι
612 373 685 415 καί
701 375 778 430 ζῇν
796 373 939 417 αὐτόν.
967 373 1034 417 ὅτι
1048 377 1125 428 μὲν
1142 376 1219 431 γάρ
1239 377 1373 423 κακῶς
1393 377 1552 432 σεαυτῷ
1567 375 1722 427 ὁμοίως

283 437 357 479 καί
371 443 453 488 τοῖς
473 434 610 487 ἄλλοις
630 437 867 492 ἐβουλεύσω
889 439 963 482 τὸν
982 439 1190 496 ἐμφύλιον
1212 439 1390 494 πόλεμον
1410 439 1645 495 κεκινηκώς,
1670 440 1721 482 οἷς·

157 504 191 539 Ρ.
206 506 274 540 600
286 501 467 558 θετήσας
486 505 564 557 μὲν
584 499 734 558 ὅρκους
760 503 857 554 τούς
876 503 981 561 πρὸς
1009 507 1184 559 βασιλέα
1209 508 1280 548 καί
1301 503 1373 561 τήν
1395 508 1540 562 φιλίαν
1566 505 1723 561 ἐκείνην

282 567 357 624 τὴν
371 565 633 623 θαυμαστὴν,
658 567 735 624 ὑφ’
757 564 807 624 ἧς
826 573 923 626 παρ’
943 568 1039 612 ὅλον
1058 569 1127 613 τὸν
1146 570 1303 613 ἐκείνου
1320 572 1411 623 βίον
1438 571 1598 612 πολλῶν
1620 570 1747 612 dne-5

281 638 443 683 λαυσας
467 636 539 676 καί
556 632 748 689 μεγάλων
768 634 953 689 ἀγαθῶν,
979 635 1053 677 καί
1068 641 1155 684 τοῖς
1172 634 1315 677 παισίν
1335 637 1634 689 ἐπιβουλεύσας
1649 650 1722 677 πε·-

283 704 330 757 ρί
345 703 420 755 τῆς
440 700 584 756 ἀρχῆς,
607 705 692 748 τοῖς
706 699 935 753 Ῥωμαίοις
953 703 999 743 δὲ
1020 703 1183 743 πολλῶν
1200 700 1273 742 καί
1287 701 1479 756 μεγάλων
1497 699 1626 749 αἴτιος
1643 717 1719 742 κα·-

281 769 425 822 τέστης
453 767 698 822 συμφορῶν,
718 760 775 808 ὧν
803 766 873 808 διὰ
899 768 1078 822 μέγεθος
1101 768 1194 809 οὐδ’
1207 765 1245 809 οἱ
1263 768 1307 809 ἐν
1325 768 1538 820 ἐσχατιαῖς
1556 767 1718 808 οἰκοῦν-

278 849 344 882 τες
366 833 441 887 γῆς
463 831 638 886 ἀνήκοοί
659 833 765 874 εἰσιν
776 865 789 885 ,
813 832 902 873 οὐδ’
918 832 1045 883 αὐτὸς
1065 834 1237 888 ἀγνοεῖς.
1270 830 1410 887 ἐπειδὴ
1428 834 1473 874 δὲ
1487 834 1570 874 τῶν
1583 835 1721 874 τετολ-1

279 899 474 953 μημένων
493 899 552 945 εἰς
569 899 844 952 συναίσθησιν
864 897 999 940 ἐλθών
1018 898 1090 940 καί
1107 901 1189 940 τῶν
1209 895 1377 939 οἷτόπων
1396 895 1694 953 ἐπιχειρήσεων
1706 907 1775 948 ,10

279 964 459 1005 σεαυτοῦ
481 961 743 1017 κατεγνωκώς
761 963 1045 1019 μετεμελήθης
1066 963 1139 1005 καί
1151 963 1425 1019 ὖποστρέφεις
1449 964 1597 1015 καλῶς,
1621 958 1721 1004 ὅθεν

237 1040 264 1074 Β
275 1030 443 1084 ἐξῆλθες
456 1029 604 1080 κακῶς,
619 1026 693 1082 τήν
707 1030 922 1082 βασιλείαν
941 1030 1066 1071 αἰτῶν
1084 1026 1457 1071 α’ποσκευάσασθαι
1470 1027 1543 1069 καί
1558 1029 1617 1076 εἰς
1636 1026 1720 1069 2&-

278 1094 388 1138 ώτου
411 1096 553 1149 σχῆμα
569 1097 832 1148 μεταβαλεῖν,
851 1091 988 1150 ὥσπερ
1011 1091 1193 1150 ἀκριβῶς
1211 1095 1408 1148 ἐξεγένετο
1421 1097 1576 1147 μαθεῖν
1600 1095 1716 1148 παρά

275 1162 349 1222 τοῦ
364 1160 647 1214 περιποθήτου
663 1158 736 1200 καί
746 1158 1027 1214 γνησιωτάτου
1044 1162 1101 1217 τῷ
1111 1160 1315 1217 κρατίστῳ
1337 1159 1410 1200 καί
1425 1158 1526 1216 ἁγίῳ
1536 1174 1619 1212 μου
1639 1159 1717 1199 αυ’-

273 1224 489 1281 τοκράτορι
530 1226 604 1266 τοῦ
638 1223 822 1278 μεγάλου
861 1223 1034 1279 δουκὸς,
1079 1223 1206 1273 αὐτός
1235 1241 1278 1267 τε
1303 1225 1452 1279 ἡδονῆς
1481 1220 1772 1280 ἐπλήσθην,15

273 1286 374 1346 ὅσης
401 1291 472 1332 ἐπὶ
495 1295 579 1338 τοῖς
606 1289 809 1338 τοιούτοις
840 1289 972 1343 εἰκὸς,
1027 1291 1101 1332 καί
1127 1287 1151 1345 ἦ
1180 1293 1256 1331 τοῦ
1286 1291 1390 1330 θεοῦ
1416 1291 1612 1343 ἐκκλησία
1639 1287 1717 1338 τὰς

271 1353 457 1411 ἀγκάλας
495 1353 627 1410 αὐτῆς
656 1355 903 1406 διανοίξασα
919 1388 930 1406 ,
964 1356 1138 1409 δέχεταί
1162 1371 1210 1397 σε
1236 1353 1342 1407 μετὰ
1371 1351 1507 1409 πάσης
1533 1370 1717 1408 πνευμα-

273 1423 391 1476 τικῆς
418 1419 583 1476 ἀγάπης
612 1422 685 1462 καί
710 1421 878 1475 ἡδονῆς,
906 1420 980 1462 καί
1006 1418 1103 1462 ὅσον
1129 1415 1246 1461 οὔπω
1275 1417 1387 1474 ἥξειν
1411 1418 1485 1460 καί
1509 1421 1556 1461 σὲ
1586 1435 1714 1475 προσ-

271 1488 458 1539 δοκῶμεν
478 1488 538 1535 εἰς
555 1486 683 1541 ἡμᾶς,
715 1485 764 1527 ἵν’
796 1485 905 1537 ὁμοῦ
933 1501 977 1526 τε
1005 1483 1030 1541 ἦ
1063 1486 1142 1526 τοῦ
1166 1485 1378 1536 ἐπιτιμίου
1398 1484 1518 1534 λύσις
1535 1486 1715 1540 γένηται,

279 1546 315 1610 ᾧ
339 1550 678 1606 καθυπεβλήθης,
710 1549 783 1592 καί
808 1547 1003 1606 ἀλλήλοις
1031 1553 1304 1605 συνησθαῖμεν
1330 1547 1435 1591 κατὰ
1461 1548 1508 1591 τὸ
1539 1546 1771 1604 ἄρχαῖοναο

143 1624 260 1671 v-481
279 1615 377 1666 ἔθος
413 1613 724 1671 ὃμιλῆσαντες.”
779 1618 953 1658 τοιαῦτα
988 1618 1066 1669 μὲν
1104 1614 1262 1671 ἔγραφε
1289 1616 1362 1656 καί
1381 1613 1405 1656 ὅ
1435 1615 1713 1671 πατριάρχης.

274 1681 314 1725 οἱ
345 1683 540 1738 πρέσβεις
569 1683 615 1723 δὲ
643 1683 736 1723 ἐπεὶ
773 1684 1012 1739 Παμφίλου
1042 1677 1149 1736 ἄχρι
1171 1677 1320 1736 ἦλθον,
1356 1683 1592 1733 πέμψαντες
1618 1680 1714 1735 ἐδή-

270 1752 371 1790 λουν
399 1750 586 1801 βασιλεῖ’,
632 1745 687 1796 ὥς
716 1745 855 1802 ἥκοιεν
880 1748 958 1801 μὲν
985 1749 1056 1790 ε’πί
1079 1748 1297 1804 πρεσβείᾳ,
1330 1749 1640 1800 προσταχθεῖεν
1665 1748 1714 1788 δὲ

233 1817 262 1851 C
275 1811 390 1870 παρὰ
431 1814 513 1855 τῶν
548 1813 820 1870 πεπομφότων
830 1846 843 1866 ,
881 1811 937 1868 μὴ
967 1816 1143 1868 βασιλέα
1182 1809 1501 1868 προσαγορεύειν
1540 1812 1585 1854 ἐν
1619 1816 1715 1861 ταῖς

368 1913 394 1936 ι.
421 1892 488 1936 τόν
512 1911 582 1933 om.
600 1898 635 1932 P.
732 1911 791 1934 22.
810 1899 1035 1946 Παμφύλου
1061 1898 1095 1932 Ρ.

273 1980 373 2010 erat:
410 1972 627 2007 Benedictus
661 1973 780 2014 Deus,
824 1973 888 2019 qui
927 1984 1002 2006 non
1040 1973 1119 2006 vult
1148 1975 1298 2005 mortem
1325 1973 1545 2016 peccatoris,
1577 1972 1639 2006 sed
1668 1976 1710 2006 ut

272 2023 384 2067 magis
418 2024 647 2054 convertatur
680 2025 717 2053 et
750 2020 858 2054 vivat.
916 2019 1034 2064 Quam
1069 2019 1164 2052 male
1197 2017 1242 2051 de
1275 2023 1311 2051 te
1351 2019 1508 2064 aliisque
1533 2019 1710 2054 merueris

270 2068 371 2101 hello
406 2068 446 2100 in
479 2066 547 2099 hac
578 2076 650 2099 una
689 2066 889 2112 eade-mque
921 2071 1027 2111 gente
1052 2067 1227 2104 excitato,
1266 2065 1435 2099 violando
1463 2066 1706 2099 iuramentum

270 2114 480 2159 imperatori
510 2118 651 2145 mortuo
691 2113 837 2152 datum,
866 2118 904 2147 et
926 2112 1085 2146 amicitia
1107 2112 1169 2143 illa
1198 2121 1341 2156 prorsus
1367 2111 1555 2155 singulari,
1578 2110 1704 2154 (unde,

271 2160 395 2208 quoad
425 2160 491 2193 ille
520 2159 633 2199 vixit,
664 2160 787 2193 multis
819 2159 1031 2204 magnisque
1065 2157 1172 2191 bonis
1203 2162 1327 2190 auctus
1357 2158 1426 2199 es‚)
1450 2168 1491 2190 ac
1515 2158 1600 2192 filiis
1624 2158 1704 2191 eius

269 2218 336 2252 per
369 2207 520 2240 insidias
552 2205 742 2249 imperium
767 2205 929 2239 conando
965 2206 1127 2250 eripere:
1163 2215 1342 2249 quamque
1369 2206 1544 2238 Romanos
1580 2205 1704 2238 multis

271 2259 315 2287 et
348 2253 436 2286 diris
471 2250 736 2285 calamitatibus
772 2252 987 2292 involveris,
1019 2261 1167 2296 quarum
1203 2251 1413 2294 gravitatem
1446 2251 1555 2284 etiam
1579 2251 1700 2284 ultimi

271 2303 446 2333 terrarum
472 2299 560 2331 fines
586 2297 825 2340 audiverunt,
852 2309 926 2332 non
955 2303 991 2331 te
1016 2297 1118 2340 fugit.
1167 2297 1210 2329 At
1238 2296 1301 2329 ubi
1327 2296 1528 2330 facinorum
1555 2302 1699 2331 tuorum

270 2346 491 2380 conscientia
522 2344 755 2389 perstrictus,
795 2344 1046 2388 damnatisque
1085 2342 1231 2376 ausibus
1263 2354 1284 2375 a
1320 2343 1458 2377 ratione
1490 2343 1633 2384 alienis,
1658 2342 1704 2376 ad

269 2392 536 2438 poenitentiam
560 2396 597 2424 te
617 2391 774 2431 dedisti,
798 2396 837 2424 et
858 2390 954 2424 unde
977 2389 1070 2423 male
1097 2390 1251 2430 exivisti,
1274 2389 1400 2422 eodem
1424 2389 1518 2424 hene
1543 2394 1704 2423 reverte-

270 2439 343 2480 ris,
367 2438 521 2483 imperio
544 2441 581 2471 te
605 2437 773 2471 abdicare
798 2438 945 2482 cupiens
988 2447 1028 2469 ac
1063 2434 1107 2468 de
1145 2441 1263 2469 cetero
1289 2437 1399 2469 vitam
1423 2437 1597 2481 privatam
1623 2437 1702 2468 exi-

271 2497 380 2530 gere,
407 2483 709 2530 quemadmodum
732 2485 923 2529 perspicue
949 2482 1096 2528 cognovi
1121 2493 1141 2513 a
1165 2494 1291 2527 magno
1319 2482 1433 2522 duce,
1468 2482 1531 2528 qui
1563 2483 1701 2526 optimo

271 2537 310 2564 et
335 2531 574 2564 sacratissimo
609 2529 816 2575 imperatori
849 2534 972 2563 nostro
1005 2528 1281 2562 amabilissimus
1315 2540 1355 2562 ac
1378 2529 1604 2562 fidelissimus
1630 2534 1704 2570 est,

271 2582 311 2611 et
334 2579 412 2622 ipse
438 2578 601 2623 expletus
635 2588 712 2610 sum
737 2580 837 2610 tanto
867 2575 1023 2621 gaudio,
1057 2582 1192 2620 quanto
1220 2586 1276 2608 me
1303 2575 1341 2608 in
1360 2576 1506 2620 negotio
1529 2574 1702 2608 huiusce-

270 2623 369 2657 modi
394 2624 531 2668 expleri
556 2623 695 2662 decuit,
724 2627 761 2657 et
785 2623 853 2656 Dei
878 2623 1028 2656 ecclesia
1053 2620 1168 2655 obviis
1194 2622 1289 2654 ulnis
1315 2632 1394 2655 cum
1417 2622 1513 2655 omni
1551 2620 1700 2654 caritate

271 2673 310 2703 et
344 2670 573 2704 iucunditate
611 2668 791 2714 spirituali
827 2674 864 2702 te
898 2668 1172 2722 complectitur3
1214 2674 1388 2713 tuumque
1427 2667 1618 2702 adventum
1652 2667 1700 2700 ad

269 2726 335 2750 nos
359 2716 399 2748 in
427 2715 503 2749 dies
531 2721 797 2761 exspectamus,
821 2725 893 2762 quo
918 2720 956 2749 et
978 2713 1112 2748 mflicta
1136 2725 1253 2759 poena
1278 2714 1429 2754 leveris,
1454 2719 1492 2748 et
1515 2713 1698 2747 vicissitu-

272 2762 358 2795 dine
393 2772 596 2796 sermonum
624 2773 689 2806 pro
714 2763 827 2796 veteri
854 2759 1114 2794 consuetudine
1147 2772 1211 2794 nos
1235 2760 1466 2794 oblectemus.
1515 2760 1608 2794 Haec
1631 2770 1698 2803 pa-

271 2806 433 2844 triarcha.
480 2808 606 2854 Legati
627 2808 813 2855 Pamphilo
837 2808 1089 2856 imperatorem
1102 2806 1388 2843 Cantacuzenum
1409 2817 1516 2853 super
1542 2805 1698 2844 adventu
