1800 3138
264 158 375 225 224
758 171 1151 214 ‘CANTACUZENJ

67 274 368 334 ,Λ.ῦ.134αῆσαν
396 270 548 328 ἄπειρα
576 275 634 332 τῷ
661 274 822 328 πλήθει.
876 273 903 327 ἤ
934 271 1098 325 βασιλίς
1126 271 1172 312 δὲ
1200 269 1327 312 πολλὰ
1356 270 1549 320 πολλάκις
1584 273 1681 326 περὶ

259 342 422 398 εἰρήνης
465 338 569 395 πρὸς
607 336 869 393 πατριάρχην
909 334 1102 384 καὶτοὺς
1130 333 1282 384 ἄλλους
1307 337 1389 376 τῶν
1424 335 1678 389 πραγμάτων

262 404 463 461 ἄρχοντας
490 407 782 457 διαλεχθεῖσα,
822 402 942 443 ου’δὲν
970 401 1124 442 ἄνῦσαι
1150 403 1233 441 τῶν
1262 398 1435 442 δεόντων
1462 397 1680 455 ἠδυνήθη,

224 473 426 519 εέκείνων
470 466 549 524 ἤδη
589 467 693 510 κατὰ
721 464 865 523 κράτος
910 469 1050 508 πᾶσαν
1077 463 1309 519 ἐσχηκότων
1335 463 1411 519 τήν
1439 463 1574 520 ἀρχὴν
1609 463 1686 506 καὶ,

259 537 347 578 οὐδ’
375 531 516 591 ἄκροις
561 528 641 575 ὦσί
671 531 745 587 τὴν
772 529 933 587 εἰρήνην
962 532 1326 586 παραδεχομένων.
1378 533 1450 572 τοῦ
1475 532 1607 571 δοκεῖν
1633 522 1712 573 δὲὸ.

259 595 399 643 δίκαιά
431 615 476 640 τε
515 598 622 652 ὁμοῦ
648 597 721 639 καί
745 598 931 650 βασιλίδι
969 594 1040 636 καί
1062 598 1207 651 σφίσιν
1235 596 1377 644 αὐτοῖς
1416 596 1682 650 συμφέροντα

259 665 500 719 αἱρεῖσθαι,
543 662 827 710 κατασκόπους
867 662 996 715 δῆθεν
1023 662 1329 714 προπέμποντες
1369 658 1473 715 πρὸς
1510 663 1682 702 Καντα-

258 727 453 784 κουζηνὸν
477 728 549 770 τὸν
578 729 775 781 βασιλέα,
804 724 948 767 ἔπειτα
975 722 1275 778 ὑποδεχόμενοι
1305 723 1566 776 ἐπανιόντας,
1595 725 1682 768 εἰσ-

258 797 357 850 ῆγον
384 793 488 849 πρὸς
514 794 708 846 βασιλίδα
731 823 744 845 ,
796 787 903 834 ἄλλα
945 806 989 832 τε
1014 788 1143 831 πολλὰ
1175 790 1330 831 ἐκείνου
1366 790 1681 842 καταψευδομέ-

259 875 356 908 νους
382 859 454 899 καί
483 856 540 906 ὥς
570 853 813 912 ἀναφανδὸν
849 854 948 909 πρὸς
987 854 1084 903 τούς
1112 852 1310 902 συνόντας
1355 855 1734 909 μεγαληγοροιή,ιο
1786 898 1791 905 ⁸

260 925 342 977 ὥς,
372 925 411 964 εἰ
439 923 689 978 περιγένοιτο
719 923 763 963 ἐν
790 922 848 977 τῷ
872 922 1059 974 πολέμῳ,
1085 920 1281 971 βασιλίδα
1309 920 1386 971 μὲν
1413 917 1482 959 καὶ
1507 920 1684 971 βασιλέα

127 999 248 1044 V.379
262 988 332 1031 τὸν
360 986 454 1030 υἱὸν
483 989 699 1029 α’ποκτενεῖ
718 985 876 1038 μόνον,
923 982 1129 1037 ἀτιμάσας
1168 985 1317 1038 μηδέν·
1359 983 1596 1039 πατριάρχῃ
1637 984 1684 1025 δὲ

262 1053 335 1096 καί
359 1058 443 1102 τοῖς
470 1047 632 1104 ἄλλοις,
663 1051 705 1093 οἳ
730 1050 801 1093 τὸν
829 1049 1012 1106 παρόντα
1042 1046 1216 1101 πόλεμον
1243 1043 1411 1103 ἤγειραν
1436 1050 1574 1106 αὐτῷ,
1608 1063 1684 1101 με-

216 1118 312 1166 Βτὰ
343 1117 497 1167 πολλάς
525 1118 658 1167 αἰκίας
687 1115 937 1172 έφύβριστον
963 1114 1035 1156 καί
1059 1113 1298 1168 βιαιότατον
1325 1113 1504 1156 θάνατον
1529 1112 1684 1164 ἐπάξει.

262 1186 306 1227 οἳ
327 1182 400 1226 καὶ
423 1188 507 1231 τοῖς
536 1183 764 1235 λεγομένοις
792 1183 836 1223 ἐκ
868 1177 1132 1235 συνθήματος
1159 1177 1289 1227 εὐθυς
1315 1176 1538 1234 παρόντες,
1568 1176 1738 1232 μεγί-ι5

262 1265 361 1304 στην
405 1245 618 1303 πρόφασιν
662 1247 876 1287 ἐποιοῦντο
912 1245 988 1286 τοῦ
1024 1241 1083 1297 μή
1116 1241 1324 1285 δύνασθαι
1354 1242 1460 1299 πρός
1498 1244 1686 1284 κίνδυνον

262 1315 456 1357 τοσοῦτον
483 1312 596 1367 σφᾶς
632 1307 784 1358 αὖτοὺς
823 1307 996 1363 ὑπάγειν
1034 1306 1168 1349 ἑκοντὶ
1191 1310 1249 1363 τῷ
1275 1308 1361 1349 κατ’
1387 1309 1551 1349 ἐκείνων
1578 1305 1687 1348 οὕτω

261 1378 495 1434 μαινομένῳ
525 1374 595 1416 διὰ
624 1377 698 1430 τῆς
725 1372 923 1428 δοκούσης
966 1371 1129 1428 εἰρήνης
1174 1374 1490 1427 ἐγχειρίζοντες,
1539 1373 1687 1414 αὐτίκα

262 1459 307 1486 τε
335 1444 586 1497 ἐψηφίζοντο
612 1438 656 1482 τὸ
689 1441 775 1481 δεῖν
795 1439 933 1494 ἐκείνῳ
961 1434 1068 1494 πάσῃ
1095 1439 1257 1494 σπουδῇ
1284 1440 1356 1478 καί
1382 1437 1595 1495 προθυμιζι
1613 1451 1688 1478 πο-

265 1513 431 1561 λεμεῖν,
459 1504 530 1547 καί
555 1505 598 1547 εἴ
619 1506 680 1554 τίς
708 1520 747 1545 τι
771 1504 867 1558 περὶ
900 1504 972 1557 τῆς
999 1500 1098 1556 πρὸς
1125 1504 1276 1543 ἐκεῖνον
1303 1502 1467 1557 εἰρήνης
1489 1504 1740 1557 φθέγξαι-20

265 1588 337 1625 το,
389 1573 584 1624 πολέμιον
624 1570 818 1625 ἡγεῖσθαι
859 1568 931 1608 καί
971 1564 1112 1608 αὐτόν.
1167 1565 1258 1608 ἐπεὶ
1291 1567 1338 1608 δὲ
1375 1565 1569 1620 βασιλεὺς
1594 1582 1645 1616 τε,
1664 1565 1688 1607 ἆ

267 1634 615 1690 Καντακουζηνὸς
642 1634 929 1688 ἐξεστράτευσε
955 1632 1058 1688 πρὸς
1083 1630 1160 1686 τὴν
1188 1628 1365 1687 ἑσπέραν
1391 1634 1463 1674 καί
1482 1629 1691 1678 'Antinum-2

268 1717 338 1752 κος
373 1700 395 1743 ὅ
441 1702 570 1756 μέγας
606 1698 705 1750 δούξ
745 1697 821 1753 τὴν
846 1700 983 1741 πᾶσαν
1010 1693 1082 1752 ἦγε
1117 1697 1333 1751 Ῥωμαίων
1361 1695 1602 1753 ἡγεμονίαν,
1639 1696 1687 1738 τὸ

363 1834 396 1878 4.
422 1830 577 1867 πάντων
598 1832 632 1866 P.

271 1976 312 1999 ac
334 1974 439 2010 saepe
466 1974 546 1998 cum
572 1962 772 2008 patriarcha
797 1961 1020 2007 reliquisque
1042 1961 1183 2006 imperii
1205 1961 1501 2007 gubernatoribus
1526 1962 1571 1996 de
1601 1973 1691 2008 paee

270 2022 390 2056 agens,
412 2010 498 2054 ipsis
522 2011 591 2043 iam
614 2021 731 2043 rerum
749 2008 973 2053 potientibus
997 2012 1032 2042 et
1052 2017 1073 2039 a
1095 2009 1277 2042 mentione
1299 2010 1395 2053 pacis
1419 2008 1691 2053 refugientibus,

269 2058 366 2092 nihil
393 2068 547 2102 aequum
570 2055 794 2100 impetrabat.
857 2056 994 2089 Tamen
1027 2060 1068 2088 ut
1099 2066 1119 2087 a
1151 2055 1288 2088 iustitia
1322 2066 1397 2088 non
1431 2055 1623 2095 recedere,
1653 2060 1692 2089 et

271 2103 490 2149 imperatrici
514 2114 553 2135 ac
576 2102 722 2135 sibimet
745 2101 946 2134 consultum
981 2101 1072 2135 velle
1098 2101 1412 2142 existimarentur,
1448 2101 1692 2146 exploratores

272 2149 320 2182 ad
350 2148 633 2182 Cantacuzenum
657 2148 806 2181 mittunt
836 2157 968 2192 eosque
997 2157 1150 2181 reversos
1184 2147 1388 2191 excipiunt,
1426 2146 1472 2181 ad
1495 2147 1690 2192 Augustam

271 2195 528 2234 introducunt,
561 2205 641 2227 cum
662 2194 733 2227 alia
756 2193 869 2226 multa
896 2194 934 2225 in
958 2204 1038 2226 eum
1060 2192 1270 2226 mentientes
1285 2217 1294 2233 ,
1330 2198 1404 2227 tum
1440 2193 1539 2238 quod
1571 2193 1694 2239 palam*

272 2244 370 2276 inter
393 2253 474 2274 suos
496 2251 536 2273 ac
558 2240 740 2284 magnifice
764 2241 934 2280 iurasset,
973 2240 1003 2271 si
1030 2239 1189 2279 vicisset,
1212 2239 1311 2271 illam
1335 2250 1413 2272 cum
1436 2239 1510 2272 filio
1534 2240 1691 2284 impera-

273 2293 354 2322 tore
387 2292 486 2320 extra
522 2296 626 2319 omne
665 2286 772 2319 decus
811 2285 912 2318 aliud
939 2285 1134 2319 occisurum
1154 2285 1421 2327 tantummod03
1451 2284 1690 2329 patriarcham

275 2344 355 2367 cum
383 2331 629 2372 consortibus,
675 2332 738 2376 qui
770 2331 839 2365 hoc
873 2332 1008 2365 bellum
1039 2334 1173 2370 contra„
1196 2341 1232 2363 se
1262 2331 1497 2370 conflassent,
1533 2329 1689 2371 fustibus

272 2381 373 2424 prius
399 2378 636 2423 ignominiose
661 2384 871 2422 coopertos,
915 2376 1169 2410 contumeliosa
1192 2381 1228 2408 et
1251 2377 1471 2410 atrocissima
1495 2381 1608 2411 morte
1632 2376 1693 2408 iu-

272 2429 540 2468 terempturum.
589 2424 663 2468 Qui
693 2423 890 2457 narrationi
919 2423 1005 2456 huic
1027 2432 1071 2454 ex
1101 2423 1296 2466 composito
1319 2424 1441 2461 statim
1465 2426 1690 2467 praesentet,

275 2470 361 2502 inde
383 2470 544 2503 velamen
567 2471 758 2503 maximum
788 2468 1032 2513 arripiebant,
1065 2477 1127 2500 cur
1158 2478 1228 2501 non
1255 2475 1401 2512 possent
1429 2469 1467 2501 in
1502 2472 1602 2502 tanto
1629 2466 1690 2500 di·-

274 2516 441 2549 scrimine
465 2520 591 2560 sponte
636 2516 677 2549 in
713 2516 807 2559 ipsos
836 2515 926 2548 adeo
951 2513 1142 2546 insanienti
1167 2523 1203 2545 se
1226 2515 1379 2549 subdere
1408 2517 1444 2548 et
1477 2524 1540 2558 per
1565 2522 1689 2558 pacem

274 2560 427 2593 tradere.
456 2561 582 2594 Statim
611 2561 709 2594 omni
735 2565 863 2594 conatu
887 2571 928 2592 ac
954 2558 1115 2592 lubentia
1139 2559 1194 2592 illi
1219 2562 1324 2594 armis
1348 2559 1623 2598 occurrendum,
1653 2563 1691 2592 et

275 2607 306 2639 si
331 2607 411 2650 quis
436 2606 479 2639 de
503 2618 588 2650 pace
611 2607 757 2640 verbum
786 2607 927 2646 ederet,
955 2605 1119 2639 similiter
1153 2607 1189 2638 in
1226 2607 1339 2640 hostis
1369 2608 1447 2641 loco
1482 2603 1689 2638 habendum

275 2650 476 2686 edixerunt.
524 2651 594 2685 Sed
620 2652 865 2686 Cantacuzeno
892 2662 970 2684 eum
1001 2651 1156 2684 exercitu
1191 2652 1227 2685 in
1254 2653 1475 2686 occidentem
1503 2650 1690 2695 profecto,

275 2697 521 2741 Apocauchus‚
555 2708 699 2741 magnus
734 2698 828 2737 dux,
862 2697 972 2731 totius
996 2697 1138 2741 imperii
1170 2703 1305 2739 rector,
1342 2710 1386 2732 ex
1417 2695 1615 2731 continenti
1650 2705 1694 2731 se

276 2753 381 2789 posse
405 2743 570 2778 resistere
595 2743 829 2788 desperabat:
865 2743 963 2790 quod
985 2748 1025 2776 ut
1052 2742 1117 2777 tali
1149 2742 1349 2781 adversario
1379 2754 1418 2778 se
1448 2742 1593 2778 minime
1623 2752 1690 2790 ιιι-Ι
