1800 3132
283 162 351 216 52
809 180 1179 223 CANTAcUzmi

84 283 514 334 Α.Ο.ι341δομέστικος
556 276 705 335 ἥπτετο
745 281 972 336 προθύμως
1011 284 1094 324 τῶν
1135 278 1411 337 πραγμάτων,
1456 282 1628 336 βεβαίας
1655 279 1706 339 ἤ-

278 348 328 402 δη
357 348 454 400 περί
489 348 572 388 ταῖν
610 344 842 399 μελλόντων
879 345 987 400 ἔχων
1025 346 1102 395 τοὶς
1129 347 1299 396 ἐλπίδας
1327 349 1399 388 καί
1426 344 1549 390 οὐδὲν
1575 346 1705 390 δεινὸν

280 413 480 457 ὖπονοων.

134 481 169 513 Ρ-
196 482 257 526 37¹
385 476 431 527 ζ’.
489 479 562 526 Εἰς
591 476 666 532 τὴν
694 477 918 532 υστεραίαν
938 479 983 519 δὲ
1009 479 1172 520 ἐκέλευε
1198 476 1297 526 τούς
1313 477 1586 532 Ἀλεξάνδρου
1607 493 1708 540 πρε-

129 529 173 567 V·
193 529 253 563 3⁰¹
274 540 453 596 σβευτας
481 544 539 591 εις
563 541 613 584 τὰ
639 545 833 596 βασίλεια
862 542 1079 596 ἐλθόντας,
1107 559 1201 599 περι
1230 558 1287 584 ων
1311 541 1480 598 ἥκουσιν
1505 536 1733 596 ἇπαγγέλ-5

275 612 376 649 λειν.
431 606 468 648 οἱ
512 609 557 650 δὲ
596 602 718 663 ἧκον,
765 624 834 649 και
871 623 970 656 τους
1009 604 1154 662 ὅρκους
1183 606 1376 661 ἔχοντες,
1408 624 1480 656 ους
1510 606 1711 661 βασιλεύς

275 672 382 728 πρὸς
395 672 568 722 Ἀλέξαι
572 674 702 728 δρον
683 673 753 715 επί
771 676 819 730 τῇ
837 672 977 729 εἰρήνῃ
998 674 1190 724 ἐποιεῖτο,
1219 672 1395 729 η’τοῦντό
1415 687 1458 714 τε
1477 672 1620 720 αυτοῖς
1636 669 1708 713 τὸν

237 739 315 771 Β
279 740 486 790 ισμανον
504 732 747 792 ἐγχειρίζειν
766 739 960 791 πολέμιον
977 732 1077 778 όντα
1094 739 1149 778 τιό
1167 740 1354 794 σφετέρα)
1370 733 1587 789 βασιλεῖ’,’
1568 755 1594 792 η
1613 734 1711 785 τούς

275 799 425 857 ὅρκους
459 802 797 857 ἀπολαμβάνειν
829 802 884 851 ὡς
914 794 1053 843 ουκέτι
1081 804 1152 857 τῆς
1180 801 1341 881 εἰρήνης
1368 804 1577 856 ἐσομένης.
1632 819 1711 856 μη-

276 869 323 909 δὲ
367 866 447 923 γάρ
478 863 530 909 ἂν
565 864 671 910 εἶναι
708 870 892 920 δίκαιον,
930 869 1037 923 μηδὲ
1068 866 1235 909 α’νεκτόν
1264 867 1430 944 αὐτοῖς,
1460 865 1611 916 αυτούς
1637 869 1765 920 μὲνιο

275 934 479 989 ἀσφαλεῖς
507 930 614 975 εἶναι
642 935 713 975 καί
737 934 933 986 βεβαίους
962 934 1110 989 φίλους
1152 931 1225 974 καὶ
1252 931 1503 986 συμμάχους
1532 932 1713 985 Ῥωμαί-

275 1009 357 1050 οις,
386 998 568 1048 ἐκείνους
582 999 628 1039 δὲ
648 999 967 1053 παρασπονδεῖν,
983 996 1082 1047 τούς
1101 998 1245 1046 αὐτοῖς
1261 995 1593 1050 πολεμιωτάτους
1609 997 1712 1038 ὓπο-

276 1063 537 1118 δεχομένους.
594 1062 633 1104 οἱ
672 1065 748 1116 μὲν
786 1059 861 1105 οὖν
888 1065 1083 1119 πρέσβεις
1114 1065 1286 1105 τοιαῦτα
1312 1059 1447 1114 εἶπον,
1490 1056 1617 1115 ὄγκου
1641 1062 1714 1104 καὶ

276 1127 543 1185 φρονήματος
582 1130 893 1183 πεπληρωμένοι
937 1127 1008 1170 καί
1045 1125 1144 1170 οῦδὲ
1172 1128 1380 1169 ἀντειπεῖν
1409 1124 1588 1180 οἰόμενοι
1609 1126 1714 1168 Ῥω-

274 1195 459 1247 μαίους,
501 1191 589 1234 ἀλλ’
628 1194 778 1235 αὐτίκα
817 1195 1063 1249 ἐγχειρίσειν
1110 1193 1342 1246 Σίσμανον,
1386 1191 1601 1241 δείσαντας
1636 1190 1766 1234 τὸνῐό

276 1260 460 1311 πόλεμον
486 1257 559 1300 τὸν
586 1258 691 1315 πρὸς
720 1258 887 1308 αὐτούς.
941 1259 967 1314 ἦ
995 1261 1163 1313 βασιλὶς
1200 1260 1246 1300 δὲ
1277 1260 1460 1300 ἐκέλευεν
1480 1257 1623 1306 αὐτοῖς
1641 1255 1713 1298 τὸν

277 1326 409 1378 μέγαν
453 1325 690 1376 δομέστικον
729 1325 1003 1380 χρηματίζειν
1031 1324 1104 1366 καί
1129 1325 1226 1379 περί
1250 1318 1309 1365 ὧν
1336 1324 1524 1364 αἰτοῦσιν
1542 1322 1713 1376 ἀποκρί-

246 1392 448 1431 Ονεσθαι.
506 1387 527 1431 ὃ
564 1391 610 1431 δὲ
646 1392 791 1445 πρῶτα
828 1391 906 1443 μὲν
945 1391 1153 1445 ἐμέμφετο
1183 1389 1342 1441 αὐτοῖς,
1371 1385 1427 1436 ὥς
1456 1388 1530 1428 οὐκ
1559 1389 1624 1443 ἐφ’
1654 1382 1715 1436 οἷς

276 1455 458 1509 προσῆκε
478 1453 551 1510 τὴν
572 1450 716 1511 ἄφιξιν
736 1456 1038 1510 πεποιημένοις.
1093 1453 1178 1496 ἔδει
1196 1453 1273 1508 γὰρ
1291 1453 1467 1505 βασιλέα
1490 1451 1563 1495 τὸν
1581 1452 1713 1505 ὑμῶν,

279 1518 401 1575 φίλον
442 1514 538 1561 ὄντα
579 1523 651 1562 καί
688 1520 848 1575 πατέρα
891 1521 1092 1574 κηδεστοῦ
1139 1521 1197 1577 τῷ
1223 1517 1524 1572 τετελευτηκότι
1551 1521 1768 1570 [emmeno

272 1585 503 1638 Ῥωμαίων,
533 1584 588 1640 μη
621 1591 706 1634 τοῖς
733 1584 889 1626 ἐκείνου
927 1586 1053 1626 παισί
1072 1583 1251 1638 πόλεμον
1277 1585 1443 1638 ἐπάγειν
1476 1581 1546 1624 καί
1572 1579 1716 1623 διαλύ-

280 1665 343 1691 ειν
372 1652 600 1704 πειρᾶσθαι
635 1649 711 1700 τοὶς
740 1649 921 1699 σπονδάς
950 1652 1011 1692 ἐπ’
1040 1652 1193 1699 αἰτίαις
1222 1645 1269 1690 οὗ
1300 1650 1496 1697 δικαίαις.
1551 1647 1642 1689 ἀλλ’
1676 1646 1721 1689 εἴ

281 1730 377 1757 τινα
418 1713 490 1756 καί
525 1712 726 1771 πρότερον
764 1713 852 1770 εἶχε
889 1714 994 1770 πρὸς
1046 1717 1200 1757 ἐκεῖνον
1235 1713 1447 1770 πρόφασιν
1484 1714 1715 1768 διαφορᾶς,

289 1778 451 1835 ταύτην
487 1780 708 1823 καταλύειν
743 1783 818 1823 νῦν
873 1780 947 1823 καί
981 1778 1247 1836 βεβαιότερον
1275 1777 1300 1836 ἢ
1328 1778 1527 1837 πρότερον
1554 1778 1715 1834 φυλάτ-

286 1927 406 1963 catus,
443 1923 612 1968 quoniam
647 1923 986 1968 advesperascebat,
1028 1923 1106 1968 ipse
1141 1923 1284 1957 domum
1326 1921 1511 1955 concessit.
1566 1921 1716 1965 Magnus

286 1968 505 2003 domesticus
543 1971 615 2002 iarn
646 1981 709 2015 spe
740 1970 942 2003 futurorum
975 1970 1080 2003 nixus
1109 1974 1146 2002 et
1170 1969 1264 2002 nihil
1299 1968 1496 2013 quidquam
1530 1967 1716 2001 sinistrum

286 2016 461 2060 opinione
485 2017 733 2060 praecipiens,
760 2015 804 2048 ad
829 2017 971 2060 imperii
995 2016 1292 2059 gubernationem
1316 2015 1476 2050 accessit.

380 2072 411 2106 7
461 2062 636 2095 Postridie
662 2062 854 2096 Alexandri
879 2062 970 2106 regis
995 2062 1128 2106 legatos
1160 2063 1197 2094 in
1228 2062 1403 2106 palatium
1432 2059 1588 2100 accitos,
1627 2060 1717 2105 quid

286 2108 454 2142 venirent
474 2109 717 2153 interrogavit
765 2108 838 2152 Qui
870 2108 1133 2148 iuramentum,
1167 2106 1265 2160 quod
1296 2109 1490 2152 imperator
1515 2107 1716 2140 Alexandro

286 2155 385 2199 pacis
420 2165 502 2199 ergo
535 2154 701 2194 dederat,
734 2153 965 2193 exhibentes,
1002 2158 1124 2198 petere
1156 2154 1283 2194 aiunt,
1317 2158 1381 2186 aut
1412 2153 1613 2186 Sismanum
1645 2153 1718 2186 sibi

288 2201 381 2243 regis
404 2202 460 2233 sui
485 2200 623 2233 hostem
648 2200 753 2241 tradi,
778 2205 841 2233 aut
863 2201 1123 2239 iuramentum,
1156 2204 1197 2233 ut
1222 2211 1309 2244 pace
1334 2201 1402 2232 iam
1436 2199 1560 2239 irrita,
1592 2199 1716 2244 recipi.

289 2246 419 2290 Neque
453 2247 548 2279 enim
581 2247 657 2280 fore
693 2247 827 2279 iustum
862 2253 924 2280 aut
962 2246 1178 2286 tolerabile,
1217 2247 1312 2291 ipsos
1353 2245 1500 2291 quidem
1533 2250 1658 2279 certos>
1680 2250 1719 2279 et

291 2298 494 2326 constantes
518 2294 648 2326 amicos
673 2303 714 2325 ac
741 2293 855 2325 socios
878 2293 1113 2327 Romanorum
1131 2302 1226 2333 esse,
1256 2294 1337 2326 illos
1362 2297 1481 2325 autem
1507 2303 1628 2326 eorum
1651 2291 1719 2325 ho-

293 2343 363 2371 stes
389 2338 648 2374 infensissimos
674 2339 903 2382 recipiendo‚
942 2339 1068 2372 foedus
1091 2339 1235 2372 violare.
1283 2339 1380 2372 Haec
1404 2339 1530 2382 legati,
1563 2338 1657 2371 fastu
1682 2342 1719 2370 et

295 2386 496 2428 arrogantia
521 2386 641 2430 pleni;
680 2384 775 2418 nihil
807 2385 1090 2419 contradicturos
1114 2385 1308 2425 Romanos,
1345 2384 1407 2417 sed
1433 2384 1613 2429 extemplo
1644 2384 1719 2417 sis-

291 2440 435 2462 manum
460 2431 550 2464 belli
575 2437 674 2465 metu
711 2430 913 2465 reddituros
949 2432 1098 2476 opinati.
1146 2432 1358 2475 Imperatrix
1392 2441 1555 2475 magnum
1592 2429 1718 2464 dome-

296 2476 422 2509 sticum
456 2488 533 2510 cum
558 2478 603 2511 iis
631 2487 734 2522 agere
760 2482 796 2510 et
821 2477 867 2510 ad
894 2479 1106 2523 petitionem
1131 2477 1345 2521 respondere
1378 2478 1493 2510 iussit.
1541 2476 1624 2520 Qui
1641 2477 1717 2520 pri-

295 2533 393 2555 mum
419 2524 506 2556 vitio
533 2524 655 2564 dedit,
687 2523 784 2568 quod
808 2535 881 2556 non
918 2526 996 2557 iure
1029 2524 1218 2557 venissent.
1268 2523 1348 2556 Non
1381 2524 1475 2556 enim
1507 2523 1716 2566 oportebat,

296 2569 439 2613 inquit,
469 2580 585 2614 regem
611 2575 782 2611 vestrum,
805 2570 966 2604 defuncti
992 2570 1214 2614 imperatoris
1245 2571 1391 2604 Romani
1425 2570 1576 2602 amicum
1607 2573 1718 2614 atque

296 2624 492 2658 generum,
532 2617 608 2649 eius
630 2615 755 2649 liberis
779 2616 914 2649 bellum
946 2617 1078 2650 inferre
1114 2621 1150 2649 et
1180 2627 1257 2649 cum
1294 2627 1397 2649 causa
1429 2616 1562 2648 iniusta
1595 2616 1718 2648 conari

296 2660 424 2693 foedus
449 2672 623 2705 rumpere.
674 2663 774 2707 Quin
807 2664 837 2696 si
873 2668 977 2696 antea
1003 2663 1184 2707 quippiam
1210 2672 1289 2694 cum
1323 2674 1365 2696 eo
1398 2662 1473 2694 litis
1505 2666 1541 2694 et
1573 2667 1717 2696 contro-

297 2707 433 2740 versiae
461 2707 665 2747 habuisset,
707 2720 782 2741 eam
812 2720 907 2742 nunc
933 2710 1072 2742 missam
1109 2709 1224 2741 facere
1251 2714 1287 2741 et
1311 2708 1438 2742 foedus
1469 2707 1717 2740 iuviolabilius

298 2751 477 2788 custodire
492 2779 504 2797 ,
528 2765 683 2800 eumque
707 2754 833 2790 liberis
855 2756 950 2796 eius,
997 2755 1193 2789 amicorum
1217 2755 1405 2800 praesidiis
1431 2753 1537 2788 modo
1568 2754 1719 2799 potissi-
