1800 3132
525 207 905 253 Hls'romARUM
946 213 1018 252 111.
1060 217 1103 257 ει.
1468 193 1541 248 35

93 311 209 367 λόγον
229 314 303 355 καί
323 304 589 367 δικαιοσύνης
603 330 618 364 ,-
665 313 705 355 εἰ
730 315 866 355 τοίνυν
894 314 1020 355 τοῦτο
1042 315 1173 367 μόνον
1207 308 1378 369 ἤρκεσεν
1415 310 1468 356 ἂν
1490 316 1638 363 elgae.
1658 328 1738 373 ¹34¹

93 378 227 425 πειθώ
245 411 257 432 ,
285 379 378 421 τίνα
409 374 461 420 ἄν
487 377 761 434 εὐπρόσωπον
794 375 1021 434 ἀπολογίαν
1062 376 1283 436 ἆποδοίης,
1326 382 1365 423 εἷ
1404 376 1580 430 αὐτοῦς

93 462 139 487 ’τε
165 442 316 487 τούτου
355 440 430 486 καί
458 446 622 486 πολλῶν
648 442 802 501 ἑτέρων
841 447 1125 502 ἰσχυροτέρων
1162 444 1404 501 παρόντων,
1439 447 1550 488 ἅπα-

95 510 290 566 ραίτητος
318 507 471 567 ὀφθῇς.
504 508 568 551 δίό
588 515 665 551 σου
697 513 875 565 δέομαι,
903 512 1058 566 ταύτης
1089 512 1322 567 ἀποστῆναι
1351 514 1426 568 τῆς
1445 516 1547 566 βου->

69 568 167 631 Ξλῆς
187 576 338 631 καὶμὴ
362 574 612 632 προφάσεως
643 579 762 619 ἕνεκα
782 579 939 633 μικρᾶς
974 579 1050 630 ε’μέ
1077 594 1121 619 τε
1152 578 1225 619 καὶ
1249 581 1419 634 νηπίους
1450 585 1547 620 παῖ’-·

95 642 172 690 δας
201 641 299 691 τούς
324 641 468 696 ἐμούς,
490 639 630 697 ὥσπερ
652 642 697 685 ἐν
719 645 834 700 μέσῳ
858 644 1027 698 πελάγει
1048 647 1152 686 ναῦν
1170 643 1330 699 ἐρήμην
1347 644 1548 700 κυβερνή-

92 723 182 760 του,
209 712 462 750 καταλιπεῖν.
505 705 687 751 άλλέἴτ’
710 704 840 760 αὐτὸς
866 713 1031 766 πρῶτος
1057 710 1343 766 ἐνεθυμήθης,
1371 705 1547 766 ἄκαιρον

90 766 336 829 ἡγήσασθαι
363 776 436 816 καί
459 777 626 830 μυρίων
653 778 864 831 γέμουσαν
890 776 967 831 τήν
982 776 1140 831 βουλήν
1160 780 1320 829 κακῶν,
1351 777 1434 820 εἴθ’
1455 775 1547 818 ἐτέ-

93 855 153 897 ρῳ
198 840 530 894 συμβουλεύοντι
570 842 795 898 ἐπείσθης,
833 841 894 898 μή
931 845 1012 886 τῶν
1052 845 1186 898 φίλων
1225 846 1407 896 ἐκεῖνον,
1455 835 1546 884 ἄλλὁ

44 904 287 958 ἰοέχθιστον
314 905 512 962 ἡγεῖσθαι
550 908 624 949 καί
661 907 735 950 σοί
767 911 846 962 μὲν
887 908 995 963 πρὸς
1032 908 1110 963 τήν
1152 904 1343 950 εὔκλειαν
1374 909 1443 950 καί
1470 907 1548 963 τήν

90 971 235 1026 τιμὴν,
278 971 379 1026 ἡμῖν
413 974 461 1014 δὲ
510 972 618 1028 πρὸς
658 973 791 1030 αὐτὴν
840 974 1169 1028 ἐπιβουλεύοντα
1195 974 1274 1029 τήν
1303 977 1544 1030 σωτηρίαν,

90 1039 321 1093 προσθήσω
361 1039 401 1079 δ’
442 1035 508 1081 ὅτι
545 1041 619 1081 καί
655 1042 761 1083 πᾶσι
799 1047 884 1091 τοῖς
917 1040 1138 1094 Ῥωμαίων
1166 1039 1383 1096 πράγμασι
1413 1042 1546 1097 κοινῇ.

91 1103 171 1158 ἐγώ
202 1104 248 1144 δὲ
276 1105 315 1145 εἰ
341 1105 414 1146 καί
446 1103 506 1160 μή
548 1101 622 1161 ἀφ’
663 1103 816 1160 ἑαυτῆς
855 1105 962 1162 αὐτή
994 1105 1040 1148 τὸ
1074 1109 1166 1149 δέον
1195 1105 1444 1161 συνεώρων,
1486 1104 1541 1154 ὡς
1554 1110 1588 1155 D‘

94 1165 271 1222 οὐδεμία
312 1186 376 1219 τις
413 1168 535 1227 ἑτέρα
576 1175 697 1229 κοινῇ
728 1179 812 1222 τοῖς
851 1175 956 1214 πᾶσι
983 1175 1236 1228 βεβαιοτέρα
1267 1174 1455 1227 σωτηρία
1477 1205 1488 1224 ,
1519 1167 1548 1226 ἢ

45 1236 141 1281 ὶ5σὲ
168 1241 256 1284 τοῖς
283 1236 544 1291 πράγμασιν,
584 1235 724 1293 οἵσπερ
755 1237 829 1280 καί
856 1239 1008 1289 ζῶντος
1034 1240 1260 1292 βασιλέως,
1300 1237 1547 1294 ἐφεστάναι,ἶ

93 1301 138 1350 ἐξ
158 1299 297 1342 αὐτῶν
322 1303 424 1356 γοῦν
451 1305 534 1344 τῶν
565 1307 778 1357 βασιλέως
806 1302 940 1358 λόγων
963 1336 975 1358 ,
1022 1304 1095 1354 οὓς
1123 1306 1221 1360 περὶ
1244 1307 1322 1346 σοῦ
1351 1302 1550 1351 πολλάκις

92 1367 276 1408 ἐποιεῖτο
318 1366 423 1421 πρὸς
473 1370 574 1422 ἐμὲ,
611 1368 797 1422 μάλιστα
837 1372 883 1412 δὲ
929 1369 1010 1426 πρὸ
1055 1362 1126 1425 τῆς
1155 1370 1347 1425 τελευτῆς
1373 1367 1549 1423 μικρὸν,

92 1433 222 1487 ἐχρῆν
249 1438 435 1474 συνεῖναι
461 1433 521 1487 τὸ,
540 1441 746 1478 συνοῖσον.
788 1437 1054 1490 ἀνακείμενος
1081 1436 1162 1491 γάρ
1191 1437 1264 1478 ἐπὶ
1289 1436 1438 1489 γόνασι
1465 1441 1550 1483 τοῖς

93 1499 232 1551 ἐμοῖς,
261 1500 338 1540 σοῦ
372 1500 600 1555 παρόντος,
641 1499 695 1555 ,,ὅ
734 1504 814 1555 μὲν
852 1501 1021 1558 καιρὸς”
1069 1501 1152 1558 ἔφη
1197 1505 1300 1557 »τῆς
1328 1503 1431 1556 ε’μῆς
1460 1498 1550 1556 ἥκει

43 1565 297 1618 Ξοτελευτῆς.
337 1568 384 1607 σὲ
416 1567 462 1607 δὲ
487 1565 573 1621 χρή
601 1574 789 1621 σκοπεῖν,
811 1565 947 1618 -ῧπως
975 1570 1083 1622 ἐμοῦ
1109 1569 1168 1623 μή
1201 1566 1452 1614 ἀπελθόντος
1481 1571 1551 1607 20-

95 1635 259 1682 γισμοῖς
278 1646 387 1671 τισιν
408 1627 436 1684 ἢ
460 1634 532 1672 καί
565 1632 700 1686 λόγοις
728 1635 851 1675 ἐνίων
880 1636 1164 1688 α’πατηθεΐσα,
1187 1631 1313 1690 ἑτέρῳ
1337 1632 1422 1674 τινί
1448 1633 1552 1686 πρό-ι

95 1709 200 1752 σχῃς
227 1693 299 1737 τόν
327 1691 462 1751 ἄνδρα
490 1700 658 1740 τουτονὶ
696 1700 949 1754 διωσαμένη.
1006 1701 1045 1740 εἰ
1074 1697 1152 1754 γάρ
1185 1701 1303 1740 τοῦτο
1334 1698 1551 1751 συμβαίη,

191 1799 231 1832 13
267 1798 316 1836 ὥς
341 1799 422 1832 add.
450 1800 498 1832 M.
603 1801 652 1845 ¹4·
678 1801 885 1849 πράγμασι
912 1811 979 1849 pro·
1004 1805 1101 1837 πᾶσι
1127 1802 1165 1837 Ρ.
1266 1810 1316 1848 19.
1343 1802 1551 1848 παριόντος

187 1845 221 1878 Ρ.
238 1852 275 1880 et
294 1847 365 1887 M.,
391 1846 581 1892 παρόντος
606 1848 650 1883 V.

97 1941 275 1985 rationem
302 1945 469 1984 reputare
496 1940 678 1974 idoneos?
711 1940 748 1974 Si
777 1952 860 1986 ergo
887 1941 956 1976 hoc
979 1942 1167 1976 dumtaxat
1191 1943 1235 1976 nd
1259 1943 1551 1987 persuadendum

97 1987 296 2028 Sufficeret‚
331 1998 460 2032 quem,
499 1987 653 2028 amabo,
687 1987 912 2022 defensionis
937 1990 1093 2022 colorem
1121 1990 1294 2030 habebis,
1320 1992 1349 2022 si
1378 1991 1446 2024 hoc
1470 1992 1548 2034 ipso

97 2035 296 2079 multisque
331 2039 516 2078 praeterea
551 2034 772 2067 firmioribus
807 2036 1026 2080 argumentis
1060 2036 1383 2082 suppeditantibus
1410 2036 1550 2070 inflecti

97 2078 196 2113 haud
224 2082 386 2126 potuisse
410 2081 609 2116 videbere?
664 2081 898 2126 Quapropter
924 2089 959 2116 te
989 2082 1163 2123 obsecro,
1192 2089 1290 2116 muta
1320 2083 1424 2115 istam
1448 2095 1550 2116 nien-

97 2132 172 2160 tem
206 2132 244 2160 et
274 2128 351 2161 noli
384 2133 459 2161 tam
491 2127 562 2162 levi
588 2130 782 2163 occasione
804 2139 861 2161 me
886 2141 967 2162 eum
990 2130 1137 2163 tenellis
1162 2129 1280 2162 adhuc
1306 2129 1431 2162 liberis
1458 2136 1549 2162 tam-

100 2185 208 2219 quam
240 2174 278 2206 in
314 2174 434 2208 medio
470 2174 598 2220 pelago
623 2176 744 2209 navim
769 2177 936 2220 magistro
966 2182 1144 2210 carentem
1170 2177 1354 2209 deserere:
1382 2177 1445 2209 sed
1472 2177 1547 2209 sive
1565 2198 1576 2204 -·

98 2231 164 2264 per
197 2225 233 2253 te
259 2221 299 2254 in
325 2217 418 2255 hanc
443 2224 659 2255 sententiam
699 2233 736 2256 es
772 2224 973 2268 ingressus,
999 2224 1155 2256 alienam
1184 2229 1220 2256 et
1245 2223 1346 2256 mille
1369 2223 1548 2255 malorum

98 2267 244 2311 plenam
277 2267 479 2302 existimes:
516 2269 591 2302 sive
626 2268 775 2302 alterius
809 2281 917 2302 suasu
955 2270 1026 2303 huc
1062 2281 1098 2303 es
1133 2269 1324 2313 delapsus,
1361 2278 1406 2302 ne
1442 2270 1548 2302 illum

101 2315 252 2346 amicum
271 2339 280 2355 ‚
306 2313 368 2348 sed
393 2315 684 2349 inimicissimum
710 2321 746 2349 et
773 2322 858 2349 tuae
884 2317 1030 2361 quidem
1055 2317 1189 2361 gloriae
1218 2316 1449 2362 honorisque,
1477 2326 1546 2347 no-

96 2365 195 2393 strae
230 2366 350 2395 autem
385 2362 536 2402 salutis,
567 2364 640 2395 imo
680 2363 791 2396 totius
824 2364 970 2407 imperii
1013 2364 1161 2396 Romani
1189 2363 1427 2396 communiter
1455 2362 1548 2395 insi-

101 2407 279 2440 diatorem
315 2407 502 2441 arbitrere.
561 2409 605 2441 Et.
641 2410 784 2443 tametsi
810 2421 874 2454 per
895 2420 953 2442 me
978 2421 1051 2442 non
1078 2409 1261 2449 viderem,
1314 2409 1376 2442 uid
1400 2419 1546 2442 necesse

101 2454 176 2494 sit,
214 2454 384 2487 nimirum
422 2465 498 2488 non
533 2455 682 2490 aliunde
713 2457 846 2489 certius
881 2468 922 2489 ae
955 2456 1122 2489 stabilius
1149 2456 1227 2489 fore
1256 2467 1291 2488 sa
1310 2467 1387 2488 vam
1416 2458 1547 2488 Roma-

99 2505 184 2534 nam
210 2511 286 2533 rem
309 2501 518 2545 publicam,
545 2513 652 2547 quam
682 2503 712 2535 si
739 2507 778 2535 tu
806 2503 884 2536 eius
909 2503 1148 2548 gubernacula
1171 2507 1308 2542 teneas,
1333 2502 1486 2548 perinde
1507 2506 1548 2534 ut:

100 2547 182 2580 vivo
209 2547 427 2591 imperatore
451 2549 622 2583 tenuisti:
659 2553 697 2581 at
722 2549 849 2582 saltem
875 2561 919 2582 ex
945 2551 1032 2594 ipsis
1057 2550 1135 2582 eius
1167 2549 1393 2582 sermonibus
1410 2574 1419 2588 ,
1456 2554 1548 2594 quos

102 2592 148 2626 de
187 2598 224 2627 te
261 2604 333 2626 non
370 2604 449 2628 raro
484 2606 623 2629 mecum
662 2597 929 2642 praecipueque
967 2597 1074 2640 paulo
1100 2600 1183 2628 ante
1225 2601 1376 2629 mortem
1404 2594 1550 2633 habaiu·

103 2637 194 2685 quid
222 2641 435 2684 expediret,
466 2647 523 2676 ine
550 2643 755 2685 intelligere
783 2642 983 2687 oportebat.
1035 2641 1219 2675 Recubans
1245 2644 1357 2681 enim,
1384 2648 1418 2675 te
1443 2652 1548 2685 prae—

104 2691 220 2728 sente,
258 2688 297 2719 in
323 2689 459 2733 gremio
483 2699 586 2729 men,
621 2688 780 2734 Tempus
813 2690 960 2735 quidem
1003 2689 1074 2722 mei
1098 2693 1142 2722 ex
1167 2689 1234 2722 hac
1259 2690 1340 2723 luce
1370 2688 1548 2721 discessus

104 2732 231 2773 adest,
263 2734 404 2780 inquit:
437 2734 508 2767 tibi
543 2735 742 2769 cavendum
773 2741 849 2776 est,
894 2748 939 2769 ne
975 2736 1073 2768 falsis
1109 2735 1451 2769 ratiocinationibus
1484 2740 1550 2767 aut.

106 2780 271 2813 oratione
337 2780 547 2815 uorumdam
576 2782 727 2827 decepta
750 2808 760 2824 ,
797 2783 941 2827 repulso
967 2782 1035 2815 hoc
1059 2782 1134 2816 viro
1161 2783 1330 2828 cuiquam
1355 2782 1459 2815 alteri
1486 2791 1550 2812 au-

106 2826 249 2861 scultes.
300 2793 391 2861 §am
417 2829 468 2861 ita
493 2828 523 2861 si
547 2828 630 2870 fiat,
668 2834 703 2862 et
731 2835 769 2863 tu
796 2835 833 2863 et
856 2828 963 2863 liberi
990 2829 1045 2862 tui
1075 2835 1112 2863 et
1136 2831 1333 2864 Romanum
1357 2828 1549 2873 impet-iuni
