1820 3152
315 155 381 229 57
395 177 422 209 2
844 171 1213 213 CANTACUZENI

119 284 411 329 Α,(;,,346εσαν
449 272 589 328 ἐκείνῳ
601 304 613 324 ,
653 273 726 312 καί
756 271 886 311 αΰτοῦ
913 270 1238 322 ὗποποιουμένου
1274 267 1454 322 μάλιστα
1491 271 1564 312 καὶ
1602 286 1740 325 παρα-

312 335 601 390 σκευάζοντος,
649 333 701 391 ἢν
738 334 828 389 ἔχει
862 335 956 389 περὶ
984 339 1160 389 βασιλέα
1200 333 1364 390 γνώμην
1393 335 1563 384 ἕκαστος
1590 331 1739 391 ἐκφαί-

264 418 412 451 Βνειν.
467 405 560 445 ἐπεὶ
586 405 632 444 δὲ
662 403 814 451 πάντας
841 399 934 458 ᾔδει
955 402 1158 456 α’κριβῶς,
1184 399 1425 454 μεταβαλών
1453 398 1634 456 ἀθρόον,
1663 400 1738 455 ἧκ-

307 463 525 526 ’γυρολόγει
550 466 649 517 τούς
685 469 935 519 πλουσίους,
966 465 1388 521 Καντακουζηνισμὸν
1427 467 1641 511 ἐπικαλῶν.
1698 466 1738 507 οἱ

309 538 386 588 δὲ,
424 536 516 577 ἐπεί
553 530 756 575 ἀδύνατοι
799 526 914 586 ἦσαν
949 533 1238 586 ἑξαρνεΐσθαι,
1279 532 1421 586 (αὐτοὶ
1456 529 1536 586 γὰρ
1575 531 1764 585 έξηλέγ-’ὅ

307 606 478 657 χθησαν
506 599 583 656 ὑφ’
601 598 808 656 ἓαυτῶν,)
837 596 963 653 ῥητὸν
1005 595 1205 651 ἀργύριον
1231 598 1456 651 κατέβαλον
1480 597 1552 638 ε’πί
1587 599 1646 653 τῷ
1673 596 1740 637 αἶρ

308 668 401 716 τίας
430 664 692 707 α’πολύεσθαι
710 677 719 687 ·
756 662 861 719 πρὸς
889 665 934 705 δὲ
962 663 1058 712 τούς
1099 663 1336 711 ἐπιλοίπους
1377 659 1450 703 οὐκ
1488 657 1537 717 ἦν
1565 659 1703 715 βαρῦς
1724 691 1738 715 ‚

309 731 417 774 α’λλοὶ
446 730 571 785 μόνον
602 731 737 772 ἐδόκει
763 729 839 785 τήν
867 730 1068 785 προτέραν
1095 731 1193 783 περί
1217 729 1392 781 βασιλέα
1419 725 1584 782 γνώμην
1608 742 1740 779 μετα-

308 798 491 852 βάλλειν.
541 795 588 839 τὸ
621 797 666 837 δὲ
707 793 784 836 οὐκ
813 791 888 850 ἦν,
925 791 1061 848 ὥσπερ
1092 793 1355 835 ὑπωπτεύετο
1367 827 1379 846 ,
1422 789 1526 834 ἀλλὰ
1555 789 1631 833 τὸν
1657 808 1741 832 πα-

311 867 414 919 τέρα
435 862 646 917 δεδοικώς,
671 860 730 916 μη
762 860 832 903 διὰ
861 859 906 902 τὸ
937 860 1136 916 Ζηλωτὰς
1165 861 1444 916 καθῃρηκέναι
1481 860 1552 900 καί
1578 857 1629 899 τοὶ
1659 860 1793 911 βα-ῐο

308 933 458 978 σιλέως
485 930 619 970 δοκεῖν
648 927 854 983 ᾑρῆσθαι,
886 923 1146 976 ἐξελαύνοιτο
1173 928 1246 979 τῆς
1281 923 1461 976 πόλεως,
1494 925 1738 977 πέμψαντος

190 996 467 1054 Ρ,675έκείνου
495 993 600 1049 πρὸς
628 991 779 1049 ὀργήν,
818 989 847 1047 ἢ
874 994 947 1034 καί
974 988 1105 1034 δεινόν
1145 1008 1185 1033 τι
1212 994 1350 1046 ἕτερον
1379 989 1607 1043 ὑποσταίη,
1638 989 1740 1030 ὑπε-

306 1063 466 1117 κρίνετο
496 1056 625 1109 αὖθις
666 1064 834 1115 φρονεῖν
873 1056 922 1100 τοὶ
950 1059 1190 1111 βασιλίδος,
1231 1057 1279 1099 ἵν’
1298 1057 1342 1098 ἐν
1365 1055 1504 1113 ταύτῷ
1529 1055 1741 1110 χρηματί-

308 1125 420 1179 ζοιτό
451 1142 496 1167 τε
524 1126 596 1168 καί
620 1130 864 1180 παραιτοῖτο
894 1122 970 1178 τὴν
998 1121 1126 1178 ὀργῆν
1151 1123 1258 1177 ὑπὲρ
1293 1116 1352 1164 ὧν
1392 1120 1528 1163 ἐδόκει
1564 1135 1739 1177 προσκε-

306 1195 537 1250 κρουκέναι.
593 1191 684 1234 ἐπεὶ
712 1193 757 1232 δὲ
783 1189 941 1243 μεταξὺ
971 1192 1046 1231 τοῦ
1075 1188 1231 1244 χρόνον
1250 1188 1495 1242 τριβομένου
1523 1186 1820 1241 η’γγέλλετοιό.

307 1261 424 1318 αὐτῷ
452 1258 474 1301 ὅ
502 1257 713 1313 πατὴρέν
740 1262 825 1304 τοῖς
854 1253 1174 1297 Κωνσταντίνου
1202 1253 1429 1306 βασιλείοις
1455 1250 1537 1292 ὑπὸ
1567 1253 1647 1293 τῶν
1672 1253 1740 1293 δἐ-

306 1326 482 1379 ’σμωτῶν
525 1321 778 1381 ἀνῃρημένος
794 1326 819 1375 ,’
845 1322 983 1362 οὐκέτι
1020 1321 1256 1375 ὑπεκρίνετο
1285 1317 1407 1362 οῦδὲν
1424 1351 1436 1373 ,
1477 1315 1583 1359 ἀλλὰ
1613 1333 1741 1372 φανε-

305 1393 391 1447 ρῶς
430 1389 480 1432 τὰ
516 1390 721 1443 βασιλέως
749 1388 926 1442 ἔπραττε
964 1387 1038 1428 καί
1076 1385 1176 1441 πρός
1204 1400 1248 1428 τε
1278 1387 1430 1428 ἐκεῖνον
1458 1383 1613 1437 ἔπεμπε
1643 1381 1742 1432 τούς

304 1456 593 1511 μηνύσοντας,
644 1453 700 1502 ὥς
738 1453 865 1501 αὐτὸς
903 1454 947 1493 ἐκ
985 1454 1141 1493 πολλοῦ
1168 1448 1220 1493 τα
1254 1449 1409 1493 ἐκείνου
1435 1449 1662 1505 ᾑρημένος,
1691 1448 1743 1489 οὔ

305 1522 433 1576 μόνον
472 1519 544 1562 διὰ
589 1517 664 1574 τήν
702 1519 924 1559 ἐπιείκειαν
962 1518 1045 1561 τῶν
1080 1515 1243 1571 τρόπων
1285 1516 1359 1558 καί
1390 1515 1462 1570 τὴν
1504 1511 1818 1570 ἧμερότητααο·

307 1589 379 1629 καί
402 1585 447 1629 τὸ
475 1585 602 1638 μόνον
640 1580 754 1635 ἄξιον
793 1582 989 1638 ἦγεῖσθαι
1026 1581 1246 1636 Ῥωμαίων
1274 1581 1532 1635 βασιλεύειν,
1563 1579 1739 1625 ἀλλ’ὅτι

274 1653 384 1694 Βκαί
408 1653 464 1708 τῷ
498 1651 630 1706 πατρί
669 1648 800 1690 πολλοὶ
844 1649 1014 1705 συνῄδει
1053 1647 1428 1704 σεσυκοφαντηκότι
1473 1647 1546 1693 καί
1587 1649 1742 1700 ἀδίκως

305 1718 608 1772 πολεμήσαντι,
650 1714 782 1756 πάλαι
821 1717 902 1767 μὲν
938 1716 1165 1770 βουληθείη
1201 1715 1431 1767 α’ποστῆναι
1468 1712 1572 1769 πρὸς
1610 1711 1740 1757 αὐτὸν

304 1782 408 1837 μετὰ
438 1780 803 1839 πρωτοστράτορος
830 1783 908 1823 τοῦ
933 1782 1139 1837 γαμβροῦ,
1168 1778 1244 1835 τὴν
1270 1779 1364 1835 ἴσην
1390 1778 1464 1821 καί
1495 1779 1641 1833 ὁμοίαν
1669 1779 1742 1822 καί

305 1906 510 1945 faciebant,
542 1904 638 1938 nihil
672 1905 743 1938 iam
779 1905 1075 1946 reformidantes,
1100 1915 1221 1938 secure
1247 1916 1284 1938 se
1309 1904 1365 1938 illi
1390 1903 1608 1948 iungebant:
1633 1903 1735 1936 cuius

304 1952 520 1986 auctoritate
561 1958 598 1986 et
621 1963 752 1996 opera,
786 1952 876 2000 quid
901 1953 1053 1998 quisque
1085 1951 1128 1984 de
1153 1954 1369 1996 imperatore
1395 1951 1565 1990 sentiret,
1591 1949 1735 1994 publice

307 1998 533 2032 ostendebat.
599 1999 689 2031 Cum
723 1999 795 2031 iam
832 2010 953 2032 omnes
995 1999 1180 2043 explorate
1213 2003 1360 2038 nosset,
1386 2002 1535 2042 repente
1562 2002 1737 2037 mutatus,

306 2046 438 2079 divites
464 2045 607 2079 obiecto
643 2045 963 2082 Cantacuzenismo
995 2046 1188 2090 pecuniam
1217 2045 1345 2089 poscit.
1393 2043 1466 2088 Qui
1492 2054 1573 2076 cum
1604 2053 1736 2088 negare

304 2104 379 2125 non
404 2096 572 2137 possent,
595 2093 693 2137 quod
717 2093 902 2137 semetipsi
926 2092 1185 2136 prodiderant,
1224 2102 1296 2135 quo
1323 2102 1343 2123 a
1368 2091 1473 2134 culpa
1508 2089 1738 2124 absolveren-

302 2144 385 2180 tur,
417 2139 586 2171 mulctam
623 2137 809 2173 definitam
841 2138 1073 2183 pendebant:
1102 2137 1327 2171 tenuioribus
1353 2137 1526 2169 molestus
1551 2146 1624 2169 non
1649 2140 1737 2168 erat.

244 2184 247 2185 ⁷
302 2186 348 2218 Et
373 2197 451 2218 cum
477 2185 724 2219 tantummodo
750 2187 907 2229 priorem
935 2185 980 2219 de
1004 2186 1220 2229 imperatore
1258 2184 1475 2216 sententiam
1501 2188 1656 2216 mutasse
1679 2183 1737 2216 vi-

304 2232 472 2271 deretur,
506 2231 545 2264 id
571 2242 670 2264 secus
699 2238 786 2278 erat.
835 2233 978 2265 Etenim
1004 2237 1143 2276 patrem
1167 2235 1352 2270 metuens,
1385 2242 1431 2263 nc
1456 2230 1522 2262 illo
1547 2229 1619 2263 sibi
1646 2239 1734 2273 pro·

303 2282 385 2322 pter
410 2278 546 2311 Zelotas
571 2279 707 2311 occisos
748 2284 784 2311 et
823 2278 928 2322 Quam
955 2283 1165 2324 sequeretur
1190 2276 1418 2322 imperatoris
1447 2277 1640 2310 factionem
1665 2275 1737 2309 ira·
1769 2274 1774 2279 ”

305 2329 363 2363 to,
386 2324 478 2357 urhe
503 2335 568 2368 per
591 2325 750 2370 aliquem
779 2325 995 2358 submissum
1020 2324 1239 2367 pelleretur,
1271 2329 1333 2356 aut
1358 2322 1474 2356 dirum
1502 2321 1644 2367 aliquid
1667 2332 1736 2366 pa-

305 2374 441 2402 teretur
477 2381 617 2403 rursum
653 2383 690 2404 se
719 2371 938 2416 imperatrici
971 2370 1153 2403 addictum
1192 2370 1373 2413 fingebat:
1417 2374 1457 2402 ut
1498 2369 1626 2402 eodem
1671 2382 1736 2405 ne-

306 2417 403 2460 gotio
429 2422 465 2450 et
500 2419 690 2461 pecuniam
718 2419 920 2462 acquireret
971 2422 1007 2450 et
1040 2418 1129 2449 iram
1166 2416 1242 2448 eius
1281 2421 1427 2461 propter
1454 2416 1640 2451 commissa
1666 2419 1736 2451 mi-

306 2462 446 2505 tigaret.
495 2463 662 2497 Ceterum
699 2464 762 2497 ubi
800 2470 959 2507 tempore
998 2463 1200 2495 intermisso
1232 2463 1379 2496 nuntius
1417 2463 1472 2496 illi
1499 2462 1542 2495 de
1571 2469 1669 2507 patre
1695 2465 1734 2498 in

309 2507 538 2542 Constantini
576 2512 712 2554 palatio
741 2523 760 2543 a
794 2510 922 2543 vinctis
958 2510 1175 2553 interempto
1210 2510 1332 2550 veuit,
1370 2510 1468 2543 omui
1503 2510 1734 2544 simulatione

312 2553 500 2598 deposita,
532 2566 569 2588 se
606 2557 650 2589 ab
687 2558 902 2601 imperatore
942 2567 1036 2596 esse,
1070 2557 1173 2589 factis
1199 2558 1383 2600 propalam
1423 2556 1582 2590 declarat
1625 2562 1734 2602 atque

312 2600 359 2633 ad
385 2611 466 2632 eum
493 2602 604 2635 mittit
630 2603 849 2644 indicatum,
878 2614 915 2636 se
941 2604 1015 2635 eius
1041 2607 1159 2645 partes
1186 2602 1398 2646 iampridem
1423 2603 1639 2646 amplexum,
1661 2614 1734 2636 non

313 2646 429 2679 solum
467 2647 513 2678 ob
545 2660 683 2682 morum
718 2650 830 2694 ipsius
871 2649 1091 2695 aequitatem
1140 2660 1180 2681 ae
1204 2647 1538 2688 mansuetudinem,
1564 2648 1734 2694 quodque

313 2703 425 2725 unum
449 2692 551 2725 illum
577 2696 732 2729 Romano
758 2697 908 2740 imperio
938 2695 1083 2738 dignum
1108 2695 1361 2729 arbitraretur:
1387 2694 1450 2728 sed
1473 2696 1602 2736 ctiam,
1637 2695 1735 2739 quod

315 2739 436 2778 inultis
469 2739 655 2777 calumniis
695 2754 733 2777 ae
766 2741 863 2780 bello
897 2742 1032 2778 ,iniusto
1071 2752 1089 2775 a
1114 2746 1215 2788 patre
1252 2742 1471 2789 exagitatum
1496 2743 1626 2784 sciret,
1653 2751 1733 2780 cum
