1806 3152
549 163 923 206 HISTORIARUM
963 165 1034 204 111.
1062 169 1133 214 99.
1441 147 1556 220 609

125 267 188 310 ἔτι
215 266 291 322 τὴν
323 269 528 322 προτέραν
547 266 794 319 δυσμένειαν
813 267 1099 323 ἐνδεικνυμένη
1115 299 1125 315 ,
1159 261 1438 308 haebraeam
1467 266 1557 308 ἑπι-
1569 270 1651 304 A.C.
1670 273 1752 319 1347

121 334 286 388 χειροίη
335 331 408 374 καί
443 331 590 384 σώζειν
633 328 786 386 ἑαυτήν
812 331 885 373 καὶ
910 333 1031 374 τέκνα
1061 330 1131 373 διὰ
1158 333 1233 373 τοῦ
1259 335 1466 385 πολέμου,
1494 332 1552 387 μη
1571 339 1599 372 D

129 394 243 456 αὐτῷ
274 399 621 453 προσλογίζεσθαι
647 397 726 451 την
755 399 915 450 αἰτίαν,
946 395 988 438 εἴ
1009 414 1048 439 τι
1079 397 1179 452 περί
1202 395 1332 452 αὐτήν
1388 397 1460 440 καί
1497 396 1560 440 τέ-

124 480 199 505 κνα
226 465 412 517 συμβαίη
443 463 654 518 δυσχερές.
696 462 746 503 οὗ
771 461 850 518 γὰρ
880 463 1000 519 αύτῷ
1022 464 1249 505 λυσιτελεῖν
1278 465 1432 516 δοκεῖν,
1461 465 1560 506 ου’δὲ

101 523 261 583 5ιῖλλως
291 531 482 583 σῶφρον,
512 530 582 585 ε’ᾇν
615 525 749 583 αὐτὴν
775 529 820 570 ἐν
843 530 1070 581 βασιλείοις
1098 529 1357 583 καθημένην,
1386 527 1456 571 τὸν
1483 529 1559 570 πό-

102 599 247 647 ’λεμον
276 588 404 642 αὖθις
435 592 508 635 τὸν
535 592 773 648 συγγενικὸν
802 592 1102 646 ἀνακινοῦσαν,
1142 593 1215 635 καί
1240 595 1436 651 περιορᾷν
1461 593 1559 643 τούς

124 658 722 712 ὑπολειπομένους,Ῥωμαίους
747 658 820 700 ὑπ’
840 658 1028 716 ἀλλήλων
1050 660 1437 715 διαφθειρομένους.
1465 662 1558 702 ἀλλ’

121 725 163 766 εἰ
189 723 245 779 μή
278 726 464 766 πείθοιτο
493 730 649 780 χωρεῖν
676 723 778 779 πρὸς
810 725 885 775 τὰς
923 723 1167 778 συμβάσεις,
1202 721 1330 768 αὕτὸν
1354 726 1432 777 μὲν
1462 725 1560 781 περὶ

123 790 256 845 αὐτῆς
301 791 424 832 ου’δὲν
462 789 770 843 βουλεύσεσθαι
805 789 959 833 δεινόν·
990 793 1220 834 δεδοικέναι
1257 792 1303 832 δὲ
1333 788 1417 846 μή,
1450 808 1557 844 συμ-

74 854 287 901 ιοπάντων
316 855 572 911 ὡρμημένων
599 857 664 898 ἐπ’
703 855 859 904 αὕτοὺς
879 889 889 909 ,
925 856 985 911 μη
1022 855 1197 911 δύνηται
1226 856 1354 904 αὐτὸς
1392 857 1558 911 ἀνέχειν

122 921 196 977 την
224 921 382 976 ὁρμήν,
428 921 535 963 α’λλά
573 938 615 963 τι
646 925 838 979 τολμηθῇ
873 924 970 978 περὶ
997 916 1151 972 αὖτοῦς
1192 924 1276 964 τῶν
1304 923 1595 977 ἄνηκέστων.Ρ.
1614 931 1681 974 69‘7

121 986 265 1028 ἔπειτα
292 985 365 1028 τὸν
390 990 466 1042 τῆς
481 987 691 1028 Φιλίππου
720 989 1021 1044 μητροπολίτην
1041 986 1342 1040 ἀπολεξάμενος
1370 987 1442 1028 καί
1458 991 1556 1030 Κα-

118 1051 299 1104 βάσιλαν
336 1051 407 1094 τὸν
447 1054 688 1106 σακελλίου,
729 1054 774 1094 οἳ
808 1052 882 1094 καί
917 1051 1115 1108 πρότερον
1151 1054 1211 1102 εἰς
1245 1050 1556 1108 Διδυμότειχον

119 1112 218 1170 ἧκον
243 1116 345 1171 πρὸς
373 1118 525 1159 ἐκεῖνον
551 1120 830 1172 πρεσβευταί,
859 1116 1016 1170 ἔπεμπε
1036 1117 1140 1173 πρός
1157 1120 1370 1172 βασιλίδα.
1398 1118 1424 1173 ἦ
1455 1135 1556 1174 πρε-

69 1182 238 1234 15σβεία
266 1184 313 1224 δὲ
341 1177 392 1236 ἦν
418 1185 516 1236 περὶ
541 1181 718 1238 εἰρήνης.
776 1185 848 1224 καί
874 1187 1018 1238 πρῶτα
1044 1186 1122 1236 μὲν
1153 1183 1310 1232 πολλὰς
1353 1182 1555 1238 (ὁμολόγει

116 1245 291 1302 χάριτας
317 1249 424 1305 θεῷ,
465 1243 528 1290 ὅτι
568 1247 674 1303 πρὸς
711 1250 869 1303 ταύτην
908 1244 1032 1307 ἤγαγε
1060 1248 1135 1303 τὴν
1162 1240 1350 1305 ἡμέραν,
1390 1247 1419 1304 ἢ
1446 1253 1554 1302 λαμ-

115 1309 317 1367 πρότερον
347 1312 466 1367 ἡλίου
509 1315 614 1356 πᾶσι
641 1313 818 1356 δύναται
847 1318 1068 1369 καταφανῆ
1095 1320 1229 1355 ποιεῖν
1272 1316 1344 1355 καί
1370 1313 1447 1368 την
1473 1331 1552 1367 μο·

114 1378 301 1432 χθηρίαν
327 1380 410 1420 τῶν
448 1378 865 1434 σεσυκοφαντηκότων
899 1382 972 1421 καί
998 1378 1073 1434 την
1102 1381 1335 1433 ἀπέχθειαν
1366 1373 1471 1435 πρὸς
1498 1378 1549 1421 τὰ

114 1442 246 1496 καλοὶ,
283 1443 356 1485 καί
394 1443 470 1498 την
501 1441 657 1486 ἑαυτοῦ
683 1444 787 1498 πρός
815 1461 858 1486 τε
887 1444 983 1493 τούς
1007 1448 1214 1498 βασιλέως
1244 1447 1399 1494 παῖδας
1426 1447 1550 1502 ἐξαρ-

59 1511 191 1563 2025]ss
219 1505 321 1564 ἄχρι
353 1512 429 1550 νῦν
455 1510 676 1551 ἐπιείκειαν
705 1510 1063 1564 διασεσωσμένην,
1094 1510 1166 1552 καί
1191 1510 1238 1551 τὸ
1267 1512 1398 1565 μηδὲν
1429 1514 1548 1565 α’γεν-

113 1575 192 1626 νὲς,
218 1576 326 1629 μηδὲ
343 1573 511 1626 ἀνάξιον
539 1577 613 1629 τῆς
643 1577 846 1628 βασιλέως
873 1574 975 1630 πρὸς
1005 1574 1136 1618 αὐτὸν
1163 1578 1308 1632 φιλίας
1334 1575 1440 1628 μετὰ
1471 1577 1581 1631 vij

111 1641 271 1682 ἐκείνου
311 1639 501 1695 τελευτήν
542 1642 726 1696 φανῆναι
754 1642 1126 1697 διαπεπραγμένον.
1181 1639 1321 1682 ἔπειτα
1342 1641 1546 1695 συνεβού-

109 1708 204 1747 λευε
238 1711 394 1762 χωρεῖν
436 1704 540 1762 πρὸς
585 1705 661 1755 τὰς
700 1706 956 1761 συμβάσεις,
999 1706 1071 1748 καί
1102 1703 1162 1761 μη
1205 1713 1342 1756 κεναῖς
1385 1709 1547 1749 ἐλπίσιν

115 1848 207 1876 stere
254 1845 365 1890 seque
406 1855 484 1877 cum
518 1845 603 1879 filiis
631 1856 808 1879 armorum
832 1847 866 1878 vi
892 1845 1086 1879 defendere
1110 1846 1270 1885 nitatur,
1306 1857 1352 1878 ne
1378 1846 1447 1879 sibi
1475 1847 1543 1879 ad-

116 1889 273 1929 scribat,
305 1891 336 1923 si
371 1891 461 1936 quid
483 1892 554 1936 ipsi
598 1897 634 1925 et
659 1892 744 1925 filiis
789 1892 866 1925 eius
891 1892 1052 1925 odiosius
1089 1893 1292 1937 contigerit.
1342 1893 1422 1925 Non
1448 1895 1544 1927 enim

113 1936 363 1976 conducibile,
387 1948 506 1983 neque
530 1949 608 1971 cum
633 1939 826 1983 prudentia
854 1941 1087 1972 coniunctum
1113 1939 1251 1978 videri,
1287 1939 1384 1972 illam
1411 1941 1448 1972 in
1476 1951 1543 1983 pa-

110 1983 200 2016 latio
225 1983 432 2023 sedentem,
471 1989 508 2018 et
538 1985 634 2018 inter
658 1985 751 2018 cives
797 1992 1038 2031 cognatosque
1074 1985 1211 2018 bellum
1241 1985 1543 2031 redintegrantem

92 2030 338 2075 -relinquere,
364 2031 598 2065 Romanorum
624 2043 708 2066 vero
746 2033 917 2077 reliquias
963 2037 1089 2065 mutuo
1122 2043 1158 2064 se
1185 2032 1398 2065 devorantes
1425 2034 1542 2077 negli-

111 2087 204 2119 gere.
251 2076 321 2109 Sed
351 2078 382 2109 si
417 2077 460 2110 ad
487 2077 714 2112 conditiones
752 2078 968 2111 descendere
992 2078 1104 2116 nolit,
1139 2088 1176 2109 se
1212 2077 1359 2122 quidem
1400 2079 1436 2110 in
1462 2090 1541 2112 eam

111 2122 235 2155 durius
260 2124 354 2156 nihil
378 2123 625 2158 decreturum:
647 2131 807 2158 metuere
833 2130 973 2164 autem,
997 2135 1044 2158 ne
1071 2123 1178 2156 simul
1205 2125 1373 2157 omnibus
1403 2127 1478 2158 suis
1502 2128 1542 2159 in

110 2168 223 2214 ipsam
256 2175 297 2203 et
323 2172 386 2215 qui
417 2183 496 2206 cum
523 2171 600 2216 ipsa
622 2177 706 2205 sunt
730 2171 973 2210 irruentibus,
990 2172 1068 2215 ipse
1092 2180 1215 2203 eorum
1240 2170 1414 2214 impetum
1439 2182 1542 2205 com-

111 2226 256 2259 pescere
286 2223 462 2262 nequeat,
490 2222 527 2251 et
549 2218 690 2263 aliquid
714 2218 874 2263 patiatur
900 2216 1099 2256 eiusmodi,
1134 2215 1233 2258 quod
1257 2217 1456 2251 medicinae
1483 2219 1542 2251 sa·-

109 2262 258 2296 ciendae
282 2263 399 2297 locum
438 2265 576 2298 nullum
608 2265 801 2310 relinquat.
859 2264 923 2297 nis
957 2263 1063 2296 dictis
1090 2263 1231 2296 delecto
1256 2264 1539 2309 metropolitano

108 2307 373 2354 Philippopolis
410 2316 446 2345 et
476 2312 616 2345 sacellii
648 2316 812 2345 curatore
838 2309 1004 2342 Cabasila
1034 2308 1113 2354 (qui
1139 2313 1175 2342 et
1203 2310 1302 2354 prius
1331 2311 1539 2354 Didymoti-

109 2354 215 2388 chum
237 2356 345 2400 legati
372 2359 559 2402 venerant)
573 2358 618 2392 ad
643 2369 719 2391 eam
746 2358 790 2392 de
815 2368 903 2402 pace
930 2357 1012 2389 illos
1040 2355 1163 2392 mittit.
1210 2357 1259 2389 Ac
1281 2357 1436 2400 primum
1451 2359 1538 2404 qui·

108 2401 188 2434 dem
215 2403 404 2437 immensas
432 2406 508 2438 Deo
533 2407 661 2450 gratias
687 2406 773 2449 agit,
801 2403 896 2448 quod
922 2402 1017 2436 diem
1042 2404 1248 2446 aspexisset,
1273 2406 1336 2447 qui
1362 2404 1437 2438 sole
1462 2405 1539 2438 cla-

107 2448 181 2482 rius
204 2455 241 2482 et
263 2450 558 2493 calumniatorum
585 2463 727 2486 suorum
751 2451 866 2484 scelus
889 2455 997 2495 atque
1027 2449 1150 2482 odium
1167 2447 1380 2490 honestatis,
1406 2456 1443 2484 et
1466 2452 1537 2484 im·

106 2496 281 2539 peratoris
306 2497 431 2532 liberis
457 2499 503 2531 ab
528 2499 634 2532 initio
659 2498 846 2542 hucusque
870 2509 891 2530 a
928 2506 964 2528 se
1017 2495 1198 2529 raestitam
1225 2498 1445 2540 aequitatem
1494 2509 1536 2531 ae

107 2547 414 2587 moderationem,
441 2552 477 2579 et
501 2545 597 2580 nihil
619 2544 801 2579 illiberale
841 2549 905 2576 aut
930 2544 967 2575 in
997 2544 1116 2587 ignum
1143 2542 1368 2586 imperatoris
1395 2544 1534 2577 Andro-

66 2606 72 2613 ·
106 2595 181 2629 niei
212 2596 372 2630 amicitia
403 2599 486 2639 post
521 2593 621 2626 illius
657 2591 798 2625 obitum
830 2601 849 2622 a
883 2601 920 2623 se
950 2589 1172 2634 designatum
1197 2591 1309 2631 possit
1332 2591 1532 2623 ostendere.

104 2642 246 2676 Deinde
271 2642 417 2680 suadet,
453 2645 495 2673 ut
516 2641 613 2684 pacis
642 2636 914 2672 conditionibus
941 2647 977 2669 se
1003 2637 1209 2668 submittat:
1247 2647 1313 2669 nec
1347 2647 1436 2669 vana
1469 2646 1531 2680 spe

104 2699 292 2734 suspensa,
312 2694 374 2722 aut
402 2687 510 2720 etiam
538 2686 582 2718 ab
607 2683 844 2730 optimatibus
875 2684 947 2715 suis
974 2682 1144 2726 decepta,
1171 2681 1287 2715 adhuc
1309 2684 1416 2716 armis
1446 2693 1533 2714 con-

103 2741 156 2769 tra
180 2735 336 2770 eundum
361 2738 483 2779 putet:
506 2742 624 2779 neque
653 2733 747 2766 enim
776 2729 922 2764 aliunde
947 2734 1133 2763 externum
1162 2729 1230 2774 ipsi
1252 2729 1530 2775 exspectandum

154 2805 426 2839 Caratacuzenus
454 2803 498 2836 11.
1222 2799 1267 2841 39
