1800 3146
280 142 392 209 460
769 159 1138 202 CANTAcquM

89 263 268 310 A.C.1343
283 265 403 302 λιστα
433 261 492 309 εἷς
519 257 715 314 τοιαύτην
743 255 920 315 ἀνάγκην
949 262 1297 314 συνενηνεγμένος,
1323 260 1395 315 τῆς
1421 260 1553 313 κοινῆς
1573 259 1704 311 ἐμαν·

278 327 354 367 τοῦ
389 341 432 366 τε
469 324 540 366 καὶ
574 327 655 366 τῶν
692 322 799 367 ὅλων
826 329 1034 380 σωτηρίας
1063 328 1196 367 ἕνεκα.
1250 326 1322 366 καί
1347 327 1389 375 ἐξ
1417 326 1572 366 ἐκείνου
1600 317 1704 377 ἄχρι

246 393 360 434 Βνῦν
397 387 591 431 οὐδέποτε
629 390 872 445 ἐπαυσάμην
899 394 996 446 περί
1024 391 1185 446 εἰρήνης
1213 392 1399 442 δεόμενος
1428 389 1581 430 αὐτῶν.
1614 388 1703 428 ἀλλ’

281 456 502 510 ἀνθέρικον
533 457 642 496 δοκῶ
669 457 874 508 θερίζειν·
947 455 1077 497 πάντα
1120 453 1200 510 γὰρ
1249 456 1390 503 αὐτοῖς
1417 456 1593 506 μᾶλλον,
1622 446 1650 506 ἢ
1677 448 1704 505 ἦ

281 519 438 575 εἰρήνη,
468 518 633 563 ἀνεκτά.
690 518 944 574 σκεψώμεθα
966 519 1017 574 δὴ
1044 518 1215 576 πότερος
1235 518 1388 561 ἀδικῶν
1410 523 1604 575 φαίνεται
1637 517 1734 562 καί5

282 586 496 639 ἐπιορκῶν,
542 585 564 626 ὅ
600 583 675 639 τήν
714 601 756 626 τε
792 582 924 641 ἀρχὴν
953 590 1036 634 τοῖς
1080 582 1219 640 ὅρκοις
1247 586 1475 638 ἐπιμείνας,
1507 579 1628 638 ἄχρις
1656 577 1707 623 οὗ

283 648 387 691 κατὰ
417 648 565 705 κράτος
592 648 879 706 κατελύθησαν
906 649 987 692 ὑπὸ
1019 651 1102 692 τῶν
1130 649 1413 702 πολεμούντων
1433 681 1445 703 ‚
1485 650 1556 691 καί
1580 649 1708 701 μέχρι

282 717 358 758 νῦν
398 714 588 768 δεόμενος
616 715 712 770 περὶ
748 714 910 771 εἰρήνης
947 715 1020 758 καὶ
1053 714 1126 758 τὸν
1153 713 1325 768 πόλεμον
1352 717 1507 757 ἐθέλων
1533 713 1712 754 καταθέ-

280 785 415 833 σθαι,
444 778 469 836 ἢ
500 779 519 821 ὅ
547 780 653 835 μήτε
681 779 899 835 πρότερον,
940 779 1039 835 μήθ’
1068 777 1240 835 ’ὕστερον
1267 782 1350 822 τῶν
1379 777 1555 822 δεόντων
1580 778 1712 832 μηδὲν

285 845 532 901 φαινόμενος
563 851 706 887 ποιεῖν.
760 847 852 887 ἐπεὶ
880 847 925 886 δέ
951 861 1022 898 μοι
1053 847 1124 886 καί
1148 844 1224 900 τὴν
1251 846 1517 900 γεγενημένην
1548 839 1766 899 φθορὰνιο

285 912 364 954 ὑπὸ
391 913 463 953 τοῦ
480 914 658 965 πολέμου
687 913 981 966 προστρίβεται
1011 908 1032 951 ὄ
1054 910 1330 967 πατριάρχης,
1359 908 1632 962 σκεψώμεθα,
1650 904 1715 958 τίς

248 977 416 1025 (ἶαῖτιος
446 977 590 1031 αὐτῆς.
670 977 831 1031 πρῶτον
873 978 949 1029 μὲν
980 974 1059 1031 γὰρ
1091 975 1231 1028 οἴομαι
1267 973 1401 1018 πάντα
1437 973 1619 1017 ὁντινοῦν
1656 975 1715 1029 τῷ

283 1038 456 1097 ἄρχοντι
483 1044 664 1095 πολέμου
709 1041 782 1096 τὴν
816 1043 951 1083 αἰτίαν
989 1043 1070 1083 τῶν
1098 1042 1322 1095 γινομένων
1350 1037 1606 1094 ἀναθήσειν·
1663 1034 1715 1079 οἷ-

281 1110 496 1164 μυνομένῳ
525 1106 602 1163 γάρ
633 1109 832 1149 οὐδέποτε
863 1108 1002 1155 ου’δείς
1039 1106 1295 1160 ἐνεκάλεσεν,
1335 1102 1400 1148 ὅτι
1437 1102 1634 1155 διασώζει
1672 1099 1715 1144 ἓ-

285 1171 429 1214 αυτόν.
496 1171 639 1214 ἔπειτα
667 1172 919 1224 ἐξετάσωμεν
950 1174 1022 1213 καί
1048 1171 1099 1214 τὰ
1128 1171 1235 1214 κατὰ
1263 1173 1414 1226 μέρος,
1453 1167 1567 1223 παρὰ
1596 1169 1771 1214 τίνωνιό

284 1237 504 1293 δημεύσεις
531 1236 603 1278 καὶ
629 1236 792 1292 σφαγαὶ
818 1236 889 1277 καί
925 1238 1080 1291 ἐξοριάι
1110 1237 1181 1278 καί
1208 1234 1469 1291 δεσμωτήρια
1494 1235 1567 1275 καί
1596 1247 1718 1287 στρε-

282 1303 471 1357 βλώσεις.
529 1303 628 1355 οὖχί
666 1304 765 1355 παρ’
796 1298 960 1353 αὐτῶν,
990 1302 1039 1343 οὗ
1068 1302 1261 1358 δακρύων
1288 1301 1513 1355 ἐνέπλησαν
1539 1297 1614 1346 τοὶς
1642 1295 1718 1338 πό-

284 1372 369 1416 λεις
395 1367 553 1419 πάσαςς
596 1362 645 1407 οὕ
647 1383 678 1419 χ
707 1364 921 1418 αἱμάτων,-
954 1367 1034 1419 οὕχ
1063 1363 1201 1420 ὥσπερ
1230 1367 1362 1407 κοινοῖ
1384 1367 1465 1406 τῶν
1487 1363 1717 1416 Ῥωμαίων

285 1434 475 1486 πολέμιοι
502 1428 713 1486 περιόντες
740 1428 838 1477 τούς
867 1426 1098 1483 ἑκασταχοῦ
1131 1432 1328 1485 ἀρίστους
1371 1430 1717 1484 διαφθείρουσιν,-

287 1498 337 1541 οὖ
363 1497 421 1540 τά»
443 1513 488 1539 τε
515 1495 630 1538 κοινὰ
663 1495 734 1536 καί
759 1493 809 1536 τὰ
845 1493 933 1536 ἴδια
962 1496 1043 1536 τῶν
1069 1492 1296 1547 “Ρωμαίων
1331 1491 1529 1550 χρήματα
1558 1491 1773 1538 οἷνάλω-αο

285 1580 366 1606 σαν
394 1565 454 1611 εἰς
481 1558 600 1603 οὐδὲν
633 1562 726 1602 δέον
737 1577 751 1612 ,·
793 1561 850 1601 ἐαῖ
881 1558 961 1614 γὰρ
992 1562 1122 1614 λέγειν
1150 1558 1200 1602 τὰ
1232 1560 1415 1615 ἡμέτερα
1439 1560 1619 1601 τοσαῦτα
1650 1554 1721 1600 ὅν-

285 1646 353 1681 τα,
383 1626 412 1669 ἃ
440 1629 478 1669 εἰ
503 1626 559 1681 μή
594 1624 717 1667 αιῖτοί
744 1625 985 1680 διέφθειρον
1012 1623 1086 1667 τὸν
1110 1623 1290 1678 πόλεμον
1315 1623 1580 1679 κεκινηκότες,
1612 1624 1719 1678 ὑπὲρ

245 1697 361 1749 Βτῆς
391 1694 528 1747 κοινῆς
557 1692 761 1746 ω’φελείας
789 1687 839 1732 ἂν
867 1690 1075 1743 α’νάλωτο,
1106 1686 1244 1745 ὥσπερ
1276 1688 1655 1745 παρεσκευαζόμην,
1683 1687 1722 1730 ἴ-

291 1777 373 1803 στω
402 1756 502 1807 θεὸς
531 1757 554 1798 ὅ
583 1755 748 1799 πάντων
774 1758 855 1797 τῶν
883 1756 1047 1810 α’δήλων
1085 1755 1156 1797 καί
1191 1757 1382 1812 κρυφίων
1421 1752 1615 1809 γνώστης.
1671 1754 1725 1794 ου’

294 1877 469 1912 cessitatis
495 1886 551 1909 me
576 1874 828 1919 adigentibus,
856 1874 974 1907 facere
1000 1879 1036 1907 et
1058 1873 1107 1906 ita
1134 1883 1247 1905 meam
1274 1873 1447 1917 privatam
1484 1869 1721 1904 incolumita-

296 1931 370 1957 tem
394 1934 474 1955 cum
495 1922 608 1955 totius
621 1922 674 1954 rei
687 1920 855 1964 publicae
881 1921 997 1954 salute
1014 1920 1335 1964 incolumitateque
1353 1919 1578 1962 coniungere.
1602 1918 1721 1960 Atque

299 1982 345 2003 ex
378 1970 442 2002 illo
474 1979 590 2012 usque
631 1977 726 2000 nune
756 1977 879 2011 pacem
907 1977 966 1999 eos
991 1976 1136 2010 poscere
1162 1975 1346 2009 nunquam
1374 1964 1509 1997 destiti.
1557 1962 1629 1996 Sed
1652 1973 1722 1994 an-

295 2016 475 2050 thericum
503 2020 637 2048 metere
660 2013 805 2047 videor:
839 2014 959 2046 omnia
985 2012 1079 2045 enim
1104 2012 1176 2044 illis
1201 2011 1320 2043 facilia
1345 2014 1430 2043 sunt
1455 2009 1613 2054 ferrique
1637 2019 1722 2053 pos-

299 2067 402 2102 sunt,
425 2071 549 2105 pacem
590 2059 700 2094 solam
726 2061 801 2103 pati
826 2069 899 2092 non
924 2063 1085 2103 possunt,
1145 2056 1436 2100 lutrospiciamus
1470 2056 1603 2098 igitur,
1640 2059 1721 2088 uter

296 2109 444 2142 laesisse
483 2118 524 2140 ac
556 2107 737 2150 peierasse
760 2105 944 2138 videatur:
973 2106 1071 2143 isne,
1104 2104 1166 2142 qui
1202 2114 1222 2135 a
1255 2102 1436 2146 principio
1460 2102 1577 2135 iurata
1602 2110 1722 2134 serva-

295 2155 375 2195 vit,
409 2154 526 2187 donec
565 2151 686 2186 hostes
711 2162 776 2196 per
798 2152 870 2184 vim
896 2150 1002 2183 fidem
1029 2150 1230 2194 fregerunt,
1268 2154 1304 2181 et
1328 2148 1446 2181 adhuc
1469 2159 1592 2193 pacem
1615 2147 1720 2191 petit,

296 2206 443 2245 paratus
474 2209 570 2232 arma
603 2208 760 2242 ponere:
786 2209 832 2230 an
863 2207 969 2242 quem
993 2206 1059 2229 nec
1088 2200 1192 2234 ante,
1218 2205 1285 2227 nec
1306 2200 1388 2239 post
1411 2194 1611 2240 quidquam
1637 2204 1722 2237 pro-

297 2246 420 2280 babile
444 2246 609 2279 actitasse
651 2249 798 2277 constat.
844 2244 889 2276 Et
914 2243 1083 2288 quoniam
1117 2241 1320 2285 patriarcha
1352 2240 1443 2273 mihi
1467 2241 1604 2274 cladem
1632 2237 1723 2271 belli

298 2291 471 2326 adscribit
505 2296 541 2323 et
570 2290 639 2323 hoc
674 2301 730 2323 me
762 2291 912 2323 crimine
947 2288 1142 2332 adspergit,
1172 2297 1248 2331 age,
1286 2293 1367 2320 uter
1390 2297 1408 2319 e
1444 2286 1585 2319 duobus
1618 2285 1722 2317 istius

299 2338 412 2372 cladis
449 2338 568 2382 potius
613 2342 736 2370 auctor
773 2337 838 2376 sit,
885 2334 1160 2366 consideremus.
1224 2334 1380 2366 Primum
1415 2333 1532 2372 enirn,
1571 2331 1723 2376 opinor,

301 2393 591 2430 unumquemque
616 2383 757 2428 culpam
781 2380 1087 2414 incommodorum
1107 2378 1196 2412 belli
1223 2381 1261 2411 in
1286 2390 1367 2412 eum
1390 2378 1593 2418 transferre,
1612 2387 1631 2408 a
1650 2386 1722 2422 quo

299 2431 438 2464 bellum
464 2430 662 2475 profectum
690 2433 768 2462 est:
800 2438 882 2461 nam
910 2427 1033 2458 salutis
1067 2436 1173 2459 causa
1197 2436 1274 2458 sese
1297 2425 1415 2458 tuenti
1462 2435 1568 2458 nemo
1606 2422 1725 2456 adhuc

303 2478 419 2510 dicam
454 2475 606 2519 scripsit.
666 2474 806 2507 Deinde
842 2473 1023 2515 sigillatim
1063 2472 1284 2515 inquiramus
1303 2497 1312 2512 ‚
1337 2483 1358 2503 a
1386 2471 1518 2515 quibus
1546 2469 1723 2502 bonorum

301 2523 567 2565 publicationes
588 2546 596 2560 ‚
642 2521 790 2560 caedes,
832 2519 962 2557 exilia,
999 2528 1155 2550 carceres
1173 2543 1182 2557 ‚
1208 2518 1335 2550 eculei.
1384 2517 1511 2550 Nonne
1536 2514 1582 2547 ab
1610 2514 1724 2558 ipsis?

302 2580 423 2601 nonne
467 2569 644 2606 lacrimis,
687 2577 806 2600 noune
841 2564 1026 2597 cruoribus
1062 2565 1239 2597 universas
1276 2564 1437 2597 civitates
1470 2559 1723 2606 repleverunt?

300 2614 429 2647 Nonne
455 2626 517 2647 ceu
547 2625 750 2647 communes
776 2613 1012 2644 Romanorum
1037 2610 1157 2643 hostes
1182 2611 1327 2653 impune
1351 2610 1562 2650 volitantes,
1585 2606 1723 2651 ubique

303 2662 491 2704 optimates
519 2657 839 2692 contrucidarunt?
864 2668 983 2689 nonne
1017 2656 1198 2699 publicam
1222 2658 1468 2699 privatamque
1486 2655 1723 2686 Romanorum

301 2707 491 2750 pecuniam
526 2707 561 2737 in
591 2718 644 2738 res
667 2705 773 2738 nihili
805 2701 1069 2748 profuderunt?
1127 2702 1233 2735 Mitto
1269 2703 1362 2735 euim
1397 2701 1514 2733 dicere
1551 2705 1723 2737 nostram,

304 2752 392 2786 adeo
419 2753 628 2791 immanem,
653 2762 760 2796 quam
783 2751 853 2784 nisi
877 2750 947 2795 ipsi
976 2749 1072 2784 bello
1101 2754 1276 2783 commoto
1312 2747 1556 2792 dissipassent,
1592 2744 1724 2790 (Deum
