1800 3132
270 149 343 217 42
806 166 1176 212 CANTACUZEM

72 268 374 326 Α.(Ξ.ι34ιμετά
412 271 628 324 ἀκριβείας
675 268 872 325 πράττειν
909 268 1087 325 ἀνάγκην
1130 272 1258 313 πᾶσιν
1299 269 1488 327 ἐπιθήσω
1506 305 1520 326 ,
1559 268 1608 314 οὗ
1635 274 1709 329 τῆς

271 336 476 391 ὖμετέρας
496 337 613 378 ἕνεκα
641 334 887 390 κηδεμονίας
912 335 1066 389 μόνον,
1096 337 1165 377 ἵνα
1188 335 1247 390 μη
1278 336 1435 379 ἐλάττω
1460 336 1535 392 τὴν
1556 337 1704 393 ἀρχῆν,

269 398 322 456 ἣν
342 403 576 456 παρέλαβον
590 433 603 454 ,
630 398 739 442 ἀλλὰ
766 402 839 443 καὶ
857 399 987 455 μείζω
1015 399 1089 442 καί
1113 403 1279 454 βελτίω,
1302 404 1451 457 καιροῦ
1469 405 1708 457 καλοῦντοςρ

233 467 442 520 cohow,
475 465 582 509 ἀλλὰ
609 464 684 508 καί
708 471 945 523 φιλοτιμίας
964 467 1037 508 καί
1063 465 1184 521 δόξης
1210 467 1327 508 ἕνεκα
1353 471 1470 523 ἐμῆς,
1517 467 1561 511 τὸ
1592 470 1638 512 δέ
1663 484 1711 523 γε

272 532 432 576 τούτων
468 530 636 575 πάντων
667 530 741 574 καὶ
773 533 918 587 μεῖζον
943 531 1018 574 καὶ
1044 532 1328 588 φοβερώτερον
1357 531 1474 588 ἐμοὶ,
1502 535 1575 589 τῆς
1605 534 1737 577 ἐκεῖ-5

271 602 348 641 θεν
373 600 455 642 τῶν
482 599 775 654 πραττομένων
802 596 1030 648 ἐξετάσεως
1051 596 1225 639 καὶτῶν
1252 599 1468 652 εὕθυναῖν,
1500 597 1552 648 ἃς
1580 596 1711 648 αὐτὸς

271 665 443 722 ’ὑφέξειν
482 663 554 706 ἐπὶ
586 667 661 707 τοῦ
689 665 875 721 φοβεροῦ
903 664 1174 719 δικαστηρίου
1203 663 1309 719 ὑπὲρ
1336 666 1418 706 τῶν
1444 658 1495 706 εὖ
1521 661 1548 719 ἢ
1575 666 1711 713 κακῶς

272 731 538 789 διῳκημένων
562 732 715 784 μέλλω.
769 727 819 772 τὰ
848 730 895 772 δὲ
921 731 1096 772 τοιαῦτα
1133 735 1219 779 τοῖς
1257 731 1511 783 εἰθισμένοις
1538 725 1708 783 ἀμελεῖν

271 796 347 840 καὶ
379 797 660 850 λυμαίνεσθαι
693 800 779 844 τοῖς
818 794 1034 849 δημοσίοις
1074 795 1148 837 καί
1172 792 1226 836 τοὶ
1256 792 1344 837 ἴδια
1370 796 1416 836 ἐκ
1442 795 1515 850 τῆς
1543 796 1712 851 φθορᾶς

269 863 436 904 ἐκείνων
464 856 630 915 αὔξειν,
658 862 790 903 παντί
804 875 860 918 τῳ
890 860 1013 914 δῆλον
1030 891 1042 913 ,
1069 858 1125 908 ὥς
1154 859 1228 901 οὔκ
1255 858 1371 902 ἔσται
1398 857 1545 902 ἀνεκτοὶ
1561 893 1575 912 ,
1603 855 1767 914 ὥστειᾳ

271 925 427 975 αὕτοὺς
463 925 574 977 εἰκὸς
614 924 687 968 τὸν
724 923 799 980 τῆν
837 922 1038 979 τοιαύτην
1067 924 1249 979 ἀνάγκην
1278 926 1420 974 αὐτοῖς
1448 925 1712 979 ἐπαγαγόντα

270 994 318 1035 ἐκ
352 994 483 1045 μέσου
524 997 658 1034 ποιεῖν
700 992 898 1032 τίθεσθαι
935 989 1007 1034 διά
1050 991 1248 1044 σπουδῆς.
1312 993 1436 1032 τοῦτο
1487 992 1534 1033 δὲ
1573 985 1715 1040 ἄλλως

270 1058 418 1107 αὐτοῖς
456 1057 531 1098 οὔκ
573 1053 627 1099 ἂν
658 1057 845 1108 ἐξέσται,
888 1055 929 1097 εἶ
961 1053 1020 1110 μή
1064 1053 1266 1110 πρότερον
1304 1054 1437 1097 πολλοὶ
1473 1053 1612 1111 ψεύδη
1639 1058 1714 1099 καὶ

270 1120 836 1179 συκοφαντίαςπλάσαντες,
864 1119 1222 1174 ἑκπολεμοόσουσιν
1248 1121 1358 1176 ἡμᾶς
1385 1120 1593 1177 ἀλλήλοις.
1649 1121 1710 1172 εἷς
1759 1174 1762 1176 -

251 1185 372 1230 ὅσον
393 1189 439 1231 δὲ
466 1188 641 1236 ἀτοπίας
671 1184 854 1236 ἐξελάσει
881 1185 935 1228 τά
963 1185 1188 1242 πράγματα
1216 1185 1316 1241 ἡμῖν
1334 1220 1348 1239 ,
1378 1182 1429 1228 ἂν
1457 1188 1600 1244 συμβῇ
1628 1186 1769 1229 τοι-15

231 1254 418 1305 Βαῦτα,
464 1252 536 1294 καί
584 1249 688 1306 αὖτὴ
727 1253 806 1305 μὲν
853 1247 906 1295 ἂν
943 1250 1158 1309 συνοριιόης
1201 1247 1310 1294 οὖσα
1357 1250 1533 1307 συνετὴ,
1582 1252 1715 1308 σαφέ-

273 1335 417 1376 στερον
445 1321 492 1360 δὲ
519 1316 674 1369 διδάξω
699 1316 774 1359 καὶ
799 1314 943 1366 αὖτός.
976 1313 1005 1372 ἢ
1033 1315 1112 1372 γὰρ
1143 1318 1219 1370 ἐμὲ
1250 1315 1367 1372 παρὰ
1391 1314 1528 1358 πάντα
1549 1317 1714 1358 δικαίου

271 1385 395 1439 λόγον
410 1382 566 1439 ἀνάγκη
589 1380 882 1437 ἀποθνήσκειν,
920 1381 1039 1438 ἔργον
1062 1384 1330 1437 γεγενημένον
1350 1382 1628 1438 συκοφαντίας
1644 1381 1718 1423 καὶ

272 1452 497 1505 διαβολῆς,
523 1445 743 1504 ἄνθρωπον
779 1447 830 1489 οὕ
854 1446 982 1501 μόνον
1009 1441 1155 1489 εὔνουν
1182 1450 1353 1501 βασιλεῖ
1373 1448 1447 1488 καί
1470 1453 1557 1495 τοῖς
1576 1447 1714 1505 ἐκείνῳ

271 1513 551 1571 προσήκουσιν
567 1514 668 1567 ὖμῖν
697 1515 770 1555 ἒπί
795 1514 991 1555 τοσοῦτον
1018 1513 1172 1567 χρόνον
1202 1512 1476 1566 ἐξητασμένον
1499 1511 1684 1567 ἀκριβῶς
1702 1528 1770 1565 ‚20

272 1579 382 1623 ἀλλά
407 1579 481 1622 καί
503 1578 556 1622 τά
583 1578 801 1632 Ῥωμαίων
828 1575 1051 1633 πράγματα
1081 1575 1241 1626 ἀδόλως
1257 1578 1329 1619 καί
1345 1580 1542 1632 καθαρῶς
1570 1578 1717 1635 διῳκη-

272 1643 394 1699 κότα,
411 1644 459 1688 ὃν
479 1647 519 1688 εἰ
535 1643 639 1687 κατά
661 1642 711 1699 δή
731 1660 824 1686 τινα
850 1640 982 1699 τύχην
1008 1642 1123 1700 παρὰ
1152 1640 1385 1698 βαρβάροις
1411 1641 1462 1697 δή
1489 1658 1573 1684 τισι
1595 1644 1718 1684 συνέ-

141 1724 260 1771 v.297
274 1715 393 1766 βαινε
423 1709 650 1765 διατρίβειν
680 1705 826 1766 πόῤῥω
863 1710 938 1764 τῆς
969 1707 1188 1762 Ῥωμαίων
1223 1712 1323 1762 γῆς,
1362 1709 1516 1762 πολλῆς
1552 1703 1604 1749 ἂν
1635 1703 1714 1764 ᾗτε

275 1778 478 1832 μέμψεως
507 1772 616 1827 ἄξιοι
646 1777 818 1825 δικαίως
845 1776 921 1817 καί
945 1776 1195 1830 κατηγορίας
1213 1806 1225 1829 ,
1254 1774 1294 1818 εἰ,
1308 1771 1367 1828 μὴ
1397 1774 1536 1815 πᾶσαν
1563 1771 1715 1815 ἔθεσθε

365 1892 398 1919 2.
420 1880 484 1915 ἵνα
505 1880 579 1921 Μ.,
603 1870 699 1913 ἀλλὰ
724 1880 763 1914 Ρ.
845 1891 896 1914 ιο.
921 1890 969 1924 τῳ
998 1878 1046 1912 Μ.
1063 1903 1073 1920 ,
1098 1887 1136 1912 τε
1165 1861 1207 1911 PL

272 1975 376 2020 cepi,
419 1974 483 2008 sed
518 1978 556 2007 et
587 1974 704 2008 maius
738 1977 776 2007 et
811 1972 941 2007 melius
974 1982 1038 2005 suo
1073 1976 1237 2017 tempore
1270 1971 1465 2016 imperium
1503 1971 1715 2006 restituam:

272 2033 397 2059 verum
423 2021 532 2055 etiam
566 2024 714 2066 propter
749 2021 935 2053 incensum
973 2017 1154 2063 quoddam
1194 2019 1353 2053 nominis
1387 2020 1459 2052 mei
1491 2018 1715 2064 propagandi

275 2068 454 2107 studium,
491 2067 662 2112 quodque
694 2065 750 2098 his
792 2065 961 2100 omnibus
994 2071 1030 2098 et
1060 2066 1180 2109 potius
1214 2071 1251 2099 et
1283 2065 1485 2098 terribilius
1517 2064 1608 2099 mihi
1633 2070 1716 2106 est,

274 2119 425 2161 propter
449 2124 599 2147 examen
627 2113 802 2145 factorum
829 2122 1011 2151 meorum,
1044 2111 1143 2156 quod
1168 2121 1224 2143 me
1256 2111 1335 2145 illic
1356 2117 1497 2150 manet,
1533 2116 1570 2144 et
1603 2111 1716 2145 ratio-

274 2174 361 2203 nes,
398 2171 486 2206 quas
512 2158 609 2204 apud
634 2157 857 2192 tremendum
883 2157 1047 2191 tribunal
1091 2161 1186 2190 recte
1216 2163 1280 2191 aut
1310 2168 1411 2190 secus
1446 2157 1723 2192 administratae-

276 2210 331 2242 rei
357 2207 521 2252 publicae
549 2203 791 2249 reposcendus
816 2214 903 2237 sum.
934 2203 1036 2248 Quae
1061 2203 1270 2237 socordibus
1292 2209 1329 2237 et
1353 2214 1432 2236 cum
1457 2205 1592 2237 iactura
1617 2215 1716 2237 eom-

276 2254 380 2287 muni
412 2264 494 2287 suas
527 2252 692 2299 privatim
713 2254 812 2294 'opes
847 2250 1063 2295 augentibus
1100 2250 1327 2284 intoleranda
1363 2250 1465 2290 fore,
1501 2261 1608 2284 nemo
1641 2261 1722 2284 non.

275 2300 386 2333 videt.
434 2302 563 2344 Itaque
587 2295 776 2342 probabile
803 2297 863 2337 fit,
883 2307 985 2337 eum,
1023 2297 1088 2343 qui
1120 2297 1187 2329 tali
1214 2297 1309 2341 ipsos
1336 2295 1603 2330 necessitudine
1629 2306 1719 2330 con-

279 2347 447 2388 strinxit,
486 2357 504 2379 e
529 2344 648 2379 medio
686 2343 814 2378 tollere
839 2348 1049 2376 conaturos:
1082 2343 1180 2388 quod
1213 2343 1318 2376 aliter
1348 2353 1422 2375 non
1455 2343 1646 2387 procedet,
1675 2342 1716 2375 ni

278 2398 363 2426 ante
389 2392 512 2426 multis
538 2391 698 2426 confictis
723 2389 919 2426 mendaciis
946 2393 984 2422 et
1009 2391 1167 2423 consutis
1192 2389 1437 2434 sycophantiis
1461 2399 1526 2422 nos
1549 2395 1717 2423 mutuum

278 2440 578 2484 exasperaverim.
628 2437 709 2483 Quo
736 2446 818 2470 vero
842 2434 1082 2480 turpitudinis
1106 2446 1161 2469 res
1187 2447 1334 2469 evasura
1359 2437 1428 2476 sit,
1465 2436 1495 2468 si
1525 2435 1594 2469 hoc
1626 2445 1714 2468 con—

277 2487 420 2531 tigerit,
454 2490 491 2520 et
513 2491 553 2519 tu
577 2495 641 2530 pro
666 2488 731 2516 tua
754 2481 947 2527 prudentia
982 2481 1103 2515 videre
1136 2487 1239 2527 potes
1271 2488 1308 2516 et
1337 2483 1414 2526 ipse
1447 2480 1562 2515 nihilo
1595 2482 1713 2513 minus

278 2532 428 2571 docebo.
477 2531 548 2566 Aut
574 2531 671 2565 enim
695 2539 752 2562 me
778 2528 977 2562 calumniae
1007 2528 1206 2564 obnoxium
1237 2534 1378 2572 praeter
1413 2538 1517 2562 omne
1556 2528 1612 2559 ius
1645 2527 1716 2562 fas-

277 2590 349 2624 que
373 2579 464 2612 mori
488 2589 632 2612 necesse
659 2581 732 2616 est,
758 2574 940 2608 hominem
965 2584 1039 2607 non
1066 2575 1182 2608 solum
1209 2574 1417 2620 imperatori
1441 2579 1478 2607 et
1504 2573 1603 2607 vobis
1628 2584 1714 2607 con-

276 2625 482 2669 sanguineis
519 2626 595 2658 eius
629 2623 806 2661 amicum,
842 2620 981 2654 tamdiu
1016 2620 1208 2666 diligenter
1244 2623 1488 2666 exploratum,
1536 2623 1572 2653 et
1602 2620 1641 2652 in
1675 2629 1719 2652 re-

277 2672 436 2705 Romana
469 2682 547 2704 cum
578 2671 648 2704 fide
680 2668 959 2713 integritateque
985 2666 1267 2701 administranda
1291 2672 1493 2706 versatum3
1519 2676 1648 2711 quem,
1683 2666 1716 2698 si

278 2718 421 2752 fortuna
462 2718 582 2763 aliqua
621 2715 717 2761 apud
763 2714 932 2748 barbaros
972 2714 1096 2757 procul
1129 2716 1364 2747 Romanorum
1403 2714 1506 2746 terris
1544 2711 1713 2756 degeret,

278 2764 382 2805 valde
410 2762 698 2811 reprehendendi
726 2767 762 2796 et
786 2758 978 2799 accusandi
999 2761 1126 2797 merito
1148 2760 1410 2802 censeremiui,
1446 2759 1517 2796 nisi
1539 2769 1621 2795 eum
1655 2767 1714 2794 xte-
