1800 3132
285 152 352 218 14
806 169 1180 215 οΑΝΤΑευΖΕΝι

85 269 174 304 Ac,
195 272 273 318 ¹34¹
278 267 445 323 χαίρειν
481 267 593 310 ἐάσω
627 265 705 316 τὰς
733 265 853 319 δόξας
882 269 965 311 τῶν
993 271 1155 311 πολλῶν
1184 265 1241 319 ὥς
1272 268 1546 325 ψευδομένας,
1581 284 1712 313 ’τετε-μ

279 331 524 387 λευτηκότος
550 331 692 375 τοίνυν
715 335 791 375 τοῦ
815 336 1021 387 βασιλέως
1044 335 1308 390 Ἀνδρονίκου
1332 335 1410 375 τοῦ
1432 335 1526 375 νέου
1544 367 1556 386 ,
1587 333 1614 390 ἧ
1641 337 1719 376 αὕ-

275 398 329 455 “a'’
368 397 545 451 σύζυγος
576 392 708 440 ’Ἀννα
736 398 764 453 ἦ
788 398 955 453 βασιλὶς
994 400 1053 450 εἷς
1089 401 1228 454 τρίτην
1255 400 1335 452 μὲν
1363 398 1524 455 ἡμέραν
1552 401 1719 455 διεκαρ-

278 464 448 518 τέρησεν
477 463 523 504 ἐν
547 465 600 520 τῇ
624 466 729 520 μονῇ
760 465 842 506 τῶν
863 463 1056 520 Ὁὸηγῶν.
1111 462 1217 517 μετὰ
1246 465 1368 506 τοῦτο
1398 465 1445 506 δὲ
1472 467 1516 508 ἐν
1534 468 1720 520 βασιλεί-

234 531 339 576 Οοις
364 530 559 583 γενομένη
576 560 588 583 ,
630 530 855 585 ἐπένθησεν
882 530 948 587 ἐφ’
979 531 1155 586 ἡμέραις
1179 531 1322 582 ἐννέα,
1366 529 1529 572 πάντων
1564 528 1744 587 ‹ioque-5,

278 610 352 648 ραι
379 591 484 649 πρὸς
510 592 562 637 τὰ
600 596 793 648 βασίλεια
828 596 1188 652 παραγινομένων,
1230 594 1281 636 οὔ
1319 597 1400 637 τῶν
1442 598 1720 652 συγκλητικῶν

277 657 406 712 μόνον
444 660 518 701 καί
557 661 922 716 στρατευομένων,
968 658 1075 703 ἀλλά
1117 658 1190 701 καί
1223 661 1306 701 τῶν
1348 656 1440 702 ὅσοι
1476 661 1720 712 Βυζαντίων

280 721 389 782 ἦσαν
417 725 462 766 ἒν
488 721 595 782 λόγῳ
623 724 696 766 καί
719 727 837 784 κοινῇ
861 723 931 767 τὸν
960 722 1199 766 ἀπελθόντα
1229 724 1496 780 θρηνούντων
1521 728 1716 779 βασιλέα.

279 789 517 842 ὸ“ομέστικος
545 791 592 832 δὲ
624 789 647 832 ὅ
665 792 795 845 μέγας
821 791 864 841 ἐξ
893 789 1026 845 αὐτῆς
1053 787 1223 846 ἡμέρας,
1254 785 1303 845 ἧς
1321 788 1576 846 ἐτελεύτησεν
1594 789 1618 833 ὅ
1637 794 1718 844 βα·-

277 853 436 907 σιλεῦς,
469 855 635 910 ου’ὃαμῆ
665 858 746 898 τῶν
772 856 996 909 βασιλείων
1024 855 1177 910 ἀπέστη
1195 887 1206 906 ,
1238 854 1345 897 ἀλλὰ
1375 857 1455 897 τῶν
1479 872 1522 898 τε
1553 858 1768 898 οἰκείωνῐθ

279 922 353 963 καί
381 921 475 973 ιτῶν
501 922 729 975 βασιλικῶν
755 923 1052 970 πεντακοσίους
1080 919 1201 974 ἔχων,
1234 919 1308 969 οὒς
1335 921 1603 976 ἐγκατέστησε
1629 925 1715 969 τοῖς

277 985 503 1040 βασιλείοις
532 983 746 1043 φρουρὰν,
777 984 849 1028 διὰ
877 984 1012 1042 πάσης
1040 987 1275 1039 ἐπιμελείας
1302 986 1475 1028 ἐποιεῖτο
1494 986 1567 1027 καί
1584 1001 1714 1028 σπου-

281 1053 356 1106 δῆς
381 1054 463 1093 τῶν
496 1050 597 1100 ἴσως
624 1049 949 1108 νεωτεριούντων
976 1049 1262 1105 ἀπαμβλύνειν
1290 1050 1367 1101 τοὶς
1395 1049 1542 1108 ὁρμάς,
1606 1047 1714 1104 μετὰ

280 1117 329 1159 δὲ
363 1114 438 1173 τήν
473 1116 631 1173 ἐνάτην
663 1119 746 1160 τῶν
773 1116 846 1159 ἐπὶ
867 1122 954 1166 τοῖς
983 1114 1291 1171 τετελευτηκόσι
1327 1115 1519 1172 συνήθως
1554 1131 1715 1170 γενενη-

279 1184 415 1236 μένων
449 1182 664 1238 ἱλασμῶν,
707 1182 782 1239 τήν
816 1185 896 1236 μὲν
931 1181 1124 1240 φρουράν
1157 1180 1232 1238 τήν
1257 1181 1411 1237 πολλήν
1437 1184 1605 1235 ἐξέβαλε
1632 1177 1769 1222 τῶνιό

240 1247 523 1302 Ββασιλείων,
567 1248 732 1304 ὄλίγους
761 1249 1035 1304 καταστήσας,
1075 1244 1167 1290 ὅσοι
1199 1247 1273 1303 καί
1295 1244 1491 1303 πρότερον
1519 1247 1567 1297 ε’·ξ·
1590 1245 1716 1296 ἔθους

286 1310 407 1369 ἦσαν.
491 1310 618 1364 αὗτὸς
647 1316 693 1357 δὲ
729 1312 834 1357 οἴκοι
869 1312 1072 1369 γεγονώς,
1118 1312 1314 1367 συνήθως
1358 1314 1594 1365 ἐπεμελεῖτο
1634 1312 1718 1353 τῶν

282 1377 537 1435 πραγμάτων
548 1397 560 1410 ·
603 1379 676 1422 καί
690 1386 777 1430 τοῖς
797 1395 841 1422 τε
858 1378 933 1429 τοὶς
951 1378 1087 1433 ἀρχὰς
1104 1379 1473 1433 ἐπιτετραμμένοις
1488 1378 1570 1418 τῶν
1587 1378 1717 1431 ἐπαρ-

282 1447 390 1501 χιῶν
428 1448 503 1488 καί
539 1447 622 1489 τῶν
659 1444 818 1488 πόλεων
842 1442 1015 1503 παρῄνει
1044 1443 1114 1485 διὰ
1143 1442 1397 1498 γραμμάτων
1423 1445 1615 1496 ἀτρεμεῖν
1643 1443 1720 1482 καί

282 1513 415 1567 μηδὲν
443 1512 698 1568 νεωτερίζειν
716 1543 729 1566 ,
769 1510 826 1560 ὥς
852 1511 925 1566 τῆς
952 1525 997 1551 τε
1024 1510 1328 1563 καλοκάγαθίας
1356 1508 1426 1550 καὶ
1450 1510 1523 1563 τῆς
1550 1508 1608 1556 εἷς
1633 1509 1768 1560 fitz-20

285 1577 403 1620 σιλέα
431 1578 594 1627 εὐνοίας
621 1578 741 1628 ἀξίας
767 1576 1101 1633 ἀποληψομένοις
1127 1574 1202 1624 τοὶς
1229 1575 1488 1628 εὐεργεσίας,
1519 1571 1594 1615 καί
1617 1573 1715 1615 τοῦ-

284 1645 463 1698 ναντιόν,
493 1637 543 1700 ἦν
568 1659 608 1685 τι
635 1643 936 1698 νεωτερίζοιεν,
965 1641 1128 1682 τίσουσι
1157 1642 1289 1688 δίκας.
1348 1640 1421 1680 καί
1436 1645 1520 1688 τοῖς
1538 1641 1620 1680 τῶν
1640 1640 1714 1694 δη-

282 1712 442 1763 μοσίων
481 1710 772 1765 συνεισφορῶν
807 1706 882 1762 τήν
907 1704 1124 1762 εἴσπραξιν
1152 1705 1522 1760 ἐγκεχειρισμένοις
1553 1705 1715 1745 ἐκέλευε

282 1780 525 1833 κακουργεῖν
551 1774 650 1831 περὶ
668 1773 719 1817 τὰ
743 1771 941 1829 χρήματα
966 1773 1119 1828 μηδὲν,
1160 1771 1217 1822 ὥς
1243 1770 1365 1813 οὐδὲν
1389 1768 1559 1812 ἔλαττον
1583 1765 1610 1824 ἢ
1636 1772 1716 1823 βα-

374 1876 408 1909 6.
431 1871 506 1922 πρὸ
531 1874 568 1909 Ρ.
661 1885 716 1910 22·
741 1885 799 1912 τις
820 1873 857 1910 Ρ.

280 1967 392 2011 igitur
417 1965 622 2001 Andronico
645 1964 790 1998 iuniore
812 1965 1052 2008 Imperatore,
1082 1961 1239 2005 Augusta
1270 1961 1391 1996 triduo
1424 1961 1464 1995 in
1495 1962 1714 1996 monasterio

280 2014 511 2059 Hodegorum
533 2013 676 2046 mansit.
722 2011 848 2045 Postea
875 2010 915 2042 in
939 2010 1071 2054 regiam
1090 2019 1267 2053 regressa,
1291 2008 1420 2042 diebus
1444 2018 1571 2041 novem
1599 2008 1715 2041 luctui

281 2072 320 2095 se
345 2060 508 2101 dedidit,
534 2070 614 2092 cum
638 2057 803 2105 quotidie
827 2065 973 2096 omne-⁸³,
998 2066 1072 2088 nou
1099 2060 1279 2089 senatores
1302 2055 1412 2088 modo
1435 2066 1476 2088 ac
1499 2054 1624 2095 (luces,
1648 2053 1715 2087 sed

281 2111 462 2154 quotquot
485 2105 645 2149 Byzantii
680 2102 900 2143 eminebant,
929 2101 1140 2135 accederent
1167 2107 1204 2135 et
1227 2100 1436 2135 defunctum
1459 2103 1714 2145 Imperatorem

281 2153 461 2188 communi
496 2151 752 2186 lamentatione
791 2154 1101 2194 prosequerentur.
1167 2149 1319 2192 Magnus
1355 2158 1461 2193 porro
1496 2148 1712 2181 domesticus

281 2202 327 2234 ab
354 2211 396 2233 eo
425 2200 503 2244 ipso
527 2198 605 2238 die,
645 2208 717 2243 quo
745 2197 945 2239 Imperator
966 2195 1121 2228 animam
1145 2194 1284 2234 edidit,
1314 2206 1334 2227 a
1366 2194 1502 2239 palatio
1533 2204 1714 2240 nusquam

283 2247 512 2282 discedebat:
539 2244 603 2278 sed
629 2241 835 2289 quingentis
856 2241 986 2286 partim
1014 2243 1100 2282 suis,
1125 2242 1256 2286 partim
1275 2240 1514 2285 imperatoriis
1531 2241 1568 2272 in
1593 2250 1636 2272 eo
1665 2239 1713 2273 ad

282 2294 483 2328 custodiam
507 2290 712 2330 collocatis,
747 2299 922 2321 summum
949 2287 1108 2321 studium
1132 2287 1430 2332 diligentiamque
1454 2286 1711 2332 impendebat:

281 2347 325 2376 ut
352 2341 382 2373 si
408 2340 472 2384 qui
497 2337 645 2372 fortasse
669 2346 724 2369 res
747 2345 857 2368 novas
888 2339 1131 2374 attentarent,
1169 2344 1291 2366 eorum
1317 2338 1463 2366 conatus
1489 2332 1712 2377 infringeret·

281 2387 366 2422 Post
397 2386 494 2420 diem
531 2394 688 2424 nonum,
726 2385 889 2426 peracta,
938 2386 979 2413 ut
1018 2382 1169 2421 assolet,
1221 2390 1286 2424 pro
1323 2379 1502 2413 defunctis
1536 2379 1713 2423 piaculari

282 2434 500 2468 caerimonia
515 2457 525 2472 ‚
546 2428 710 2463 custodes
736 2438 755 2462 e
779 2427 915 2472 palatio
943 2426 1096 2460 dimittit
1118 2427 1256 2472 (paucis
1281 2425 1452 2467 retentis,
1489 2431 1580 2469 quot
1602 2425 1715 2460 nimi—

282 2492 360 2514 rum
384 2485 419 2513 et
443 2484 548 2513 antea
572 2485 648 2510 esse
675 2475 957 2519 consueverant),
980 2474 1058 2518 ipse
1082 2473 1201 2514 domi,
1234 2477 1273 2505 ut
1297 2482 1455 2517 semper,
1480 2473 1530 2505 rei
1545 2471 1712 2516 publicae

282 2527 441 2561 animum
469 2523 706 2563 intendebat,
743 2525 780 2554 et
807 2519 951 2554 urbium
975 2520 1309 2565 provinciarumque
1339 2523 1494 2552 rectores
1518 2529 1581 2562 per
1609 2517 1712 2551 litte-

285 2585 339 2607 ras
362 2573 552 2610 monebat,
576 2580 621 2603 ne
647 2568 753 2602 rebus
776 2567 876 2601 novis
901 2567 1106 2610 studerent3
1133 2572 1173 2600 ut
1200 2572 1258 2599 ote
1280 2563 1386 2597 huius
1408 2575 1491 2598 suae
1518 2562 1710 2608 probitatis

286 2625 324 2653 et
349 2619 509 2665 egregiae
532 2619 571 2649 in
596 2618 849 2661 Imperatorem
874 2613 1072 2649 voluntatis
1095 2623 1161 2647 con
1190 2613 1269 2658 igua
1295 2611 1453 2656 praemia
1478 2615 1707 2654 accepturos:

287 2673 410 2700 contra
437 2667 465 2699 si
492 2662 581 2710 quid
610 2661 918 2701 machinarentur,
951 2671 1084 2706 poenas
1115 2660 1271 2696 daturos.
1319 2656 1579 2703 Quaestoribus
1621 2657 1708 2688 item

287 2712 503 2751 mandabat,
540 2720 586 2744 ne
621 2708 710 2753 quid
736 2707 879 2741 sceleris
902 2709 942 2742 in
975 2707 1128 2752 pecunia
1163 2706 1417 2750 designarent,
1458 2702 1555 2749 quod
1591 2701 1708 2735 nihilo

288 2761 429 2803 minus,
470 2767 579 2806 quam
601 2755 818 2802 Imperatore
851 2755 945 2797 vivo,
970 2754 1127 2789 rationes
1157 2753 1304 2788 relaturi
1340 2755 1467 2787 essent.
1515 2748 1633 2796 Atque
1663 2747 1709 2782 ad
