1820 3138
527 193 907 238 ms'romARUM
946 193 1018 233 111.
1062 195 1127 239 70.
1326 209 1334 220 x
1436 168 1548 244 427

110 303 265 344 ἐκεῖνον
291 295 416 353 ἥκειν,
445 288 627 350 ἄρχοντα
657 293 911 343 εἰσεδέξαντο
940 291 1187 346 πεμφθέντα
1216 285 1331 343 παρὰ
1354 284 1549 339 Ἀλεξὰν-
1565 293 1647 328 A-C.
1662 292 1748 338 1343

112 369 241 422 δρου·
298 362 468 417 ἔμελλον
496 361 542 402 δὲ
569 361 642 401 καί
668 356 872 415 φρουράν.
910 354 939 398 ὃ
966 355 1081 412 παρὰ
1114 358 1194 398 τῶν
1225 357 1440 409 πρεσβέων
1465 361 1589 411 auf-C

52 443 58 454 ¹
109 431 202 475 θών
230 430 253 473 ὅ
280 425 506 485 βασιλεὺς,
537 427 628 468 έπεί
654 427 728 466 καί
754 424 778 479 ἢ
809 422 984 479 στρατιὰ
1015 423 1152 478 παρῆν
1189 420 1214 477 ἦ
1255 419 1446 476 Περσικὴ
1485 421 1558 463 καί

110 499 210 552 περὶ
235 497 310 538 τοῦ
339 490 491 549 Κράλη
519 489 787 543 ἐπυνθάνετο,
815 489 872 538 ὥς
900 489 1203 545 ἀναστρέψειεν
1231 488 1290 535 εἰς
1309 485 1380 541 τήν
1399 488 1556 531 οἰκείαν

82 561 183 607 ὅδιά
209 559 283 616 τὴν
309 557 468 614 πληγήν
493 558 567 613 τῆς
597 557 819 613 στρατιᾶς,
851 548 1038 607 εὔθυμος
1068 551 1283 609 γενόμενος
1318 554 1390 594 καί
1431 554 1558 594 Illur-

107 631 233 670 θαΐον
277 624 352 669 τὸν
390 624 486 667 υἱὸν
525 619 707 680 ἄρχοντα
748 625 824 676 τῆς
849 636 892 664 τε
922 621 1161 674 Γρατιανοῦ
1190 617 1262 660 καί
1288 620 1370 660 τῶν
1397 611 1559 670 ἄλλων,

108 693 159 736 αἳ
182 691 361 748 ὗπήκοοι
401 686 511 747 ἦσαν
537 693 584 733 ἐν
610 691 663 746 τῇ
691 689 942 743 Χαλκιδικῇ,
975 684 1218 728 καταλιπών
1237 717 1249 739 ,
1286 685 1343 735 ὥς
1369 681 1457 739 εἶχε
1483 682 1558 725 τά-

105 775 236 814 χους,
286 757 392 813 πρὸς
422 755 610 812 Μόᾷῥαν
647 754 720 798 ἐπὶ
743 752 843 802 τούς
871 750 1055 801 Inventis·
1083 751 1250 806 ἐχώρει.
1309 749 1559 803 αἰσθόμενος

110 826 158 867 δὲ
182 825 476 879 Ἀλέξανδρος,
519 822 613 864 ἐπεὶ
635 820 694 875 μὴ
724 817 1105 862 ἀντικαθίστασθαι
1133 816 1317 871 ἠδύνατο
1346 815 1449 872 πρὸς
1475 815 1556 869 μά-

60 906 220 946 ιοχην,
255 890 420 945 σπουδῇ
449 890 579 945 πολλῇ
606 889 788 940 διέβαινε
815 883 884 927 τὸν
902 880 1053 939 “Ἐβρον
1082 882 1274 932 ἀτάκτως
1300 885 1374 924 καί
1399 892 1691 939 πεφυρ-ν.4-;ῃ

111 957 262 1010 μένως,
290 956 365 998 καί
381 950 752 1010 ἐστρατοπεδεύετο
780 952 876 1004 ἐκεῖ,
906 949 962 999 ὥς
988 951 1064 992 τοῦ
1085 951 1277 1002 ποταμοῦ
1303 947 1559 999 κωλύσοντος

109 1024 287 1076 βασιλέα
322 1019 381 1076 μή
421 1021 737 1073 συμπλέκεσθαι
775 1014 934 1065 αὐτοῖς.
1006 1015 1216 1057 ἀπώλοντο
1261 1016 1308 1057 δὲ
1349 1013 1455 1056 κατὰ
1484 1012 1558 1058 τὸν

107 1085 239 1143 πόρον
291 1088 550 1140 στρατιῶταί
585 1101 631 1126 τε
671 1085 802 1139 ὀλίγοι
847 1084 922 1124 καί
964 1084 1082 1124 ἵπποι
1112 1085 1298 1123 πλεῖστοι
1337 1083 1411 1122 καί
1447 1082 1594 1122 dno-D

109 1153 279 1206 σκευαί,
336 1152 386 1194 οὐ
421 1148 549 1205 μόνον
575 1149 658 1192 ὑπὸ
688 1153 762 1192 τοῦ
792 1150 981 1205 ῥείθρου,
1010 1148 1102 1189 ἀλλ’
1132 1144 1197 1188 ὅτι
1218 1149 1290 1188 καί
1317 1144 1365 1188 οἷ
1384 1148 1429 1189 ἐν
1448 1161 1551 1202 προ·

62 1217 274 1268 ιότάκτοις
293 1216 374 1260 ὖπὸ
395 1219 604 1272 βασιλέως
630 1219 886 1271 τεταγμένοι,
914 1213 975 1256 ἔτι
995 1215 1089 1256 ’τῶν
1117 1216 1288 1256 Μυσῶν
1317 1211 1556 1265 διαβαινόν-

113 1285 434 1340 τωνλέπέκειντο
463 1284 617 1332 αὐτοῖς.
669 1279 1000 1337 ιΥπερπυροίκιον
1030 1281 1077 1322 δὲ
1105 1274 1236 1328 αὖθις
1266 1277 1506 1320 α’νεσώσατο
1533 1274 1556 1317 ὅ

111 1348 332 1404 βασιλεύς,
363 1342 437 1392 τοῧ
470 1347 586 1406 παρὰ
620 1348 893 1403 Ἀλεξάνδρου
935 1342 1136 1402 ἄρχοντος
1180 1347 1407 1401 διαδρᾶναι
1435 1346 1558 1398 δυνη-

111 1418 257 1466 θέντος
298 1413 389 1469 ἅμα
431 1418 490 1474 τῷ
525 1417 742 1458 πυθέσθαι
782 1416 960 1469 βασιλέα
995 1410 1158 1470 ἥκοντα.
1209 1412 1481 1467 Ἀλέξανδρος
1512 1410 1559 1452 δὲ

112 1488 199 1532 τοῖς
239 1484 443 1535 βασιλέως
490 1475 716 1537 πρέσβεσιν
759 1481 908 1523 αὐτίκα
960 1483 1228 1536 χρηματίσας
1278 1480 1352 1520 καί
1385 1480 1562 1531 θέμενος

57 1546 317 1600 αοσπονδοὶς,
347 1549 567 1601 ἐξέπεμψε,
597 1549 730 1602 μηδὲν
754 1547 994 1601 ἠδικηκέναι
1019 1544 1218 1601 εἰρηκώς,
1247 1547 1303 1586 δι’
1334 1542 1358 1586 ὃ
1387 1546 1560 1593 δικαίως

113 1614 333 1668 ἀμυνεῖται
361 1612 574 1666 βασιλεῦς,
601 1612 674 1655 καί
700 1615 955 1668 ἀνέστρεφεν
983 1613 1043 1660 εἰς
1070 1610 1148 1665 τήν
1176 1613 1344 1653 οἰκείαν.

219 1679 265 1721 ο’.
323 1679 537 1730 Βασιλεύς
576 1681 623 1721 δὲ
677 1679 867 1733 α’σμένως
899 1673 1290 1730 ἀποσκευασάμενος
1326 1676 1401 1720 καί
1433 1677 1681 1735 Ἀλέ-Ρ.589

210 1775 260 1799 ιο.
287 1762 533 1810 πεφυρμένος
561 1762 597 1796 Ρ,

113 1828 340 1864 subacturus.
405 1827 521 1858 Unum
560 1835 668 1870 porro
695 1825 742 1859 de
769 1824 864 1865 illis,
900 1824 1210 1869 Hyperpyracium
1237 1826 1411 1865 nomine,
1446 1825 1557 1858 etiam

112 1879 196 1906 aute
230 1873 428 1907 Alexandri
464 1872 657 1905 adventum
692 1871 915 1915 praefectum
950 1871 996 1903 ab
1032 1882 1075 1905 eo
1111 1871 1261 1903 missum
1288 1878 1496 1917 susceperat
1520 1879 1558 1906 et

112 1926 190 1954 erat
213 1931 362 1966 quoque
388 1919 610 1965 praesidium
636 1923 899 1963 suscepturum.
948 1918 1150 1960 Imperator
1167 1943 1176 1958 ,
1202 1923 1241 1950 ut
1266 1917 1337 1951 hoc
1361 1929 1404 1951 ex
1427 1918 1556 1962 legatis

112 1967 265 2009 didicit,
307 1967 392 2012 quia
427 1971 464 1999 et
499 1967 681 1999 Persicum
717 1965 921 1999 subsidium
948 1964 1130 2004 habebat,
1168 1967 1205 1995 et
1240 1965 1376 1998 Cralem
1407 1971 1557 2010 propter

110 2014 251 2059 plagam
289 2018 471 2060 acceptam
508 2013 545 2057 in
577 2014 801 2057 provinciam
826 2022 1006 2046 reversum
1032 2011 1217 2051 audierat,
1240 2010 1436 2052 hilaratus,
1462 2013 1557 2045 Mat-

111 2061 220 2094 thaeo
265 2061 341 2094 filio
396 2059 668 2104 Gratianopolis
705 2060 933 2104 aliarumque
968 2058 1114 2091 urbium
1156 2059 1195 2090 iu
1241 2058 1448 2093 Chalcidica
1482 2059 1556 2092 sibi

64 2119 66 2121 ’
110 2107 318 2152 parentium
355 2107 538 2151 praefecto
573 2106 721 2145 relicto,
758 2108 796 2140 in
827 2104 1012 2141 Morrham
1047 2108 1171 2138 contra
1206 2105 1349 2138 Moesos
1376 2112 1556 2150 quantum

110 2154 232 2199 potuit
265 2155 483 2199 properavit.
547 2153 598 2186 Eo
627 2150 816 2187 in'tellecto
847 2151 1062 2192 Alexander,
1084 2151 1258 2196 quoniam
1283 2152 1360 2186 acie
1386 2153 1555 2188 resistere

110 2199 319 2245 nequibat,
350 2202 455 2238 mira·
477 2199 710 2233 festinatione
744 2206 780 2234 et
813 2200 1054 2243 incomposite
1088 2204 1197 2242 atque
1234 2199 1385 2232 confuse
1424 2199 1547 2233 Hebro

110 2248 291 2287 transito,
327 2238 449 2281 castr!
479 2247 588 2286 fecit,
626 2251 811 2293 tamquam
843 2246 994 2279 flumine
1033 2246 1288 2289 imperatorem
1325 2245 1547 2289 impeditura

111 2293 280 2332 scilicet,
317 2305 362 2326 ne
395 2294 477 2327 illos
511 2304 631 2326 secum
671 2304 859 2327 conserere
894 2304 1019 2326 manus
1053 2292 1295 2335 compelleret.
1357 2293 1554 2326 Summersi

111 2345 198 2374 sunt
234 2341 271 2372 in
308 2342 461 2374 transitu
495 2339 629 2373 milites
663 2341 805 2387 aliquot
842 2345 879 2372 et
912 2340 998 2384 equi
1027 2339 1249 2383 complures,
1275 2341 1436 2372 sarcinae
1467 2340 1555 2373 item

111 2393 149 2421 et
177 2385 436 2431 impedimenta
462 2398 535 2421 non
563 2386 600 2418 in
618 2386 768 2420 flumine
795 2386 916 2428 modo,
930 2386 993 2420 sed
1018 2385 1085 2418 hac
1110 2387 1217 2418 etiarn
1245 2386 1288 2418 de
1315 2396 1419 2419 causa
1443 2388 1555 2420 amis-

110 2445 170 2472 sa,
197 2431 295 2478 quod
326 2434 364 2465 in
398 2433 587 2478 principiis
623 2433 669 2467 ab
693 2434 910 2478 imperatore
938 2432 1049 2466 locati
1085 2432 1226 2466 Moesos
1265 2431 1384 2465 adhuc
1408 2439 1557 2466 transe-

111 2485 218 2513 untes
237 2503 247 2518 ,
283 2490 303 2511 a
337 2486 436 2524 tergo
470 2479 557 2524 ipsis
594 2479 783 2520 instantes,
808 2479 1060 2525 perurgebant.
1088 2479 1392 2523 Hyper-pyracium
1419 2486 1553 2520 autem,

110 2527 319 2570 praefecto,
358 2538 467 2571 quem
497 2527 700 2560 Alexander
725 2529 956 2566 instituerat,
990 2526 1141 2558 simulac
1165 2526 1391 2569 imperatoris
1417 2526 1555 2560 adven'-

113 2579 191 2605 tum
223 2572 376 2614 audivit,
407 2574 522 2617 fugae,
553 2573 640 2618 quia
663 2579 819 2618 poterat,
845 2584 882 2606 se
915 2572 1122 2613 mandante,
1149 2578 1331 2616 receptum
1356 2578 1419 2606 est.
1467 2574 1553 2606 Ale-

111 2619 248 2652 xander
275 2631 382 2663 porro
409 2620 544 2663 legatos
570 2631 665 2659 mox,
676 2631 847 2665 responso
874 2620 958 2652 dato
982 2619 1150 2664 factoque
1178 2618 1551 2661 foedere,dimittens‚

113 2666 323 2711 addensque
357 2666 452 2699 nihil
486 2677 523 2699 se
558 2678 622 2710 per
646 2667 818 2701 iniuriam
847 2666 1090 2706 commisisse,
1128 2665 1227 2712 quod
1250 2667 1446 2712 imperator
1474 2679 1551 2700 me*-

115 2714 186 2746 rito
214 2713 429 2753 ulciscatur,
456 2713 493 2745 iu
517 2723 663 2755 regnum
689 2725 792 2747 suum
823 2724 861 2746 se
886 2712 1034 2756 recepit.

210 2771 265 2803 7⁰·
313 2760 511 2803 Imperator
554 2771 634 2792 cum
665 2765 702 2793 et
738 2758 977 2792 Alexandrum
1008 2759 1215 2792 submotum
1258 2769 1335 2791 esse
1368 2757 1553 2801 gauderet,

116 2805 372 2842 Heracleensea
399 2806 624 2852 imperatoris
647 2806 888 2852 adolescentis
902 2806 1083 2841 studiosos
1108 2804 1281 2845 invadere⁴
1290 2805 1454 2851 parabat,
1472 2815 1553 2838 cum
