1806 3152
277 160 390 227 614
628 227 632 232 Δ
800 178 1164 244 οᾼΝΤᾼουΖΕΝι

83 286 262 332 Λ.0.ιι347
276 273 572 333 μείψατοτοῖς
599 280 809 331 ἐναντίοις,
835 278 908 320 καί
931 278 1000 322 τὸν
1029 278 1206 332 πόλεμον
1233 283 1412 334 κεκίνηκε
1439 282 1523 322 κατ’
1552 279 1698 321 αὐτοῦ’.

272 345 488 396 Παλαμᾶν
516 345 562 385 δὲ
588 342 724 400 ἐπῄνει
761 342 833 384 καί
857 343 1010 392 πολλὰς
1037 342 1234 398 (ὁμολόγει
1261 345 1456 400 χάριτας,
1503 341 1567 386 ὅτι
1594 347 1695 385 πολ-

272 408 346 464 λὴν
385 408 490 463 ὑπὲρ
520 409 654 450 αὐτοῦ
679 410 841 451 δικαίου
881 411 954 450 καί
987 412 1060 463 τῆς
1100 410 1297 463 ἀληθείας
1335 410 1513 452 κάκωσιν
1546 409 1694 450 ὑπενε-

230 482 260 514 D
278 473 411 528 γκών,
446 475 567 516 ου’δὲν
597 475 760 528 ἀγεννὲς
788 469 882 515 οὗτε
909 472 1105 530 ἔπραξεν,
1145 471 1466 530 οὔτ’ὲφθέγξατο
1501 471 1601 529 ἄχρι
1629 476 1693 515 τέ-

273 544 386 588 λους.
440 538 580 581 ἔπειτα
622 539 782 581 ἐκέλευε
814 538 914 588 τούς
952 540 1051 594 πρὸς
1095 542 1297 592 βασιλίδα.
1326 540 1396 582 καὶ
1423 542 1597 594 βασιλέα
1624 537 1722 585 τῦν5,

275 603 369 647 υἱὸν
393 603 569 660 γράφειν
596 602 764 660 ὅρκους.
816 606 888 646 καί
913 605 1138 661 ἐγράφοντο
1166 604 1237 646 ε’πί
1261 604 1436 658 τούτοις,
1468 603 1571 647 (ὅστε
1598 603 1698 658 μήτ’,

273 668 401 712 αὕτὸν
429 668 666 722 α’μύνεσθαι
695 668 790 718 τοὺς
817 670 1092 725 λελυπηκότας
1122 670 1195 711 καί
1221 667 1414 719 συνόντας
1443 673 1485 712 ἐν
1512 669 1696 723 βασιλεύ.

273 751 334 785 οις
360 737 544 789 βασιλίδι
572 734 662 776 τότε
693 768 705 789 ,
733 733 838 789 μήτε
868 737 1040 790 ζημιοῦν
1065 737 1216 790 μηδὲν,
1274 733 1379 777 ἀλλὰ
1402 737 1539 776 πᾶσαν
1561 736 1701 790 ἅμνη-ἶ

273 802 392 842 στιάν
434 802 695 855 παρέχεσθαι
733 802 815 842 τῶν
856 803 1152 856 πεπραγμένων
1175 818 1183 826 ·
1251 801 1352 855 μήτε
1387 800 1583 855 βασιλίδα
1623 798 1696 840 καί

271 868 447 919 βασιλέα
479 864 553 907 τὸν
581 864 674 907 υἱὸν
701 870 787 915 τοῖς
817 867 954 923 ἐκείνῳ
989 866 1255 921 συμπράξασι
1283 863 1384 907 κατά
1412 863 1481 907 τὸν
1512 866 1745 917 πόλεμονιο

269 936 547 986 μνησικακεῖν,
573 932 670 988 μηδ’
701 933 924 986 ἐπιχειρεῖν
948 929 1163 984 βλάπτειν,
1191 931 1295 985 μήτε
1322 932 1455 987 τέχνῃ,
1483 928 1584 983 μήτε
1611 947 1696 983 μη-.

263 998 375 1054 χανῇ
406 998 615 1053 μηδεμιᾷ,
674 997 763 1038 ἀλλ’
800 992 1054 1052 ἀμφοτέροις
1093 994 1365 1038 διαλελύσθαι
1397 994 1442 1038 τὸ
1466 994 1568 1051 πρὸς
1595 994 1692 1043 τούς

266 1062 476 1116 ἑκατέροις
515 1065 836 1116 προσκειμένους
873 1061 1022 1115 ἔχθος·
1078 1060 1239 1117 κτήσεις
1291 1063 1336 1103 δὲ
1377 1060 1488 1115 ἔχειν
1529 1058 1691 1108 πάντας

265 1125 341 1176 τοὶς
368 1124 525 1183 ἑκάστῳ
563 1126 849 1183 προσηκούσας
877 1129 946 1169 ἀπ’
975 1128 1132 1182 ἀρχῆς·
1187 1126 1507 1181 συμβασιλεύειν
1537 1128 1582 1168 δὲ
1609 1127 1691 1178 α’μ-

264 1194 463 1248 φοτέρους
492 1195 667 1245 βασιλέα
695 1209 738 1235 τε
765 1192 835 1235 τὸν
856 1192 1205 1248 Καντακουζηνόν
1239 1192 1310 1234 καί
1335 1192 1409 1234 τὸν
1444 1188 1742 1238 Παλαιολό-ιό

264 1271 336 1311 γον
357 1253 549 1312 Ἰωάννην
593 1257 666 1300 τὸν
703 1260 1026 1311 νέον,βασιλέα·
1092 1260 1164 1299 καί
1200 1254 1392 1311 ἀλλήλοις
1434 1257 1589 1297 εὐνοεῖν
1616 1253 1691 1309 τήν

138 1330 172 1364 Ρ.
189 1340 255 1375 7⁰0
267 1320 556 1377 προσήκουσαν
597 1317 762 1365 εὔνοιαν
796 1322 977 1378 πατράσι
1020 1325 1091 1364 καί
1133 1321 1253 1364 παισὶ
1295 1321 1399 1376 πρὸς
1446 1318 1686 1376 ἑκατέρους·

262 1387 442 1428 ὑπείκειν
482 1388 528 1429 δὲ
564 1386 635 1429 τὸν
662 1389 752 1430 νέον
780 1390 840 1444 τῷ
865 1390 1127 1444 πρεσβυτέρῳ
1169 1385 1273 1428 κατὰ
1312 1384 1442 1428 πάντα
1497 1385 1570 1427 καί
1615 1387 1694 1430 τοῦἶ

263 1449 461 1507 πράττειν
499 1454 613 1509 αὐτῷ
639 1459 908 1508 παραχωρεῖν
934 1453 1004 1493 ἐπὶ
1033 1452 1131 1493 δέκα
1161 1450 1270 1494 ἔτεσι
1299 1450 1369 1493 διά
1398 1450 1471 1506 τὴν
1499 1451 1688 1506 ἡλικίαν·

130 1520 169 1554 V.
185 1522 253 1556 558
262 1515 366 1569 μετὰ
396 1519 518 1559 τοῦτο
550 1520 595 1560 δὲ
624 1520 695 1573 τῆς
723 1510 855 1573 ἀρχῆς
884 1519 1169 1571 συμμετέχειν.
1223 1518 1401 1558 τοιοῦτοι
1421 1518 1497 1569 μὲν
1515 1514 1553 1557 οἱ
1577 1512 1742 1570 ὅρκοιαο
1799 1567 1802 1572 Δ

259 1583 519 1636 ἐγεγένηντο,
553 1581 624 1623 καί
651 1579 850 1631 αὖτόςτε
877 1578 1039 1635 ὤμνυεν
1073 1582 1092 1624 ὅ
1121 1580 1320 1636 βασιλεῦς
1359 1581 1430 1623 καί
1471 1582 1497 1636 ἦ
1525 1583 1688 1634 βασιλὶς

247 1641 380 1688 ’Ἅννα
406 1645 509 1699 μετὰ
537 1650 740 1700 βασιλέως
771 1650 849 1689 τοῦ
875 1640 995 1696 υἱοῦ,
1025 1645 1132 1690 ὥστε
1169 1645 1487 1703 παραβήσεσθαι
1505 1649 1688 1702 μηδέπο-

257 1727 311 1753 τε.
366 1713 668 1766 τετελεσμένων
709 1715 755 1755 δὲ
781 1716 864 1755 τῶν
893 1710 1039 1770 ὅρκων,
1068 1713 1142 1763 τὰς
1166 1711 1300 1762 πύλας
1326 1712 1365 1755 οἷ
1392 1715 1435 1755 ἐν
1466 1712 1687 1767 βασιλείοις

352 1816 403 1851 16.
432 1813 611 1858 ἀλλήλους
638 1816 672 1849 Ρ.

258 1919 351 1952 male
374 1918 523 1963 gratiam
548 1919 739 1953 retulisset
770 1925 808 1954 et
846 1920 981 1954 bellum
1011 1925 1133 1955 contra
1165 1932 1201 1955 se
1227 1921 1453 1955 concitasset.
1502 1919 1686 1955 Palamam

257 1970 382 1999 contra
405 1965 565 1999 laudavit
594 1971 631 1998 et
653 1967 784 2009 gratias
810 1969 905 2012 egit,
940 1968 1037 2012 quod
1063 1980 1125 2013 pro
1164 1969 1305 2002 iustitia
1345 1968 1568 2011 veritateque
1603 1976 1685 2009 gra-7

255 2013 401 2044 vissime
426 2012 574 2045 afflictus
589 2037 599 2053 ‚
626 2022 739 2058 usque
764 2011 810 2045 ad
834 2018 1029 2047 extremum
1056 2015 1149 2048 nihil
1176 2015 1355 2048 abiectum
1372 2020 1434 2047 aut
1451 2013 1599 2051 fecerit,
1622 2016 1685 2044 aut

256 2059 399 2092 dixerit,
461 2059 554 2091 'l'um
590 2059 773 2103 praecepit
806 2060 1007 2094 iuramenta
1047 2061 1093 2093 ad
1126 2062 1316 2107 Augustam
1358 2066 1395 2093 et
1431 2059 1684 2103 imperatorem

257 2105 371 2137 lilium
396 2105 598 2138 conscribi:
625 2110 660 2138 et
684 2106 885 2150 conscripta
910 2111 993 2140 sunt
1017 2118 1095 2139 cum
1120 2107 1176 2140 his
1199 2105 1478 2141 conditionibus.
1505 2107 1550 2138 Ut
1566 2114 1684 2148 neque

256 2153 333 2197 ipse
359 2151 559 2185 vindicaret
583 2153 622 2183 in
646 2162 728 2191 eoa»,
753 2153 816 2198 qui
843 2164 879 2185 se
909 2154 1096 2188 laesissent
1132 2159 1168 2187 et
1200 2158 1273 2186 tum
1300 2154 1337 2185 in
1351 2152 1493 2198 palatiov
1514 2162 1590 2184 cum
1613 2151 1685 2182 im·

255 2198 432 2242 peratrice
464 2197 636 2242 degerent
671 2204 789 2244 neque
822 2199 992 2234 multaret
1016 2201 1092 2233 ullo
1116 2200 1244 2240 modo,
1269 2200 1331 2232 sed
1357 2199 1474 2232 omnia
1491 2198 1683 2242 praeterita

256 2244 439 2285 oblivione
464 2245 658 2289 sepeliret:
684 2256 803 2288 neque
831 2247 1040 2289 imperatrix
1063 2251 1125 2279 aut
1148 2247 1243 2278 filius
1268 2246 1461 2290 imperator
1485 2245 1522 2277 in
1556 2253 1638 2282 eos,
1662 2253 1683 2274 a

257 2289 389 2335 quibus
415 2291 789 2335 ipse‘cantacuzenus
815 2290 913 2325 bello
939 2293 1081 2326 adiutus
1114 2297 1230 2332 esset,
1266 2292 1450 2325 inimicum
1477 2291 1688 2323 ‚retinerent

255 2336 410 2370 animum
428 2363 437 2379 ‚
468 2347 535 2370 nec
559 2336 631 2370 illis
655 2337 713 2369 vel
741 2343 816 2370 arte
839 2339 897 2371 vel
921 2340 993 2372 ulla
1021 2339 1184 2371 machina
1210 2349 1340 2371 nocere
1363 2342 1594 2380 conarentur:
1619 2335 1683 2368 sed

253 2384 425 2428 utrinque
449 2384 632 2417 adversum
662 2383 776 2416 socios
802 2390 1033 2431 utrorumque
1057 2384 1138 2418 odia
1165 2384 1454 2428 deponerentur,
1486 2391 1681 2426 omnesque

255 2438 343 2472 quas
372 2430 418 2463 ab
443 2430 550 2464 initio
567 2429 795 2469 habuissent,
819 2430 980 2464 fortunas
995 2442 1073 2464 suas
1090 2431 1307 2465 retinerent:
1334 2433 1550 2475 imperarent
1560 2432 1681 2461 autem

255 2474 360 2507 ambo
389 2475 656 2510 Cantacuzenus
686 2482 722 2509 et
746 2477 896 2509 Ioannes
920 2478 1125 2511 adolescens
1143 2478 1391 2522 palaeologus:
1418 2487 1526 2520 seque
1552 2485 1595 2507 ea
1622 2474 1680 2507 in-

254 2521 367 2553 vicem
397 2521 650 2556 benevolentia
678 2522 1023 2566 complecterentur,
1059 2535 1130 2569 qua
1164 2529 1281 2566 patres
1308 2531 1343 2559 et
1366 2523 1432 2556 filii
1458 2522 1595 2555 solent:
1621 2521 1681 2553 iu-

253 2568 409 2612 niorque
445 2569 578 2602 seniori
614 2569 771 2613 potiores
806 2569 961 2604 deferret
998 2571 1034 2602 in
1066 2569 1230 2603 omnibus
1276 2581 1316 2603 ac
1350 2574 1495 2615 propter
1526 2571 1682 2600 aetatem

255 2614 416 2646 nondum
463 2615 634 2648 firmatam
680 2615 802 2648 decem
836 2627 947 2649 annos
994 2617 1303 2650 administratione
1343 2616 1504 2654 cederet,
1547 2611 1679 2658 quibus

256 2661 415 2701 exactis,
449 2661 593 2705 aequali
625 2662 839 2695 auctoritate
871 2675 947 2695 cum
974 2674 1015 2695 eo
1048 2664 1248 2707 imperaret.
1298 2665 1338 2697 In
1366 2664 1428 2697 has
1454 2661 1680 2697 conditiones

257 2711 294 2739 et
331 2706 407 2753 ipse
448 2708 649 2752 imperator
695 2713 732 2742 et
764 2709 866 2742 Anna
898 2709 1054 2754 Augusta
1077 2721 1156 2743 cum
1194 2711 1268 2744 filio
1294 2712 1530 2756 imperatore,
1567 2713 1608 2742 ut
1638 2707 1678 2740 in
