1812 3146
277 161 387 216 500
801 179 1171 222 CANTACUZENI

80 291 264 336 &04345
276 279 416 321 ἐταττε
447 282 695 334 σφραγῖσαι.
754 280 1057 334 σφραγίσαντος
1087 280 1148 329 δὲ,
1179 275 1383 334 πάρδαλις
1412 279 1560 334 ἐξῆλθε
1581 278 1712 330 ζῶσα,

278 346 350 385 καί
383 342 544 398 χάρτην
582 340 668 397 εἶχε
711 345 878 401 θατέρῳ
906 347 987 386 τῶν
1014 346 1183 395 ποδῶν,
1234 337 1267 402 ᾧ
1293 345 1584 398 ἐνεγέγραπτο,
1619 341 1712 384 ἰδού

275 413 427 464 θηρίον
464 410 602 464 ἕτερον
634 406 736 451 ῶσεί
774 408 1005 464 πάρδαλις,
1060 409 1131 451 καί
1183 411 1352 460 ἐξουσία
1401 408 1529 464 ἐδόθη
1572 409 1711 465 αὐτῷ.

276 472 544 523 κελεύσαντος
571 476 616 515 δὲ
644 477 849 528 βασιλέως
874 478 933 533 τῷ
959 477 1174 530 κατέχοντι
1203 475 1252 516 τὸ
1273 477 1433 528 βιβλίον
1458 476 1534 516 τοῦ
1562 475 1713 529 θηρίου

276 540 353 595 την
391 542 650 596 προφητείαν
689 543 845 594 λέγειν,
888 540 940 583 τοὶ
974 541 1046 583 ἴσα
1077 538 1178 583 εἶπε.
1233 539 1430 595 βασιλεὺς
1459 542 1505 582 δὲ
1530 539 1601 581 καί
1626 538 1740 594 tol-5

275 622 346 648 τον
375 608 538 648 ἐκέλευε
571 611 805 661 σφραγῑσαι
830 610 887 664 τῷ
914 606 992 664 υἱῷ
1008 624 1017 634 ·
1077 609 1150 648 καί
1186 608 1532 663 σφραγισαντος,’
1567 607 1716 660 ἐξῆλθε

276 675 382 727 γαλῆ
422 674 534 723 ζῶσα
573 673 644 712 καί
681 671 784 726 αὕτη
806 704 817 725 ,
862 671 938 727 τὴν
964 675 1147 727 γλῶτταν
1177 674 1222 714 δὲ
1250 675 1334 714 τῶν
1358 671 1537 714 ὀδόντων
1563 673 1715 725 προβε-

278 739 460 792 βλημένη
477 772 488 790 ,
539 735 670 780 ἐδόκει
710 740 862 791 λείχειν
889 736 965 792 τὴν
994 741 1080 792 γῆν.
1122 743 1194 780 τοῦ
1227 740 1432 791 βασιλέως
1460 738 1505 778 δὲ
1533 736 1630 778 υἷοῦ
1657 735 1716 784 εἷς

241 802 388 857 Βῧψος
418 802 626 858 αἴροντος,
658 800 682 857 ἦ
712 806 880 856 γλῶσσα
909 806 981 858 τῆς
1008 805 1136 859 γαλῆς
1172 803 1436 859 μηκύνεσθαι
1476 799 1608 844 ἐδόκει
1645 801 1720 842 καί

276 869 351 925 την
377 873 450 924 γῆν
481 867 684 917 ὡσαύτως
712 869 972 924 περιλείχειν.
1011 869 1032 912 ὃ
1061 870 1106 912 τὸ
1132 870 1294 924 βιβλίον
1331 871 1376 910 δέ
1404 871 1610 922 κατέχων,
1636 869 1769 920 βα-ιο
1801 866 1810 874 ’

278 935 426 984 σιλέως
439 932 686 987 κελεύοντος,
705 933 780 989 τήν
797 937 1053 991 προφητείαν
1065 936 1208 990 λέγειν·
1257 933 1379 989 „wod
1397 937 1571 989 θηριόν”
1591 934 1720 992 εἰπεῖν

277 1003 471 1054 ,,ἓτερον,
506 1002 578 1042 καί
605 996 721 1042 εἷπον
755 1000 891 1058 αὐτῷ·
959 997 1159 1056 ἀνάβηθι,
1193 999 1302 1057 φάγε
1333 1000 1493 1055 σάρκας
1523 999 1718 1047 πολλάς.”

278 1064 386 1119 μετὰ
426 1066 546 1107 τοῦτο
586 1067 632 1107 δὲ
674 1066 696 1106 ὃ
731 1065 932 1119 βασιλεὺς
984 1069 1201 1122 σφραγῖδα
1238 1066 1439 1122 πράσινον
1466 1063 1614 1119 ἑτέραν
1638 1080 1719 1105 πα-

278 1136 392 1186 ρεῖχε
418 1133 475 1189 τῷ
512 1130 590 1187 υἱῷ
619 1133 692 1173 καί
717 1133 879 1174 ἐκέλευε
907 1130 1040 1189 ταύτῃ
1069 1133 1314 1188 σφραγίζειν
1340 1132 1411 1174 τὸν
1436 1130 1589 1187 κηρόν·
1650 1129 1723 1171 καί

280 1200 615 1252 σφραγίσαντος,
660 1199 808 1253 ἐξῆλθε
847 1197 1054 1253 πελαργὸς
1083 1200 1187 1251 ζῶν,
1232 1198 1392 1254 σκύφον
1421 1196 1530 1251 ἔχων
1557 1197 1776 1238 ὑέλινονιό

279 1265 338 1319 τῷ
367 1265 489 1304 ποδί·
561 1261 697 1305 ἐδόκει
735 1265 780 1305 δὲ
809 1261 829 1305 ὃ
857 1264 1014 1320 σκύφος
1044 1257 1134 1314 ὅξος
1163 1264 1289 1318 ἔχειν.
1358 1261 1378 1304 ὃ
1407 1261 1451 1305 τὸ
1480 1265 1641 1316 βιβλίον
1676 1263 1723 1304 δὲ

282 1333 471 1382 κατέχων
510 1325 622 1370 εἶπεν
666 1328 859 1382 ,,ἔδωκαν
898 1331 955 1381 εἷς
992 1329 1036 1370 τὸ
1069 1330 1222 1385 βρῶμά
1255 1345 1338 1382 μου
1374 1327 1505 1384 χολήν
1553 1330 1625 1370 καί
1665 1328 1724 1376 εἷς

279 1394 355 1449 την
390 1396 522 1448 δίψαν
547 1410 629 1447 μου
659 1395 852 1436 ἐπότισάν
880 1411 934 1448 με
975 1389 1088 1445 ὅξος·
1147 1390 1325 1447 ὄψονται
1357 1397 1415 1444 εἰς
1444 1392 1489 1436 ὃν
1517 1396 1726 1448 ἐξεκέντη-

282 1463 403 1502 σαν.”
461 1455 590 1508 αὖθις
621 1461 668 1501 δὲ
699 1459 720 1500 ὅ
752 1462 828 1501 τοῦ
856 1461 1062 1507 βασιλέως
1089 1458 1182 1508 υἱὸς
1203 1458 1434 1515 ἑσφράγισε
1464 1459 1725 1508 κελευσθείς

238 1531 265 1565 C
284 1528 357 1567 καί
382 1523 709 1580 ἱπποκένταυρος
737 1527 908 1580 ἐξῆλθε,
937 1527 990 1581 τῇ
1019 1527 1131 1582 δεξιᾷ
1154 1526 1270 1580 χειρί
1300 1523 1402 1581 δόρυ
1441 1526 1643 1579 κατέχων.
1701 1523 1781 1566 (520

283 1593 328 1632 δὲ
347 1588 423 1640 τὰς
441 1593 698 1646 προφητείας
717 1593 847 1644 λέγων
890 1589 1013 1643 »ἰδού
1034 1592 1107 1632 καί
1125 1591 1263 1646 ἕτερον
1289 1593 1461 1647 θηρίον”
1487 1587 1600 1632 εἶπεν
1630 1590 1725 1645 ,,ἔκ-

281 1660 450 1709 θαμβον
489 1658 562 1697 καί
600 1659 808 1710 περισσῶς
838 1653 1058 1712 ἰσχυρόν.”
1112 1655 1216 1710 μετὰ
1246 1659 1372 1698 τοῦτο
1404 1658 1448 1698 δὲ
1476 1656 1497 1697 ὁ
1527 1655 1729 1709 βασιλεύς

280 1721 534 1776 ,,εὐλογητο“ς
549 1719 569 1762 ὃ
584 1720 684 1770 θεὸς
701 1719 943 1776 ἧμῶν”εἶπε
963 1720 1180 1775 ,,ποίντοτε,
1197 1724 1272 1765 νῦν
1289 1724 1362 1764 καί
1377 1721 1446 1763 οἷεὶ
1462 1723 1534 1764 καί
1554 1723 1612 1771 εἰς
1629 1721 1730 1771 τούς

284 1789 440 1836 αἰῶνας
469 1789 553 1828 τῶν
585 1784 764 1842 αἰώνων,
795 1785 920 1842 ἄμην.
962 1786 1058 1839 δόξα
1083 1804 1161 1843 σοι,
1190 1786 1211 1828 ὃ
1241 1787 1355 1841 θεὸς,
1391 1785 1452 1829 ὅτι
1492 1789 1640 1839 ζῶντες
1669 1785 1730 1829 &22-

382 1862 432 1894 18.
460 1859 650 1901 ἐπότησαν
674 1860 710 1892 P.

285 1931 365 1964 viva
392 1928 574 1974 pardalis,
612 1928 728 1962 altero
758 1928 852 1972 pede
878 1928 1041 1963 chartam
1067 1930 1248 1964 sustinens
1279 1941 1357 1963 cum
1382 1929 1449 1963 hac
1474 1929 1730 1973 inscriptione:

287 1988 369 2010 ecce
399 1977 475 2009 fera
504 1977 618 2009 altera
648 1981 688 2009 ut
713 1975 868 2019 parduS,
897 1982 933 2009 et
958 1982 1116 2020 potestas
1143 1977 1176 2009 ei
1203 1977 1286 2010 data
1313 1982 1376 2010 est.
1426 1977 1591 2020 Cumque
1614 1978 1733 2020 impe-

287 2028 383 2057 rator
408 2024 442 2056 ei
478 2022 541 2067 qui
565 2022 699 2055 librum
725 2022 875 2055 tenebat
898 2023 1162 2067 praecepisset,
1195 2028 1236 2056 ut
1259 2023 1356 2056 ferae
1380 2023 1607 2066 prophetiam
1634 2023 1732 2066 iege-

290 2076 368 2112 ret,
395 2069 521 2102 eadem
544 2069 697 2113 legebat.
749 2068 913 2101 Tertium
938 2070 1077 2113 signare
1105 2069 1220 2106 iussit,
1266 2069 1433 2115 Cumque
1460 2071 1648 2113 signasset,
1674 2069 1731 2102 fe—

290 2115 336 2149 lis
374 2118 484 2149 etiam
519 2116 599 2148 viva
634 2114 765 2154 exivit,
799 2126 912 2160 quae,
946 2115 1070 2159 lingua
1111 2120 1211 2148 extra
1251 2115 1376 2148 dentes
1415 2117 1553 2157 eiecta,
1598 2121 1732 2150 terram

290 2162 451 2196 lambere
475 2161 681 2198 videbatur,
732 2159 851 2204 Quam
877 2172 954 2194 cum
981 2163 1076 2195 filius
1104 2162 1141 2194 in
1166 2161 1321 2195 sublime
1359 2163 1574 2202 extulisset,
1607 2160 1731 2207 lingua

290 2210 374 2242 felis
424 2208 572 2242 extendi
598 2214 635 2242 et
658 2213 787 2241 terram
813 2208 980 2242 similiter
1006 2208 1275 2252 circumlingere
1310 2209 1385 2242 visa
1412 2215 1477 2242 est.
1540 2209 1634 2242 Tum
1667 2209 1732 2254 qui

291 2256 427 2289 librum
464 2255 629 2295 ferebat,
668 2254 767 2286 iussu
795 2253 1023 2298 imperatoris
1057 2253 1285 2299 prophetiam
1313 2256 1410 2299 legit,
1460 2255 1548 2289 Ecce
1576 2255 1652 2288 fera
1676 2255 1734 2288 al-

291 2307 370 2335 tera
387 2327 398 2342 ,
425 2307 462 2334 et
489 2303 659 2336 dixerunt
685 2300 737 2331 ci:
765 2300 930 2341 ascende,
955 2300 1101 2334 comede
1126 2311 1248 2334 carnes
1275 2302 1415 2335 multas.
1463 2301 1636 2334 posthaec
1661 2301 1732 2334 im—

292 2354 441 2393 perator
463 2348 622 2394 sigillum
650 2345 752 2379 aliud
779 2346 895 2380 viride
921 2347 996 2380 filio
1025 2346 1132 2387 dans,
1165 2347 1203 2379 in
1228 2358 1343 2380 ceram
1372 2348 1580 2393 imprimere
1614 2348 1733 2388 iussit,

295 2405 449 2439 cumque
490 2393 750 2438 impressisset,
788 2393 901 2426 exivit
932 2393 1012 2426 viva
1041 2393 1201 2432 ciconia,
1245 2393 1416 2438 scyphum
1451 2394 1604 2427 vitreum
1639 2394 1732 2438 pede

297 2446 515 2480 sustentans,
543 2441 581 2472 in
607 2450 678 2485 quo
703 2443 843 2472 acetum
867 2440 985 2472 inesse
1010 2439 1217 2484 apparebat.
1285 2441 1429 2474 'senens
1454 2446 1574 2473 autem
1598 2439 1734 2473 librum

295 2487 450 2531 legebat,
482 2486 670 2520 Dederunt
694 2486 732 2518 in
753 2496 867 2518 escam
888 2496 1002 2518 meam
1028 2486 1089 2527 fel,
1117 2487 1210 2518 etin
1238 2488 1299 2520 siti
1323 2498 1400 2520 mea
1426 2491 1643 2531 potaverunt
1676 2498 1734 2521 me

297 2539 408 2566 aceto,
464 2532 652 2568 Videbunt
683 2533 722 2565 in
757 2542 864 2576 quem
889 2533 1155 2566 transfixerunt.
1204 2534 1329 2567 Adhuc
1357 2534 1473 2566 iussus
1498 2533 1672 2578 signavit,
1697 2539 1735 2567 et

297 2579 603 2623 hippocentaurus
639 2578 776 2617 exivit,
818 2578 943 2612 dextra
976 2590 1080 2612 manu
1111 2578 1249 2611 hastam
1289 2585 1439 2625 gestans.
1503 2580 1576 2624 Qui
1612 2583 1734 2612 autem

298 2626 470 2660 vaticinia
497 2626 654 2671 legebat,
678 2625 786 2663 Ecce,
808 2624 941 2669 inquit,
973 2625 1074 2659 aliud
1097 2626 1231 2658 animal
1262 2626 1482 2670 praecellens
1513 2630 1549 2658 et
1573 2624 1734 2658 validum

299 2672 544 2709 vehementer.
600 2670 655 2704 Ad
681 2676 880 2705 extremum
907 2671 1115 2716 imperator,
1143 2672 1357 2706 Benedictus
1386 2673 1479 2705 Deus
1504 2677 1636 2711 noster,
1669 2672 1734 2712 ait,

302 2719 401 2750 omni
434 2724 620 2761 tempore,
657 2728 754 2749 nunc
779 2723 815 2751 et
838 2728 999 2762 semper,
1033 2724 1070 2751 et
1092 2719 1130 2750 in
1154 2719 1296 2751 saecula
1322 2719 1559 2752 saeculorum.
1605 2719 1730 2751 Amen.

303 2765 429 2800 Gloria
463 2763 546 2806 tibi,
581 2763 756 2806 Domine,
795 2765 882 2809 quia
906 2765 979 2800 vivi
1015 2763 1133 2798 adhuc
1162 2764 1315 2800 vidimus
1340 2765 1512 2801 vaticinia
1535 2763 1625 2798 haec
1649 2775 1731 2801 eve-
