<?xml version="1.0" encoding="UTF-8"?>
<!DOCTYPE html PUBLIC "-//W3C//DTD XHTML 1.0 Transitional//EN"
    "http://www.w3.org/TR/xhtml1/DTD/xhtml1-transitional.dtd">
<html xmlns="http://www.w3.org/1999/xhtml" xml:lang="en" lang="en">
 <head>
  <title>
</title>
<meta http-equiv="Content-Type" content="text/html;charset=utf-8" />
  <meta name='ocr-system' content='tesseract 3.04.00' />
  <meta name='ocr-capabilities' content='ocr_page ocr_carea ocr_par ocr_line ocrx_word'/>
</head>
<body>
  <div class='ocr_page' id='page_1' title='image "./corpusscriptorum24niebuoft_0495.png"; bbox 0 0 1812 3146; ppageno 0'>
   <div class='ocr_carea' id='block_1_1' title="bbox 549 178 1574 246">
    <p class='ocr_par' dir='ltr' id='par_1_1' title="bbox 549 178 1574 246">
     <span class='ocr_line' id='line_1_1' title="bbox 549 178 1574 246; baseline -0.006 -5"><span class='ocrx_word' id='word_1_1' title='bbox 549 195 926 243; x_wconf 61' lang='lat' dir='ltr'><strong>nisi-ommim</strong></span> <span class='ocrx_word' id='word_1_2' title='bbox 966 200 1038 240; x_wconf 83' lang='lat'>111.</span> <span class='ocrx_word' id='word_1_3' title='bbox 1068 200 1136 246; x_wconf 85' lang='lat'><strong>77.</strong></span> <span class='ocrx_word' id='word_1_4' title='bbox 1457 178 1574 245; x_wconf 73' lang='lat'><strong>483</strong></span> 
     </span>
    </p>
   </div>
   <div class='ocr_carea' id='block_1_2' title="bbox 74 294 1768 1920">
    <p class='ocr_par' dir='ltr' id='par_1_2' title="bbox 122 294 1768 356">
     <span class='ocr_line' id='line_1_2' title="bbox 122 294 1768 356; baseline -0.003 -13"><span class='ocrx_word' id='word_1_5' title='bbox 122 302 314 356; x_wconf 59' lang='grc' dir='ltr'><em>ἐγένετο,</em></span> <span class='ocrx_word' id='word_1_6' title='bbox 361 299 494 340; x_wconf 75' lang='grc' dir='ltr'><em>καίτοι</em></span> <span class='ocrx_word' id='word_1_7' title='bbox 540 294 774 350; x_wconf 77' lang='grc' dir='ltr'><em>δυνάμενος</em></span> <span class='ocrx_word' id='word_1_8' title='bbox 813 295 890 352; x_wconf 70' lang='grc' dir='ltr'><strong>τήν</strong></span> <span class='ocrx_word' id='word_1_9' title='bbox 931 295 1224 352; x_wconf 73' lang='grc' dir='ltr'><em>προσήκουσαν</em></span> <span class='ocrx_word' id='word_1_10' title='bbox 1255 298 1354 352; x_wconf 75' lang='grc' dir='ltr'><em>περὶ</em></span> <span class='ocrx_word' id='word_1_11' title='bbox 1381 296 1457 352; x_wconf 77' lang='grc' dir='ltr'><strong>τὴν</strong></span> <span class='ocrx_word' id='word_1_12' title='bbox 1490 295 1768 356; x_wconf 70' lang='grc' dir='ltr'><em>χιό-Α,ρ,,344</em></span> 
     </span>
    </p>

    <p class='ocr_par' dir='ltr' id='par_1_3' title="bbox 131 358 1580 421">
     <span class='ocr_line' id='line_1_3' title="bbox 131 358 1580 421; baseline -0.002 -14"><span class='ocrx_word' id='word_1_13' title='bbox 131 381 212 421; x_wconf 88' lang='grc' dir='ltr'><strong>ραν</strong></span> <span class='ocrx_word' id='word_1_14' title='bbox 240 361 434 419; x_wconf 84' lang='grc' dir='ltr'><em>πρόνοιαν</em></span> <span class='ocrx_word' id='word_1_15' title='bbox 478 365 694 404; x_wconf 82' lang='grc' dir='ltr'><em>ποιεῖσθαι</em></span> <span class='ocrx_word' id='word_1_16' title='bbox 733 360 810 416; x_wconf 71' lang='grc' dir='ltr'><strong>τήν</strong></span> <span class='ocrx_word' id='word_1_17' title='bbox 837 360 991 417; x_wconf 78' lang='grc' dir='ltr'><em>ε”φοδον</em></span> <span class='ocrx_word' id='word_1_18' title='bbox 1019 363 1309 416; x_wconf 78' lang='grc' dir='ltr'><em>α’παγγέλλων,</em></span> <span class='ocrx_word' id='word_1_19' title='bbox 1349 361 1371 404; x_wconf 82' lang='grc' dir='ltr'><em>ὃ</em></span> <span class='ocrx_word' id='word_1_20' title='bbox 1399 364 1439 404; x_wconf 61' lang='lat'><strong>‹52</strong></span> <span class='ocrx_word' id='word_1_21' title='bbox 1457 358 1580 404; x_wconf 68' lang='grc' dir='ltr'><em>οὐδὲν</em></span> 
     </span>
    </p>

    <p class='ocr_par' dir='ltr' id='par_1_4' title="bbox 133 424 1577 483">
     <span class='ocr_line' id='line_1_4' title="bbox 133 424 1577 483; baseline -0.001 -11"><span class='ocrx_word' id='word_1_22' title='bbox 133 432 264 473; x_wconf 78' lang='grc' dir='ltr'><em>ἐποίει</em></span> <span class='ocrx_word' id='word_1_23' title='bbox 292 430 376 471; x_wconf 74' lang='grc' dir='ltr'><strong>τῶν</strong></span> <span class='ocrx_word' id='word_1_24' title='bbox 405 427 615 481; x_wconf 85' lang='grc' dir='ltr'><em>δεόντων,</em></span> <span class='ocrx_word' id='word_1_25' title='bbox 641 424 783 482; x_wconf 74' lang='grc' dir='ltr'><em>ὥσπερ</em></span> <span class='ocrx_word' id='word_1_26' title='bbox 815 427 1012 476; x_wconf 78' lang='grc' dir='ltr'><em>δεδοικώς</em></span> <span class='ocrx_word' id='word_1_27' title='bbox 1054 427 1113 482; x_wconf 77' lang='grc' dir='ltr'><strong>μὴ</strong></span> <span class='ocrx_word' id='word_1_28' title='bbox 1143 429 1227 470; x_wconf 72' lang='grc' dir='ltr'><em>ταῖν</em></span> <span class='ocrx_word' id='word_1_29' title='bbox 1253 430 1462 481; x_wconf 86' lang='grc' dir='ltr'><em>πολεμίων</em></span> <span class='ocrx_word' id='word_1_30' title='bbox 1503 425 1577 483; x_wconf 75' lang='grc' dir='ltr'><strong>ἥτ-</strong></span> 
     </span>
    </p>

    <p class='ocr_par' dir='ltr' id='par_1_5' title="bbox 106 488 1616 614">
     <span class='ocr_line' id='line_1_5' title="bbox 129 488 1616 548; baseline -0.001 -10"><span class='ocrx_word' id='word_1_31' title='bbox 129 512 213 538; x_wconf 85' lang='grc' dir='ltr'><strong>των</strong></span> <span class='ocrx_word' id='word_1_32' title='bbox 252 494 461 548; x_wconf 86' lang='grc' dir='ltr'><em>γεγονέναι</em></span> <span class='ocrx_word' id='word_1_33' title='bbox 507 490 784 534; x_wconf 69' lang='grc' dir='ltr'><em>ὑποπτεύοιτο</em></span> <span class='ocrx_word' id='word_1_34' title='bbox 804 509 816 520; x_wconf 93' lang='grc'><em>·</em></span> <span class='ocrx_word' id='word_1_35' title='bbox 854 493 928 534; x_wconf 78' lang='grc' dir='ltr'><strong>καὶ</strong></span> <span class='ocrx_word' id='word_1_36' title='bbox 971 492 1042 534; x_wconf 79' lang='grc' dir='ltr'><strong>διὰ</strong></span> <span class='ocrx_word' id='word_1_37' title='bbox 1088 492 1164 548; x_wconf 78' lang='grc' dir='ltr'><strong>τὴν</strong></span> <span class='ocrx_word' id='word_1_38' title='bbox 1200 490 1394 548; x_wconf 79' lang='grc' dir='ltr'><em>τοιαύτην</em></span> <span class='ocrx_word' id='word_1_39' title='bbox 1430 488 1616 537; x_wconf 54' lang='lat' dir='ltr'><strong>&amp;vocam</strong></span> 
     </span>
     <span class='ocr_line' id='line_1_6' title="bbox 106 555 1581 614; baseline -0.001 -12"><span class='ocrx_word' id='word_1_40' title='bbox 106 560 298 607; x_wconf 75' lang='grc' dir='ltr'><em>ὅπολλοῖς</em></span> <span class='ocrx_word' id='word_1_41' title='bbox 333 557 468 607; x_wconf 83' lang='grc' dir='ltr'><em>αἴτιος</em></span> <span class='ocrx_word' id='word_1_42' title='bbox 510 559 669 612; x_wconf 79' lang='grc' dir='ltr'><em>ἐγένετο</em></span> <span class='ocrx_word' id='word_1_43' title='bbox 708 555 902 612; x_wconf 75' lang='grc' dir='ltr'><em>μεγάλων</em></span> <span class='ocrx_word' id='word_1_44' title='bbox 938 560 1184 613; x_wconf 76' lang='grc' dir='ltr'><em>συμφορῶν.</em></span> <span class='ocrx_word' id='word_1_45' title='bbox 1237 556 1390 608; x_wconf 77' lang='grc' dir='ltr'><em>ἐκεῖνος</em></span> <span class='ocrx_word' id='word_1_46' title='bbox 1430 560 1478 600; x_wconf 80' lang='grc' dir='ltr'><strong>δὲ</strong></span> <span class='ocrx_word' id='word_1_47' title='bbox 1503 557 1581 614; x_wconf 72' lang='grc' dir='ltr'><strong>τήν</strong></span> 
     </span>
    </p>

    <p class='ocr_par' dir='ltr' id='par_1_6' title="bbox 116 621 1580 812">
     <span class='ocr_line' id='line_1_7' title="bbox 129 621 1580 679; baseline -0.001 -13"><span class='ocrx_word' id='word_1_48' title='bbox 129 627 207 679; x_wconf 81' lang='grc' dir='ltr'><strong>μὲν</strong></span> <span class='ocrx_word' id='word_1_49' title='bbox 234 626 294 673; x_wconf 83' lang='grc' dir='ltr'><strong>εἷς</strong></span> <span class='ocrx_word' id='word_1_50' title='bbox 320 623 555 675; x_wconf 83' lang='grc' dir='ltr'><em>Βυζάντιον</em></span> <span class='ocrx_word' id='word_1_51' title='bbox 582 623 718 665; x_wconf 72' lang='grc' dir='ltr'><em>αὐτοῦ’</em></span> <span class='ocrx_word' id='word_1_52' title='bbox 745 621 948 665; x_wconf 76' lang='grc' dir='ltr'><em>ἐπάνοδον</em></span> <span class='ocrx_word' id='word_1_53' title='bbox 977 625 1159 676; x_wconf 77' lang='grc' dir='ltr'><em>νομίζων</em></span> <span class='ocrx_word' id='word_1_54' title='bbox 1190 625 1420 679; x_wconf 82' lang='grc' dir='ltr'><em>α’ναγκαίαν</em></span> <span class='ocrx_word' id='word_1_55' title='bbox 1447 621 1580 678; x_wconf 77' lang='grc' dir='ltr'><em>εἶναι,</em></span> 
     </span>
     <span class='ocr_line' id='line_1_8' title="bbox 117 683 1580 744; baseline -0.001 -14"><span class='ocrx_word' id='word_1_56' title='bbox 117 688 377 731; x_wconf 57' lang='grc' dir='ltr'><em>ὑποπτεύων</em></span> <span class='ocrx_word' id='word_1_57' title='bbox 408 690 455 730; x_wconf 79' lang='grc' dir='ltr'><strong>δὲ</strong></span> <span class='ocrx_word' id='word_1_58' title='bbox 483 687 559 743; x_wconf 80' lang='grc' dir='ltr'><strong>τὴν</strong></span> <span class='ocrx_word' id='word_1_59' title='bbox 585 683 784 744; x_wconf 75' lang='grc' dir='ltr'><em>ἤπειρον,</em></span> <span class='ocrx_word' id='word_1_60' title='bbox 815 688 875 738; x_wconf 78' lang='grc' dir='ltr'><strong>ὦς</strong></span> <span class='ocrx_word' id='word_1_61' title='bbox 890 687 1046 744; x_wconf 65' lang='grc' dir='ltr'><em>μεστὴν</em></span> <span class='ocrx_word' id='word_1_62' title='bbox 1074 687 1278 732; x_wconf 77' lang='grc' dir='ltr'><em>κινδύνων</em></span> <span class='ocrx_word' id='word_1_63' title='bbox 1308 689 1379 732; x_wconf 80' lang='grc' dir='ltr'><strong>διὰ</strong></span> <span class='ocrx_word' id='word_1_64' title='bbox 1408 688 1455 731; x_wconf 87' lang='grc' dir='ltr'><strong>τὸ</strong></span> <span class='ocrx_word' id='word_1_65' title='bbox 1486 691 1580 732; x_wconf 73' lang='grc' dir='ltr'><em>ε’πι-</em></span> 
     </span>
     <span class='ocr_line' id='line_1_9' title="bbox 116 753 1580 812; baseline -0.001 -15"><span class='ocrx_word' id='word_1_66' title='bbox 116 760 296 810; x_wconf 83' lang='grc' dir='ltr'><em>·κρατεῖν</em></span> <span class='ocrx_word' id='word_1_67' title='bbox 323 753 421 803; x_wconf 82' lang='grc' dir='ltr'><em>τούς</em></span> <span class='ocrx_word' id='word_1_68' title='bbox 450 757 700 807; x_wconf 86' lang='grc' dir='ltr'><em>πολεμίους,</em></span> <span class='ocrx_word' id='word_1_69' title='bbox 747 753 818 796; x_wconf 82' lang='grc' dir='ltr'><strong>διὰ</strong></span> <span class='ocrx_word' id='word_1_70' title='bbox 847 757 920 809; x_wconf 83' lang='grc' dir='ltr'><strong>τῆς</strong></span> <span class='ocrx_word' id='word_1_71' title='bbox 947 754 1167 810; x_wconf 73' lang='grc' dir='ltr'><em>θαλάσσης</em></span> <span class='ocrx_word' id='word_1_72' title='bbox 1194 756 1420 812; x_wconf 71' lang='grc' dir='ltr'><em>ἀνέστρεφε</em></span> <span class='ocrx_word' id='word_1_73' title='bbox 1461 754 1580 811; x_wconf 77' lang='grc' dir='ltr'><em>τριή-</em></span> 
     </span>
    </p>

    <p class='ocr_par' dir='ltr' id='par_1_7' title="bbox 74 818 1580 943">
     <span class='ocr_line' id='line_1_10' title="bbox 130 818 1579 876; baseline 0.001 -14"><span class='ocrx_word' id='word_1_74' title='bbox 130 836 219 876; x_wconf 81' lang='grc' dir='ltr'><em>ρει,</em></span> <span class='ocrx_word' id='word_1_75' title='bbox 257 819 331 876; x_wconf 79' lang='grc' dir='ltr'><strong>τὴν</strong></span> <span class='ocrx_word' id='word_1_76' title='bbox 370 818 571 876; x_wconf 81' lang='grc' dir='ltr'><em>στρατιὰν</em></span> <span class='ocrx_word' id='word_1_77' title='bbox 613 822 703 862; x_wconf 81' lang='grc' dir='ltr'><em>ἐκεῖ</em></span> <span class='ocrx_word' id='word_1_78' title='bbox 743 819 994 866; x_wconf 79' lang='grc' dir='ltr'><em>καταλιπών.</em></span> <span class='ocrx_word' id='word_1_79' title='bbox 1055 821 1128 862; x_wconf 82' lang='grc' dir='ltr'>καί</span> <span class='ocrx_word' id='word_1_80' title='bbox 1153 823 1348 876; x_wconf 76' lang='grc' dir='ltr'><em>αἰσχίστη</em></span> <span class='ocrx_word' id='word_1_81' title='bbox 1377 820 1516 872; x_wconf 78' lang='grc' dir='ltr'><em>ἔδοξεν</em></span> <span class='ocrx_word' id='word_1_82' title='bbox 1549 821 1579 876; x_wconf 80' lang='grc' dir='ltr'><em>ἤ</em></span> 
     </span>
     <span class='ocr_line' id='line_1_11' title="bbox 74 883 1580 943; baseline 0 -16"><span class='ocrx_word' id='word_1_83' title='bbox 74 883 402 941; x_wconf 78' lang='grc' dir='ltr'><em>ἰὀοῖναχιόρησις</em></span> <span class='ocrx_word' id='word_1_84' title='bbox 462 887 536 927; x_wconf 82' lang='grc' dir='ltr'><strong><em>καί</em></strong></span> <span class='ocrx_word' id='word_1_85' title='bbox 584 885 822 927; x_wconf 70' lang='grc' dir='ltr'><em>ἀποδέουσα</em></span> <span class='ocrx_word' id='word_1_86' title='bbox 853 888 990 943; x_wconf 73' lang='grc' dir='ltr'><em>πολλῷ</em></span> <span class='ocrx_word' id='word_1_87' title='bbox 1019 888 1101 928; x_wconf 75' lang='grc' dir='ltr'><strong>τῶν</strong></span> <span class='ocrx_word' id='word_1_88' title='bbox 1128 887 1324 933; x_wconf 74' lang='grc' dir='ltr'><em>ἀπειλῶν.</em></span> <span class='ocrx_word' id='word_1_89' title='bbox 1379 884 1580 940; x_wconf 75' lang='grc' dir='ltr'><em>βασιλεὺς</em></span> 
     </span>
    </p>

    <p class='ocr_par' dir='ltr' id='par_1_8' title="bbox 131 949 1579 1007">
     <span class='ocr_line' id='line_1_12' title="bbox 131 949 1579 1007; baseline 0 -14"><span class='ocrx_word' id='word_1_90' title='bbox 131 953 179 993; x_wconf 82' lang='grc' dir='ltr'><strong>δὲ</strong></span> <span class='ocrx_word' id='word_1_91' title='bbox 205 951 312 993; x_wconf 74' lang='grc' dir='ltr'><em>ὀκτώ</em></span> <span class='ocrx_word' id='word_1_92' title='bbox 346 951 505 1007; x_wconf 82' lang='grc' dir='ltr'><em>ἡμέρας</em></span> <span class='ocrx_word' id='word_1_93' title='bbox 532 951 629 1007; x_wconf 74' lang='grc' dir='ltr'><em>περὶ</em></span> <span class='ocrx_word' id='word_1_94' title='bbox 652 950 698 993; x_wconf 79' lang='grc' dir='ltr'><strong>τὸ</strong></span> <span class='ocrx_word' id='word_1_95' title='bbox 727 949 962 1002; x_wconf 80' lang='grc' dir='ltr'><em>Βυζάντιον</em></span> <span class='ocrx_word' id='word_1_96' title='bbox 1006 951 1238 1007; x_wconf 82' lang='grc' dir='ltr'><em>διατρίψας</em></span> <span class='ocrx_word' id='word_1_97' title='bbox 1273 954 1347 994; x_wconf 83' lang='grc' dir='ltr'>καί</span> <span class='ocrx_word' id='word_1_98' title='bbox 1387 953 1579 1002; x_wconf 83' lang='grc' dir='ltr'><em>κακώσας</em></span> 
     </span>
    </p>

    <p class='ocr_par' dir='ltr' id='par_1_9' title="bbox 115 1013 1580 1076">
     <span class='ocr_line' id='line_1_13' title="bbox 115 1013 1580 1076; baseline -0.001 -16"><span class='ocrx_word' id='word_1_99' title='bbox 115 1020 176 1067; x_wconf 83' lang='grc' dir='ltr'><strong>-ἐς</strong></span> <span class='ocrx_word' id='word_1_100' title='bbox 214 1017 266 1059; x_wconf 78' lang='grc' dir='ltr'><strong>τοὶ</strong></span> <span class='ocrx_word' id='word_1_101' title='bbox 293 1018 502 1070; x_wconf 78' lang='grc' dir='ltr'><em>μάλιστα,</em></span> <span class='ocrx_word' id='word_1_102' title='bbox 552 1013 807 1074; x_wconf 76' lang='grc' dir='ltr'><em>ἀνέστρεφεν</em></span> <span class='ocrx_word' id='word_1_103' title='bbox 851 1020 912 1067; x_wconf 86' lang='grc' dir='ltr'><strong>εἰς</strong></span> <span class='ocrx_word' id='word_1_104' title='bbox 941 1017 1136 1076; x_wconf 71' lang='grc' dir='ltr'><em>Θρᾴκην,</em></span> <span class='ocrx_word' id='word_1_105' title='bbox 1179 1018 1252 1060; x_wconf 85' lang='grc' dir='ltr'><em>καί</em></span> <span class='ocrx_word' id='word_1_106' title='bbox 1277 1020 1408 1061; x_wconf 83' lang='grc' dir='ltr'><em>πᾶσαι</em></span> <span class='ocrx_word' id='word_1_107' title='bbox 1438 1016 1580 1067; x_wconf 88' lang='grc' dir='ltr'><em>πόλεις</em></span> 
     </span>
    </p>

    <p class='ocr_par' dir='ltr' id='par_1_10' title="bbox 130 1081 1717 1140">
     <span class='ocr_line' id='line_1_14' title="bbox 130 1081 1717 1140; baseline 0.002 -16"><span class='ocrx_word' id='word_1_108' title='bbox 130 1083 283 1124; x_wconf 77' lang='grc' dir='ltr'><em>αὐτίκα</em></span> <span class='ocrx_word' id='word_1_109' title='bbox 311 1082 634 1139; x_wconf 76' lang='grc' dir='ltr'><em>προσεχώρουν,</em></span> <span class='ocrx_word' id='word_1_110' title='bbox 671 1081 748 1138; x_wconf 76' lang='grc' dir='ltr'><strong>τήν</strong></span> <span class='ocrx_word' id='word_1_111' title='bbox 785 1083 831 1124; x_wconf 79' lang='grc' dir='ltr'><strong>ἐκ</strong></span> <span class='ocrx_word' id='word_1_112' title='bbox 858 1084 1099 1134; x_wconf 84' lang='grc' dir='ltr'><em>Βυζαντίου</em></span> <span class='ocrx_word' id='word_1_113' title='bbox 1138 1081 1341 1138; x_wconf 74' lang='grc' dir='ltr'><em>βοήθειαν</em></span> <span class='ocrx_word' id='word_1_114' title='bbox 1372 1085 1575 1138; x_wconf 81' lang='grc' dir='ltr'><em>α’πογινώ-</em></span> <span class='ocrx_word' id='word_1_115' title='bbox 1592 1094 1630 1128; x_wconf 92' lang='lat' dir='ltr'><strong>V.</strong></span> <span class='ocrx_word' id='word_1_116' title='bbox 1649 1095 1717 1140; x_wconf 73' lang='lat'><strong>498</strong></span> 
     </span>
    </p>

    <p class='ocr_par' dir='ltr' id='par_1_11' title="bbox 82 1146 1705 1270">
     <span class='ocr_line' id='line_1_15' title="bbox 128 1146 1578 1202; baseline 0.001 -12"><span class='ocrx_word' id='word_1_117' title='bbox 128 1163 328 1201; x_wconf 82' lang='grc' dir='ltr'><em>σκουσαι,</em></span> <span class='ocrx_word' id='word_1_118' title='bbox 371 1146 478 1202; x_wconf 78' lang='grc' dir='ltr'><strong>πλὴν</strong></span> <span class='ocrx_word' id='word_1_119' title='bbox 517 1147 653 1190; x_wconf 78' lang='grc' dir='ltr'><em>Λῖνου</em></span> <span class='ocrx_word' id='word_1_120' title='bbox 681 1146 756 1190; x_wconf 76' lang='grc' dir='ltr'><strong>καὶ</strong></span> <span class='ocrx_word' id='word_1_121' title='bbox 787 1148 1026 1201; x_wconf 83' lang='grc' dir='ltr'><em>Ἐξαμιλίου</em></span> <span class='ocrx_word' id='word_1_122' title='bbox 1066 1148 1140 1190; x_wconf 79' lang='grc' dir='ltr'><strong>καὶ</strong></span> <span class='ocrx_word' id='word_1_123' title='bbox 1166 1151 1360 1191; x_wconf 81' lang='grc' dir='ltr'><em>Καλλίου</em></span> <span class='ocrx_word' id='word_1_124' title='bbox 1404 1148 1578 1198; x_wconf 87' lang='grc' dir='ltr'><em>πόλεως.</em></span> 
     </span>
     <span class='ocr_line' id='line_1_16' title="bbox 82 1208 1705 1270; baseline 0.002 -16"><span class='ocrx_word' id='word_1_125' title='bbox 82 1211 231 1262; x_wconf 72' lang='grc' dir='ltr'><em>ιὸτσὺς</em></span> <span class='ocrx_word' id='word_1_126' title='bbox 257 1214 302 1254; x_wconf 85' lang='grc' dir='ltr'><strong>ἐν</strong></span> <span class='ocrx_word' id='word_1_127' title='bbox 330 1211 514 1261; x_wconf 78' lang='grc' dir='ltr'><em>ἁπάσαις</em></span> <span class='ocrx_word' id='word_1_128' title='bbox 542 1214 589 1255; x_wconf 81' lang='grc' dir='ltr'><strong>δὲ</strong></span> <span class='ocrx_word' id='word_1_129' title='bbox 619 1208 828 1267; x_wconf 69' lang='grc' dir='ltr'><em>ἄρχοντας</em></span> <span class='ocrx_word' id='word_1_130' title='bbox 855 1215 1130 1268; x_wconf 79' lang='grc' dir='ltr'><em>συναγαγών,</em></span> <span class='ocrx_word' id='word_1_131' title='bbox 1159 1213 1332 1270; x_wconf 81' lang='grc' dir='ltr'><em>οἳπαροὶ</em></span> <span class='ocrx_word' id='word_1_132' title='bbox 1361 1216 1577 1268; x_wconf 75' lang='grc' dir='ltr'><em>βασιλίδος</em></span> <span class='ocrx_word' id='word_1_133' title='bbox 1590 1224 1624 1258; x_wconf 90' lang='grc' dir='ltr'><strong>Ρ.</strong></span> <span class='ocrx_word' id='word_1_134' title='bbox 1637 1223 1705 1258; x_wconf 83' lang='lat'><strong>622</strong></span> 
     </span>
    </p>

    <p class='ocr_par' dir='ltr' id='par_1_12' title="bbox 128 1273 1579 1333">
     <span class='ocr_line' id='line_1_17' title="bbox 128 1273 1579 1333; baseline -0.001 -13"><span class='ocrx_word' id='word_1_135' title='bbox 128 1273 236 1333; x_wconf 76' lang='grc' dir='ltr'><em>ἦσαν</em></span> <span class='ocrx_word' id='word_1_136' title='bbox 274 1279 623 1332; x_wconf 82' lang='grc' dir='ltr'><em>ἐπιτετραμμένοι</em></span> <span class='ocrx_word' id='word_1_137' title='bbox 658 1276 734 1327; x_wconf 78' lang='grc' dir='ltr'><strong>τοὶς</strong></span> <span class='ocrx_word' id='word_1_138' title='bbox 771 1277 942 1333; x_wconf 69' lang='grc' dir='ltr'><em>ἀρχὰς,</em></span> <span class='ocrx_word' id='word_1_139' title='bbox 988 1280 1062 1321; x_wconf 81' lang='grc' dir='ltr'>καί</span> <span class='ocrx_word' id='word_1_140' title='bbox 1102 1278 1262 1333; x_wconf 68' lang='grc' dir='ltr'><em>πολλὴν</em></span> <span class='ocrx_word' id='word_1_141' title='bbox 1294 1279 1392 1333; x_wconf 76' lang='grc' dir='ltr'><em>περὶ</em></span> <span class='ocrx_word' id='word_1_142' title='bbox 1420 1277 1579 1327; x_wconf 77' lang='grc' dir='ltr'><em>αὐτούς</em></span> 
     </span>
    </p>

    <p class='ocr_par' dir='ltr' id='par_1_13' title="bbox 126 1341 1579 1399">
     <span class='ocr_line' id='line_1_18' title="bbox 126 1341 1579 1399; baseline -0.001 -14"><span class='ocrx_word' id='word_1_143' title='bbox 126 1345 353 1385; x_wconf 80' lang='grc' dir='ltr'><em>ἐπιείκειαν</em></span> <span class='ocrx_word' id='word_1_144' title='bbox 381 1343 456 1385; x_wconf 84' lang='grc' dir='ltr'><em>καί</em></span> <span class='ocrx_word' id='word_1_145' title='bbox 480 1341 715 1399; x_wconf 78' lang='grc' dir='ltr'><em>ἡμερότητα</em></span> <span class='ocrx_word' id='word_1_146' title='bbox 744 1345 1078 1397; x_wconf 74' lang='grc' dir='ltr'><em>ἐπιδειξάμενος,</em></span> <span class='ocrx_word' id='word_1_147' title='bbox 1110 1343 1310 1392; x_wconf 85' lang='grc' dir='ltr'><em>κελεύσας</em></span> <span class='ocrx_word' id='word_1_148' title='bbox 1326 1360 1373 1386; x_wconf 85' lang='grc' dir='ltr'><strong>τε</strong></span> <span class='ocrx_word' id='word_1_149' title='bbox 1399 1342 1579 1399; x_wconf 86' lang='grc' dir='ltr'><em>μηδενὸς</em></span> 
     </span>
    </p>

    <p class='ocr_par' dir='ltr' id='par_1_14' title="bbox 126 1408 1580 1464">
     <span class='ocr_line' id='line_1_19' title="bbox 126 1408 1580 1464; baseline 0.001 -15"><span class='ocrx_word' id='word_1_150' title='bbox 126 1410 464 1464; x_wconf 73' lang='grc' dir='ltr'><em>ἀποστερηθῆναι</em></span> <span class='ocrx_word' id='word_1_151' title='bbox 490 1411 574 1450; x_wconf 80' lang='grc' dir='ltr'><strong>τῶν</strong></span> <span class='ocrx_word' id='word_1_152' title='bbox 605 1408 776 1451; x_wconf 84' lang='grc' dir='ltr'><em>ἐνόντων</em></span> <span class='ocrx_word' id='word_1_153' title='bbox 797 1443 809 1464; x_wconf 84' lang='grc'><em>,</em></span> <span class='ocrx_word' id='word_1_154' title='bbox 850 1411 976 1459; x_wconf 77' lang='grc' dir='ltr'><em>ἐνίοις</em></span> <span class='ocrx_word' id='word_1_155' title='bbox 1007 1411 1055 1451; x_wconf 84' lang='grc' dir='ltr'><strong>δὲ</strong></span> <span class='ocrx_word' id='word_1_156' title='bbox 1080 1409 1153 1451; x_wconf 79' lang='grc' dir='ltr'><em>καί</em></span> <span class='ocrx_word' id='word_1_157' title='bbox 1198 1411 1453 1462; x_wconf 77' lang='grc' dir='ltr'><em>α’ναλώματα</em></span> <span class='ocrx_word' id='word_1_158' title='bbox 1507 1409 1580 1451; x_wconf 84' lang='grc' dir='ltr'><em>καί</em></span> 
     </span>
    </p>

    <p class='ocr_par' dir='ltr' id='par_1_15' title="bbox 74 1471 1576 1595">
     <span class='ocr_line' id='line_1_20' title="bbox 127 1471 1576 1531; baseline 0.001 -15"><span class='ocrx_word' id='word_1_159' title='bbox 127 1477 277 1523; x_wconf 81' lang='grc' dir='ltr'><em>ἵππους</em></span> <span class='ocrx_word' id='word_1_160' title='bbox 305 1474 624 1529; x_wconf 84' lang='grc' dir='ltr'><em>παρασχόμενος</em></span> <span class='ocrx_word' id='word_1_161' title='bbox 651 1471 743 1516; x_wconf 79' lang='grc' dir='ltr'><em>ὅσοι</em></span> <span class='ocrx_word' id='word_1_162' title='bbox 771 1474 829 1529; x_wconf 71' lang='grc' dir='ltr'><strong>μὴ</strong></span> <span class='ocrx_word' id='word_1_163' title='bbox 860 1475 1087 1531; x_wconf 67' lang='grc' dir='ltr'><em>εὐπόρουν,</em></span> <span class='ocrx_word' id='word_1_164' title='bbox 1127 1478 1187 1524; x_wconf 83' lang='grc' dir='ltr'><strong>εἰς</strong></span> <span class='ocrx_word' id='word_1_165' title='bbox 1212 1474 1449 1527; x_wconf 80' lang='grc' dir='ltr'><em>Βυζάντιον</em></span> <span class='ocrx_word' id='word_1_166' title='bbox 1473 1476 1576 1518; x_wconf 80' lang='grc' dir='ltr'><em>ἆπέ-</em></span> 
     </span>
     <span class='ocr_line' id='line_1_21' title="bbox 74 1536 1567 1595; baseline 0.001 -15"><span class='ocrx_word' id='word_1_167' title='bbox 74 1555 286 1592; x_wconf 71' lang='grc' dir='ltr'><em>2οπεμπε,</em></span> <span class='ocrx_word' id='word_1_168' title='bbox 319 1541 419 1595; x_wconf 72' lang='grc' dir='ltr'><em>περὶ</em></span> <span class='ocrx_word' id='word_1_169' title='bbox 457 1542 530 1594; x_wconf 85' lang='grc' dir='ltr'><strong>τῆς</strong></span> <span class='ocrx_word' id='word_1_170' title='bbox 572 1538 740 1594; x_wconf 80' lang='grc' dir='ltr'><em>εἰρήνης</em></span> <span class='ocrx_word' id='word_1_171' title='bbox 783 1536 913 1588; x_wconf 72' lang='grc' dir='ltr'><em>αὖθις</em></span> <span class='ocrx_word' id='word_1_172' title='bbox 943 1543 997 1581; x_wconf 81' lang='grc' dir='ltr'><strong>ου’</strong></span> <span class='ocrx_word' id='word_1_173' title='bbox 1023 1543 1238 1594; x_wconf 77' lang='grc' dir='ltr'><em>βασιλίδος</em></span> <span class='ocrx_word' id='word_1_174' title='bbox 1265 1540 1422 1594; x_wconf 88' lang='grc' dir='ltr'><em>μόνον,</em></span> <span class='ocrx_word' id='word_1_175' title='bbox 1459 1542 1567 1583; x_wconf 76' lang='grc' dir='ltr'><em>α’λλὰ</em></span> 
     </span>
    </p>

    <p class='ocr_par' dir='ltr' id='par_1_16' title="bbox 127 1599 1572 1660">
     <span class='ocr_line' id='line_1_22' title="bbox 127 1599 1572 1660; baseline 0.001 -14"><span class='ocrx_word' id='word_1_176' title='bbox 127 1607 203 1647; x_wconf 78' lang='grc' dir='ltr'><strong>καί</strong></span> <span class='ocrx_word' id='word_1_177' title='bbox 227 1603 490 1660; x_wconf 78' lang='grc' dir='ltr'><em>πατριάρχου</em></span> <span class='ocrx_word' id='word_1_178' title='bbox 519 1603 593 1645; x_wconf 83' lang='grc' dir='ltr'>καί</span> <span class='ocrx_word' id='word_1_179' title='bbox 618 1607 701 1646; x_wconf 75' lang='grc' dir='ltr'><em>ταῖν</em></span> <span class='ocrx_word' id='word_1_180' title='bbox 718 1599 857 1646; x_wconf 71' lang='grc' dir='ltr'><em>ἄλλων</em></span> <span class='ocrx_word' id='word_1_181' title='bbox 880 1603 1075 1658; x_wconf 88' lang='grc' dir='ltr'><em>δεόμενος</em></span> <span class='ocrx_word' id='word_1_182' title='bbox 1107 1602 1348 1660; x_wconf 84' lang='grc' dir='ltr'><em>ἆρχόντων,</em></span> <span class='ocrx_word' id='word_1_183' title='bbox 1378 1608 1572 1649; x_wconf 71' lang='grc' dir='ltr'><em>τάναντι-</em></span> 
     </span>
    </p>

    <p class='ocr_par' dir='ltr' id='par_1_17' title="bbox 128 1665 1575 1726">
     <span class='ocr_line' id='line_1_23' title="bbox 128 1665 1575 1726; baseline 0 -14"><span class='ocrx_word' id='word_1_184' title='bbox 128 1671 271 1712; x_wconf 73' lang='lat' dir='ltr'><strong>citata</strong></span> <span class='ocrx_word' id='word_1_185' title='bbox 301 1676 385 1720; x_wconf 80' lang='grc' dir='ltr'><em>τοῖς</em></span> <span class='ocrx_word' id='word_1_186' title='bbox 413 1672 543 1713; x_wconf 76' lang='grc' dir='ltr'><em>ἐκεῖσε</em></span> <span class='ocrx_word' id='word_1_187' title='bbox 566 1665 745 1725; x_wconf 70' lang='grc' dir='ltr'><em>ἄρχουσι</em></span> <span class='ocrx_word' id='word_1_188' title='bbox 766 1669 838 1712; x_wconf 77' lang='grc' dir='ltr'><strong>διὰ</strong></span> <span class='ocrx_word' id='word_1_189' title='bbox 865 1673 1050 1726; x_wconf 77' lang='grc' dir='ltr'><em>σπουδῆς</em></span> <span class='ocrx_word' id='word_1_190' title='bbox 1071 1673 1222 1726; x_wconf 83' lang='grc' dir='ltr'><em>πολλῆς</em></span> <span class='ocrx_word' id='word_1_191' title='bbox 1249 1674 1465 1725; x_wconf 73' lang='grc' dir='ltr'><em>τιθέμενος</em></span> <span class='ocrx_word' id='word_1_192' title='bbox 1482 1687 1575 1713; x_wconf 86' lang='grc' dir='ltr'><em>ποι-</em></span> 
     </span>
    </p>

    <p class='ocr_par' dir='ltr' id='par_1_18' title="bbox 127 1735 1574 1794">
     <span class='ocr_line' id='line_1_24' title="bbox 127 1735 1574 1794; baseline 0.002 -18"><span class='ocrx_word' id='word_1_193' title='bbox 127 1742 205 1778; x_wconf 84' lang='grc' dir='ltr'><em>εῖν.</em></span> <span class='ocrx_word' id='word_1_194' title='bbox 262 1735 430 1778; x_wconf 82' lang='grc' dir='ltr'><em>ἐκείνων</em></span> <span class='ocrx_word' id='word_1_195' title='bbox 468 1735 548 1790; x_wconf 81' lang='grc' dir='ltr'><em>γὰρ</em></span> <span class='ocrx_word' id='word_1_196' title='bbox 590 1736 639 1777; x_wconf 84' lang='grc' dir='ltr'><strong>οὖ</strong></span> <span class='ocrx_word' id='word_1_197' title='bbox 673 1737 802 1789; x_wconf 88' lang='grc' dir='ltr'><em>μόνον</em></span> <span class='ocrx_word' id='word_1_198' title='bbox 845 1735 943 1785; x_wconf 77' lang='grc' dir='ltr'><em>τούς</em></span> <span class='ocrx_word' id='word_1_199' title='bbox 973 1738 1166 1792; x_wconf 74' lang='grc' dir='ltr'><em>φανεραῖς</em></span> <span class='ocrx_word' id='word_1_200' title='bbox 1193 1738 1385 1779; x_wconf 73' lang='grc' dir='ltr'><em>τιίκείνου</em></span> <span class='ocrx_word' id='word_1_201' title='bbox 1415 1737 1574 1794; x_wconf 82' lang='grc' dir='ltr'><em>ᾑρημέ-</em></span> 
     </span>
    </p>

    <p class='ocr_par' dir='ltr' id='par_1_19' title="bbox 126 1797 1572 1859">
     <span class='ocr_line' id='line_1_25' title="bbox 126 1797 1572 1859; baseline 0.001 -15"><span class='ocrx_word' id='word_1_202' title='bbox 126 1817 248 1854; x_wconf 87' lang='grc' dir='ltr'><em>νους,</em></span> <span class='ocrx_word' id='word_1_203' title='bbox 289 1799 397 1843; x_wconf 79' lang='grc' dir='ltr'><em>α’λλά</em></span> <span class='ocrx_word' id='word_1_204' title='bbox 430 1801 503 1844; x_wconf 83' lang='grc' dir='ltr'>καί</span> <span class='ocrx_word' id='word_1_205' title='bbox 533 1800 578 1844; x_wconf 86' lang='grc' dir='ltr'><strong>εἴ</strong></span> <span class='ocrx_word' id='word_1_206' title='bbox 597 1817 660 1850; x_wconf 85' lang='grc' dir='ltr'><strong>τις</strong></span> <span class='ocrx_word' id='word_1_207' title='bbox 691 1797 798 1857; x_wconf 74' lang='grc' dir='ltr'><em>ἦθος</em></span> <span class='ocrx_word' id='word_1_208' title='bbox 822 1802 1052 1858; x_wconf 79' lang='grc' dir='ltr'><em>ύποφαίνοι</em></span> <span class='ocrx_word' id='word_1_209' title='bbox 1089 1802 1195 1859; x_wconf 82' lang='grc' dir='ltr'><em>πρὸς</em></span> <span class='ocrx_word' id='word_1_210' title='bbox 1224 1803 1276 1845; x_wconf 82' lang='grc' dir='ltr'><strong>τὰ</strong></span> <span class='ocrx_word' id='word_1_211' title='bbox 1306 1802 1572 1859; x_wconf 86' lang='grc' dir='ltr'><em>πραττόμενα</em></span> 
     </span>
    </p>

    <p class='ocr_par' dir='ltr' id='par_1_20' title="bbox 220 1884 521 1920">
     <span class='ocr_line' id='line_1_26' title="bbox 220 1884 521 1920; baseline -0.007 0"><span class='ocrx_word' id='word_1_212' title='bbox 220 1897 274 1920; x_wconf 79' lang='lat'><strong>21.</strong></span> <span class='ocrx_word' id='word_1_213' title='bbox 302 1887 379 1919; x_wconf 74' lang='grc' dir='ltr'><strong>τῶν</strong></span> <span class='ocrx_word' id='word_1_214' title='bbox 402 1895 471 1917; x_wconf 92' lang='lat' dir='ltr'><strong>om.</strong></span> <span class='ocrx_word' id='word_1_215' title='bbox 487 1884 521 1918; x_wconf 89' lang='grc' dir='ltr'><strong>Ρ.</strong></span> 
     </span>
    </p>
   </div>
   <div class='ocr_carea' id='block_1_3' title="bbox 106 1954 1570 2838">
    <p class='ocr_par' dir='ltr' id='par_1_21' title="bbox 106 1954 1570 2838">
     <span class='ocr_line' id='line_1_27' title="bbox 126 1954 1569 2000; baseline 0.002 -14"><span class='ocrx_word' id='word_1_216' title='bbox 126 1959 318 2000; x_wconf 81' lang='lat' dir='ltr'><strong>postquam</strong></span> <span class='ocrx_word' id='word_1_217' title='bbox 356 1963 456 1986; x_wconf 89' lang='lat' dir='ltr'><strong>secus</strong></span> <span class='ocrx_word' id='word_1_218' title='bbox 494 1954 639 1994; x_wconf 81' lang='lat' dir='ltr'><strong>evenit,</strong></span> <span class='ocrx_word' id='word_1_219' title='bbox 678 1964 788 1998; x_wconf 86' lang='lat' dir='ltr'><strong>quam</strong></span> <span class='ocrx_word' id='word_1_220' title='bbox 823 1954 1057 1999; x_wconf 78' lang='lat' dir='ltr'>promiserat,</span> <span class='ocrx_word' id='word_1_221' title='bbox 1095 1959 1131 1988; x_wconf 85' lang='lat' dir='ltr'><strong>et</strong></span> <span class='ocrx_word' id='word_1_222' title='bbox 1166 1955 1361 1989; x_wconf 82' lang='lat' dir='ltr'><strong>Heracleae</strong></span> <span class='ocrx_word' id='word_1_223' title='bbox 1393 1956 1505 1988; x_wconf 90' lang='lat' dir='ltr'><strong>muris</strong></span> <span class='ocrx_word' id='word_1_224' title='bbox 1531 1967 1569 1990; x_wconf 86' lang='lat' dir='ltr'><strong>se</strong></span> 
     </span>
     <span class='ocr_line' id='line_1_28' title="bbox 126 2000 1570 2046; baseline 0.002 -13"><span class='ocrx_word' id='word_1_225' title='bbox 126 2002 230 2041; x_wconf 74' lang='lat' dir='ltr'><strong>texit,</strong></span> <span class='ocrx_word' id='word_1_226' title='bbox 265 2000 444 2045; x_wconf 85' lang='lat' dir='ltr'><strong>(quamvis</strong></span> <span class='ocrx_word' id='word_1_227' title='bbox 476 2005 598 2044; x_wconf 83' lang='lat' dir='ltr'><strong>posset</strong></span> <span class='ocrx_word' id='word_1_228' title='bbox 630 2003 890 2034; x_wconf 79' lang='lat' dir='ltr'><strong>convenienter</strong></span> <span class='ocrx_word' id='word_1_229' title='bbox 929 2001 1069 2044; x_wconf 83' lang='lat' dir='ltr'><strong>regioni</strong></span> <span class='ocrx_word' id='word_1_230' title='bbox 1106 2001 1297 2046; x_wconf 82' lang='lat' dir='ltr'><strong>providere</strong></span> <span class='ocrx_word' id='word_1_231' title='bbox 1332 2007 1368 2034; x_wconf 84' lang='lat' dir='ltr'><strong>et</strong></span> <span class='ocrx_word' id='word_1_232' title='bbox 1397 2001 1570 2036; x_wconf 74' lang='lat' dir='ltr'><strong>hostilem</strong></span> 
     </span>
     <span class='ocr_line' id='line_1_29' title="bbox 125 2046 1569 2093; baseline 0 -12"><span class='ocrx_word' id='word_1_233' title='bbox 125 2047 320 2081; x_wconf 86' lang='lat' dir='ltr'><strong>adventum</strong></span> <span class='ocrx_word' id='word_1_234' title='bbox 359 2046 607 2090; x_wconf 86' lang='lat' dir='ltr'><strong>denuntiare,)</strong></span> <span class='ocrx_word' id='word_1_235' title='bbox 635 2047 805 2093; x_wconf 86' lang='lat' dir='ltr'><strong>nihilque</strong></span> <span class='ocrx_word' id='word_1_236' title='bbox 828 2058 871 2080; x_wconf 84' lang='lat' dir='ltr'><strong>ex</strong></span> <span class='ocrx_word' id='word_1_237' title='bbox 896 2047 1009 2081; x_wconf 86' lang='lat' dir='ltr'><strong>officio</strong></span> <span class='ocrx_word' id='word_1_238' title='bbox 1035 2059 1099 2082; x_wconf 90' lang='lat' dir='ltr'><strong>suo</strong></span> <span class='ocrx_word' id='word_1_239' title='bbox 1124 2049 1223 2088; x_wconf 84' lang='lat' dir='ltr'><strong>fecit,</strong></span> <span class='ocrx_word' id='word_1_240' title='bbox 1255 2048 1399 2092; x_wconf 87' lang='lat' dir='ltr'><strong>(utpote</strong></span> <span class='ocrx_word' id='word_1_241' title='bbox 1423 2050 1569 2090; x_wconf 87' lang='lat' dir='ltr'><strong>timens,</strong></span> 
     </span>
     <span class='ocr_line' id='line_1_30' title="bbox 127 2092 1569 2139; baseline 0.003 -13"><span class='ocrx_word' id='word_1_242' title='bbox 127 2104 173 2126; x_wconf 91' lang='lat' dir='ltr'><strong>ne</strong></span> <span class='ocrx_word' id='word_1_243' title='bbox 206 2093 373 2127; x_wconf 83' lang='lat' dir='ltr'><strong>hostibus</strong></span> <span class='ocrx_word' id='word_1_244' title='bbox 408 2092 562 2126; x_wconf 82' lang='lat' dir='ltr'><strong>inferior</strong></span> <span class='ocrx_word' id='word_1_245' title='bbox 603 2093 789 2128; x_wconf 86' lang='lat' dir='ltr'><strong>videretur</strong></span> <span class='ocrx_word' id='word_1_246' title='bbox 803 2095 829 2139; x_wconf 88' lang='lat'><strong>‚)</strong></span> <span class='ocrx_word' id='word_1_247' title='bbox 864 2100 902 2128; x_wconf 84' lang='lat' dir='ltr'><strong>et</strong></span> <span class='ocrx_word' id='word_1_248' title='bbox 937 2106 1003 2139; x_wconf 86' lang='lat' dir='ltr'><strong>per</strong></span> <span class='ocrx_word' id='word_1_249' title='bbox 1044 2106 1124 2128; x_wconf 85' lang='lat' dir='ltr'><strong>cam</strong></span> <span class='ocrx_word' id='word_1_250' title='bbox 1161 2095 1355 2127; x_wconf 78' lang='lat' dir='ltr'><strong>amentiam</strong></span> <span class='ocrx_word' id='word_1_251' title='bbox 1393 2095 1569 2138; x_wconf 77' lang='lat' dir='ltr'><strong>plurimos</strong></span> 
     </span>
     <span class='ocr_line' id='line_1_31' title="bbox 128 2139 1569 2186; baseline 0.001 -12"><span class='ocrx_word' id='word_1_252' title='bbox 128 2139 291 2174; x_wconf 83' lang='lat' dir='ltr'><strong>reddidit</strong></span> <span class='ocrx_word' id='word_1_253' title='bbox 318 2140 550 2174; x_wconf 82' lang='lat' dir='ltr'><strong>miserrimos.</strong></span> <span class='ocrx_word' id='word_1_254' title='bbox 601 2140 691 2173; x_wconf 89' lang='lat' dir='ltr'><strong>Cum</strong></span> <span class='ocrx_word' id='word_1_255' title='bbox 726 2141 905 2174; x_wconf 86' lang='lat' dir='ltr'><strong>iudicaret</strong></span> <span class='ocrx_word' id='word_1_256' title='bbox 932 2146 1074 2181; x_wconf 82' lang='lat' dir='ltr'><strong>autem,</strong></span> <span class='ocrx_word' id='word_1_257' title='bbox 1099 2143 1341 2175; x_wconf 80' lang='lat' dir='ltr'>reversionem</span> <span class='ocrx_word' id='word_1_258' title='bbox 1371 2152 1470 2174; x_wconf 84' lang='lat' dir='ltr'><strong>suam</strong></span> <span class='ocrx_word' id='word_1_259' title='bbox 1498 2144 1569 2186; x_wconf 83' lang='lat' dir='ltr'><strong>By-</strong></span> 
     </span>
     <span class='ocr_line' id='line_1_32' title="bbox 130 2187 1567 2233; baseline 0.002 -15"><span class='ocrx_word' id='word_1_260' title='bbox 130 2187 289 2219; x_wconf 87' lang='lat' dir='ltr'><strong>zantium</strong></span> <span class='ocrx_word' id='word_1_261' title='bbox 326 2197 402 2220; x_wconf 87' lang='lat' dir='ltr'><strong>esse</strong></span> <span class='ocrx_word' id='word_1_262' title='bbox 426 2188 686 2226; x_wconf 78' lang='lat' dir='ltr'><strong>necessariam,</strong></span> <span class='ocrx_word' id='word_1_263' title='bbox 723 2193 760 2220; x_wconf 90' lang='lat' dir='ltr'><strong>et</strong></span> <span class='ocrx_word' id='word_1_264' title='bbox 786 2188 1033 2222; x_wconf 83' lang='lat' dir='ltr'><strong>continentem</strong></span> <span class='ocrx_word' id='word_1_265' title='bbox 1059 2194 1100 2222; x_wconf 90' lang='lat' dir='ltr'><strong>ut</strong></span> <span class='ocrx_word' id='word_1_266' title='bbox 1124 2187 1393 2220; x_wconf 79' lang='lat' dir='ltr'><strong>infestissimam</strong></span> <span class='ocrx_word' id='word_1_267' title='bbox 1417 2195 1567 2233; x_wconf 86' lang='lat' dir='ltr'><strong>propter</strong></span> 
     </span>
     <span class='ocr_line' id='line_1_33' title="bbox 128 2233 1566 2280; baseline 0.001 -13"><span class='ocrx_word' id='word_1_268' title='bbox 128 2233 250 2267; x_wconf 86' lang='lat' dir='ltr'><strong>hostes</strong></span> <span class='ocrx_word' id='word_1_269' title='bbox 276 2237 464 2273; x_wconf 83' lang='lat' dir='ltr'><strong>metueret,</strong></span> <span class='ocrx_word' id='word_1_270' title='bbox 488 2234 603 2278; x_wconf 79' lang='lat' dir='ltr'><strong>copiis</strong></span> <span class='ocrx_word' id='word_1_271' title='bbox 629 2233 682 2266; x_wconf 90' lang='lat' dir='ltr'><strong>ibi</strong></span> <span class='ocrx_word' id='word_1_272' title='bbox 710 2235 860 2273; x_wconf 88' lang='lat' dir='ltr'><strong>relictis,</strong></span> <span class='ocrx_word' id='word_1_273' title='bbox 885 2246 950 2279; x_wconf 82' lang='lat' dir='ltr'><strong>per</strong></span> <span class='ocrx_word' id='word_1_274' title='bbox 979 2245 1074 2268; x_wconf 88' lang='lat' dir='ltr'><strong>mare</strong></span> <span class='ocrx_word' id='word_1_275' title='bbox 1099 2235 1236 2267; x_wconf 83' lang='lat' dir='ltr'><strong>triremi</strong></span> <span class='ocrx_word' id='word_1_276' title='bbox 1262 2234 1391 2267; x_wconf 87' lang='lat' dir='ltr'><strong>rediit:</strong></span> <span class='ocrx_word' id='word_1_277' title='bbox 1420 2235 1566 2280; x_wconf 87' lang='lat' dir='ltr'><strong>visaque</strong></span> 
     </span>
     <span class='ocr_line' id='line_1_34' title="bbox 128 2279 1566 2325; baseline 0.001 -12"><span class='ocrx_word' id='word_1_278' title='bbox 128 2279 262 2313; x_wconf 83' lang='lat' dir='ltr'><strong>reditio</strong></span> <span class='ocrx_word' id='word_1_279' title='bbox 297 2279 504 2324; x_wconf 84' lang='lat' dir='ltr'><strong>turpissima</strong></span> <span class='ocrx_word' id='word_1_280' title='bbox 539 2284 577 2313; x_wconf 87' lang='lat' dir='ltr'><strong>et</strong></span> <span class='ocrx_word' id='word_1_281' title='bbox 609 2281 786 2314; x_wconf 88' lang='lat' dir='ltr'><strong>minarum</strong></span> <span class='ocrx_word' id='word_1_282' title='bbox 830 2281 974 2314; x_wconf 87' lang='lat' dir='ltr'><strong>illarum</strong></span> <span class='ocrx_word' id='word_1_283' title='bbox 1014 2281 1212 2314; x_wconf 86' lang='lat' dir='ltr'><strong>terroribus</strong></span> <span class='ocrx_word' id='word_1_284' title='bbox 1235 2281 1340 2325; x_wconf 80' lang='lat' dir='ltr'><strong>longe</strong></span> <span class='ocrx_word' id='word_1_285' title='bbox 1368 2280 1566 2314; x_wconf 80' lang='lat' dir='ltr'><strong>dissimilis.</strong></span> 
     </span>
     <span class='ocr_line' id='line_1_35' title="bbox 128 2326 1566 2372; baseline 0.001 -13"><span class='ocrx_word' id='word_1_286' title='bbox 128 2328 328 2370; x_wconf 84' lang='lat' dir='ltr'><strong>Imperator</strong></span> <span class='ocrx_word' id='word_1_287' title='bbox 361 2331 442 2358; x_wconf 86' lang='lat' dir='ltr'><strong>octo</strong></span> <span class='ocrx_word' id='word_1_288' title='bbox 475 2326 606 2360; x_wconf 90' lang='lat' dir='ltr'><strong>diebus</strong></span> <span class='ocrx_word' id='word_1_289' title='bbox 646 2338 758 2372; x_wconf 84' lang='lat' dir='ltr'><strong>prope</strong></span> <span class='ocrx_word' id='word_1_290' title='bbox 778 2329 987 2371; x_wconf 82' lang='lat' dir='ltr'><strong>Byzantium</strong></span> <span class='ocrx_word' id='word_1_291' title='bbox 1023 2328 1245 2371; x_wconf 85' lang='lat' dir='ltr'><strong>consumptis</strong></span> <span class='ocrx_word' id='word_1_292' title='bbox 1277 2333 1314 2360; x_wconf 87' lang='lat' dir='ltr'><strong>et</strong></span> <span class='ocrx_word' id='word_1_293' title='bbox 1338 2326 1566 2361; x_wconf 79' lang='lat' dir='ltr'><strong>detrimentis</strong></span> 
     </span>
     <span class='ocr_line' id='line_1_36' title="bbox 129 2372 1565 2418; baseline 0.002 -13"><span class='ocrx_word' id='word_1_294' title='bbox 129 2373 347 2406; x_wconf 82' lang='lat' dir='ltr'><strong>immanibus</strong></span> <span class='ocrx_word' id='word_1_295' title='bbox 381 2372 515 2413; x_wconf 83' lang='lat' dir='ltr'><strong>illatis,</strong></span> <span class='ocrx_word' id='word_1_296' title='bbox 558 2374 597 2406; x_wconf 90' lang='lat' dir='ltr'><strong>in</strong></span> <span class='ocrx_word' id='word_1_297' title='bbox 631 2373 823 2407; x_wconf 85' lang='lat' dir='ltr'><strong>Thraciam</strong></span> <span class='ocrx_word' id='word_1_298' title='bbox 855 2385 1056 2418; x_wconf 82' lang='lat' dir='ltr'><strong>regressus,</strong></span> <span class='ocrx_word' id='word_1_299' title='bbox 1081 2375 1254 2407; x_wconf 89' lang='lat' dir='ltr'><strong>continuo</strong></span> <span class='ocrx_word' id='word_1_300' title='bbox 1290 2384 1414 2407; x_wconf 86' lang='lat' dir='ltr'><strong>omnes</strong></span> <span class='ocrx_word' id='word_1_301' title='bbox 1445 2375 1565 2415; x_wconf 88' lang='lat' dir='ltr'><strong>urbes,</strong></span> 
     </span>
     <span class='ocr_line' id='line_1_37' title="bbox 128 2419 1566 2465; baseline 0.003 -14"><span class='ocrx_word' id='word_1_302' title='bbox 128 2419 276 2452; x_wconf 81' lang='lat' dir='ltr'><strong>auxiliis</strong></span> <span class='ocrx_word' id='word_1_303' title='bbox 314 2429 333 2452; x_wconf 89' lang='lat' dir='ltr'><strong>e</strong></span> <span class='ocrx_word' id='word_1_304' title='bbox 370 2419 539 2461; x_wconf 80' lang='lat' dir='ltr'><strong>Byzantio</strong></span> <span class='ocrx_word' id='word_1_305' title='bbox 577 2419 799 2464; x_wconf 84' lang='lat' dir='ltr'><strong>desperatis,</strong></span> <span class='ocrx_word' id='word_1_306' title='bbox 823 2427 968 2465; x_wconf 84' lang='lat' dir='ltr'><strong>praeter</strong></span> <span class='ocrx_word' id='word_1_307' title='bbox 1005 2424 1144 2456; x_wconf 86' lang='lat' dir='ltr'><strong>Aenum</strong></span> <span class='ocrx_word' id='word_1_308' title='bbox 1185 2426 1223 2454; x_wconf 88' lang='lat' dir='ltr'><strong>et</strong></span> <span class='ocrx_word' id='word_1_309' title='bbox 1254 2420 1495 2455; x_wconf 71' lang='lat' dir='ltr'><strong>Hexamilium</strong></span> <span class='ocrx_word' id='word_1_310' title='bbox 1528 2429 1566 2456; x_wconf 83' lang='lat' dir='ltr'><strong>et</strong></span> 
     </span>
     <span class='ocr_line' id='line_1_38' title="bbox 130 2465 1567 2514; baseline 0.002 -15"><span class='ocrx_word' id='word_1_311' title='bbox 130 2465 365 2510; x_wconf 84' lang='lat' dir='ltr'><strong>Calliopolim</strong></span> <span class='ocrx_word' id='word_1_312' title='bbox 389 2475 426 2498; x_wconf 88' lang='lat' dir='ltr'><strong>se</strong></span> <span class='ocrx_word' id='word_1_313' title='bbox 452 2466 688 2500; x_wconf 84' lang='lat' dir='ltr'><strong>subiicientes</strong></span> <span class='ocrx_word' id='word_1_314' title='bbox 712 2469 861 2512; x_wconf 84' lang='lat' dir='ltr'><strong>accepit.</strong></span> <span class='ocrx_word' id='word_1_315' title='bbox 898 2468 1115 2502; x_wconf 85' lang='lat' dir='ltr'><strong>Convocatis</strong></span> <span class='ocrx_word' id='word_1_316' title='bbox 1139 2478 1247 2511; x_wconf 88' lang='lat' dir='ltr'><strong>porro</strong></span> <span class='ocrx_word' id='word_1_317' title='bbox 1272 2468 1432 2500; x_wconf 90' lang='lat' dir='ltr'><strong>omnium</strong></span> <span class='ocrx_word' id='word_1_318' title='bbox 1458 2480 1567 2514; x_wconf 84' lang='lat' dir='ltr'><strong>prae-</strong></span> 
     </span>
     <span class='ocr_line' id='line_1_39' title="bbox 130 2511 1567 2560; baseline 0.002 -15"><span class='ocrx_word' id='word_1_319' title='bbox 130 2512 236 2546; x_wconf 78' lang='lat' dir='ltr'><strong>fectis</strong></span> <span class='ocrx_word' id='word_1_320' title='bbox 285 2511 331 2545; x_wconf 91' lang='lat' dir='ltr'><strong>ab</strong></span> <span class='ocrx_word' id='word_1_321' title='bbox 364 2511 524 2554; x_wconf 82' lang='lat' dir='ltr'><strong>Augusta</strong></span> <span class='ocrx_word' id='word_1_322' title='bbox 567 2514 770 2555; x_wconf 80' lang='lat' dir='ltr'><strong>institutis,</strong></span> <span class='ocrx_word' id='word_1_323' title='bbox 803 2514 991 2560; x_wconf 85' lang='lat' dir='ltr'><strong>multaque</strong></span> <span class='ocrx_word' id='word_1_324' title='bbox 1022 2515 1174 2548; x_wconf 89' lang='lat' dir='ltr'><strong>lenitate</strong></span> <span class='ocrx_word' id='word_1_325' title='bbox 1207 2524 1250 2546; x_wconf 91' lang='lat' dir='ltr'><strong>ac</strong></span> <span class='ocrx_word' id='word_1_326' title='bbox 1286 2516 1567 2550; x_wconf 86' lang='lat' dir='ltr'><strong>mansuetudine</strong></span> 
     </span>
     <span class='ocr_line' id='line_1_40' title="bbox 130 2558 1566 2606; baseline 0.003 -14"><span class='ocrx_word' id='word_1_327' title='bbox 130 2558 310 2603; x_wconf 83' lang='lat' dir='ltr'><strong>exceptis,</strong></span> <span class='ocrx_word' id='word_1_328' title='bbox 345 2558 589 2604; x_wconf 82' lang='lat' dir='ltr'><strong>mandatoque</strong></span> <span class='ocrx_word' id='word_1_329' title='bbox 616 2572 662 2593; x_wconf 88' lang='lat' dir='ltr'><strong>ne</strong></span> <span class='ocrx_word' id='word_1_330' title='bbox 687 2571 794 2605; x_wconf 91' lang='lat' dir='ltr'><strong>quam</strong></span> <span class='ocrx_word' id='word_1_331' title='bbox 822 2571 940 2594; x_wconf 88' lang='lat' dir='ltr'><strong>rerum</strong></span> <span class='ocrx_word' id='word_1_332' title='bbox 976 2573 1120 2594; x_wconf 87' lang='lat' dir='ltr'><strong>suarum</strong></span> <span class='ocrx_word' id='word_1_333' title='bbox 1147 2562 1318 2594; x_wconf 80' lang='lat' dir='ltr'><strong>iacturam</strong></span> <span class='ocrx_word' id='word_1_334' title='bbox 1345 2567 1566 2606; x_wconf 75' lang='lat' dir='ltr'><strong>paterentur,</strong></span> 
     </span>
     <span class='ocr_line' id='line_1_41' title="bbox 129 2604 1566 2652; baseline 0.001 -14"><span class='ocrx_word' id='word_1_335' title='bbox 129 2604 348 2651; x_wconf 87' lang='lat' dir='ltr'><strong>quibusdam</strong></span> <span class='ocrx_word' id='word_1_336' title='bbox 374 2604 462 2638; x_wconf 89' lang='lat' dir='ltr'><strong>item</strong></span> <span class='ocrx_word' id='word_1_337' title='bbox 486 2606 713 2640; x_wconf 85' lang='lat' dir='ltr'><strong>tenuioribus</strong></span> <span class='ocrx_word' id='word_1_338' title='bbox 738 2608 869 2640; x_wconf 82' lang='lat' dir='ltr'><strong>viatico</strong></span> <span class='ocrx_word' id='word_1_339' title='bbox 896 2613 933 2640; x_wconf 89' lang='lat' dir='ltr'><strong>et</strong></span> <span class='ocrx_word' id='word_1_340' title='bbox 953 2609 1056 2652; x_wconf 86' lang='lat' dir='ltr'><strong>equis</strong></span> <span class='ocrx_word' id='word_1_341' title='bbox 1082 2606 1335 2651; x_wconf 82' lang='lat' dir='ltr'><strong>suppeditatis,</strong></span> <span class='ocrx_word' id='word_1_342' title='bbox 1359 2609 1566 2651; x_wconf 85' lang='lat' dir='ltr'><strong>Byzantium</strong></span> 
     </span>
     <span class='ocr_line' id='line_1_42' title="bbox 131 2651 1567 2699; baseline 0.001 -15"><span class='ocrx_word' id='word_1_343' title='bbox 131 2662 192 2685; x_wconf 80' lang='lat' dir='ltr'><strong>eos</strong></span> <span class='ocrx_word' id='word_1_344' title='bbox 217 2651 376 2690; x_wconf 85' lang='lat' dir='ltr'><strong>dimisit,</strong></span> <span class='ocrx_word' id='word_1_345' title='bbox 402 2651 511 2684; x_wconf 87' lang='lat' dir='ltr'><strong>etiam</strong></span> <span class='ocrx_word' id='word_1_346' title='bbox 537 2657 612 2684; x_wconf 86' lang='lat' dir='ltr'><strong>tum</strong></span> <span class='ocrx_word' id='word_1_347' title='bbox 638 2664 759 2697; x_wconf 90' lang='lat' dir='ltr'><strong>pacem</strong></span> <span class='ocrx_word' id='word_1_348' title='bbox 787 2665 913 2699; x_wconf 85' lang='lat' dir='ltr'><strong>rogans</strong></span> <span class='ocrx_word' id='word_1_349' title='bbox 941 2665 1014 2687; x_wconf 91' lang='lat' dir='ltr'><strong>non</strong></span> <span class='ocrx_word' id='word_1_350' title='bbox 1038 2655 1302 2698; x_wconf 76' lang='lat' dir='ltr'><strong>imperatricem</strong></span> <span class='ocrx_word' id='word_1_351' title='bbox 1327 2656 1463 2694; x_wconf 71' lang='lat' dir='ltr'><strong>sotum,</strong></span> <span class='ocrx_word' id='word_1_352' title='bbox 1504 2655 1567 2687; x_wconf 83' lang='lat' dir='ltr'><strong>sed</strong></span> 
     </span>
     <span class='ocr_line' id='line_1_43' title="bbox 131 2696 1566 2741; baseline 0.003 -11"><span class='ocrx_word' id='word_1_353' title='bbox 131 2703 166 2731; x_wconf 82' lang='lat' dir='ltr'><strong>et</strong></span> <span class='ocrx_word' id='word_1_354' title='bbox 190 2696 425 2741; x_wconf 84' lang='lat' dir='ltr'><strong>patriarcham</strong></span> <span class='ocrx_word' id='word_1_355' title='bbox 450 2703 487 2730; x_wconf 86' lang='lat' dir='ltr'><strong>et</strong></span> <span class='ocrx_word' id='word_1_356' title='bbox 509 2698 698 2734; x_wconf 77' lang='lat' dir='ltr'><strong>archontas</strong></span> <span class='ocrx_word' id='word_1_357' title='bbox 723 2701 826 2740; x_wconf 81' lang='lat' dir='ltr'><strong>alios,</strong></span> <span class='ocrx_word' id='word_1_358' title='bbox 852 2711 894 2732; x_wconf 81' lang='lat' dir='ltr'><strong>ex</strong></span> <span class='ocrx_word' id='word_1_359' title='bbox 917 2700 1093 2733; x_wconf 84' lang='lat' dir='ltr'><strong>diametro</strong></span> <span class='ocrx_word' id='word_1_360' title='bbox 1118 2700 1257 2734; x_wconf 75' lang='lat' dir='ltr'><strong>diversa</strong></span> <span class='ocrx_word' id='word_1_361' title='bbox 1280 2699 1324 2734; x_wconf 86' lang='lat' dir='ltr'><strong>ab</strong></span> <span class='ocrx_word' id='word_1_362' title='bbox 1349 2702 1423 2735; x_wconf 80' lang='lat' dir='ltr'><strong>illis</strong></span> <span class='ocrx_word' id='word_1_363' title='bbox 1448 2703 1566 2734; x_wconf 85' lang='lat' dir='ltr'><strong>facere</strong></span> 
     </span>
     <span class='ocr_line' id='line_1_44' title="bbox 106 2743 1566 2794; baseline 0.003 -18"><span class='ocrx_word' id='word_1_364' title='bbox 106 2745 371 2788; x_wconf 79' lang='lat' dir='ltr'><strong>·maximopere</strong></span> <span class='ocrx_word' id='word_1_365' title='bbox 398 2743 550 2779; x_wconf 85' lang='lat' dir='ltr'><strong>enitens.</strong></span> <span class='ocrx_word' id='word_1_366' title='bbox 598 2746 688 2779; x_wconf 83' lang='lat' dir='ltr'><strong>Nam</strong></span> <span class='ocrx_word' id='word_1_367' title='bbox 713 2758 792 2780; x_wconf 88' lang='lat' dir='ltr'><strong>cum</strong></span> <span class='ocrx_word' id='word_1_368' title='bbox 819 2747 874 2780; x_wconf 80' lang='lat' dir='ltr'><strong>ini</strong></span> <span class='ocrx_word' id='word_1_369' title='bbox 901 2759 974 2780; x_wconf 88' lang='lat' dir='ltr'><strong>non</strong></span> <span class='ocrx_word' id='word_1_370' title='bbox 1001 2746 1106 2782; x_wconf 85' lang='lat' dir='ltr'><strong>modo</strong></span> <span class='ocrx_word' id='word_1_371' title='bbox 1136 2758 1210 2787; x_wconf 86' lang='lat' dir='ltr'><strong>eos,</strong></span> <span class='ocrx_word' id='word_1_372' title='bbox 1232 2749 1295 2794; x_wconf 86' lang='lat' dir='ltr'><strong>qui</strong></span> <span class='ocrx_word' id='word_1_373' title='bbox 1320 2755 1443 2792; x_wconf 85' lang='lat' dir='ltr'><strong>aperte</strong></span> <span class='ocrx_word' id='word_1_374' title='bbox 1470 2749 1566 2781; x_wconf 86' lang='lat' dir='ltr'><strong>Can-</strong></span> 
     </span>
     <span class='ocr_line' id='line_1_45' title="bbox 132 2791 1567 2838; baseline 0.003 -15"><span class='ocrx_word' id='word_1_375' title='bbox 132 2794 303 2825; x_wconf 84' lang='lat' dir='ltr'><strong>tacuzeno</strong></span> <span class='ocrx_word' id='word_1_376' title='bbox 335 2791 524 2831; x_wconf 77' lang='lat' dir='ltr'><strong>faverent,</strong></span> <span class='ocrx_word' id='word_1_377' title='bbox 560 2793 622 2827; x_wconf 79' lang='lat' dir='ltr'><strong>sed</strong></span> <span class='ocrx_word' id='word_1_378' title='bbox 658 2794 689 2826; x_wconf 84' lang='lat' dir='ltr'><strong>si</strong></span> <span class='ocrx_word' id='word_1_379' title='bbox 722 2796 805 2838; x_wconf 85' lang='lat' dir='ltr'><strong>quis</strong></span> <span class='ocrx_word' id='word_1_380' title='bbox 842 2793 901 2827; x_wconf 81' lang='lat' dir='ltr'><strong>vel</strong></span> <span class='ocrx_word' id='word_1_381' title='bbox 929 2795 1094 2827; x_wconf 76' lang='lat' dir='ltr'><strong>affectum</strong></span> <span class='ocrx_word' id='word_1_382' title='bbox 1137 2795 1387 2829; x_wconf 84' lang='lat' dir='ltr'><strong>tantummodo</strong></span> <span class='ocrx_word' id='word_1_383' title='bbox 1418 2795 1465 2828; x_wconf 89' lang='lat' dir='ltr'><strong>ob</strong></span> <span class='ocrx_word' id='word_1_384' title='bbox 1489 2795 1567 2833; x_wconf 77' lang='lat' dir='ltr'><strong>ilia,</strong></span> 
     </span>
    </p>
   </div>
  </div>
 </body>
</html>
