1754 3146
709 167 849 207 me
889 169 963 208 111.
1548 150 1579 203 5

138 271 394 319 diripiuntur;
433 279 558 303 eorum
577 269 800 303 immensitas
824 270 1044 315 explicatur.
1096 271 1240 306 eontra
1267 273 1347 306 nm
1373 281 1478 305 socer
1504 272 1581 304 An-

138 319 314 354 dronicus
326 319 464 350 Asanes
477 314 552 349 dux
577 314 766 361 deligitur.
820 317 994 350 Vastatur
1016 317 1228 360 provincia.
1270 317 1308 350 E
1330 317 1580 352 Zernomiano

137 364 378 412 praedatores
390 361 493 407 apud
507 360 801 404 Didymotichum
829 361 1075 396 trucidantur.
1126 362 1407 408 Adrianopolim
1419 360 1581 408 Impera-

140 419 201 445 tor
237 408 363 444 tendit.
430 407 613 442 Pincerna
650 408 840 453 Pamphilo
883 410 1097 442 accersitur.
1162 409 1308 443 Hebrus
1348 411 1581 455 congelascit.

139 454 450 502 Pamphilensium
483 455 613 490 scelus.
664 454 837 498 Byzantii
864 455 1142 488 Cantacuzenus
1167 457 1426 490 contumeliose
1454 455 1581 490 admo-

140 501 224 537 dum
251 513 318 547 per
349 511 416 534 ora
447 499 667 534 traducitur.
714 503 744 534 Α
766 500 986 545 patriarcha
1012 501 1315 534 anathematismo
1337 502 1581 546 percellitur.-

139 548 407 594 fflperatricem
435 554 472 580 et
505 546 704 580 archontas
729 546 889 580 honorat
912 547 999 590 (30).
1052 546 1183 580 Tribus
1209 547 1430 592 praefectis,
1455 560 1491 582 se
1521 560 1581 583 ce-

137 596 235 628 latos
261 594 407 628 moleste
424 592 652 636 serentibus,
664 592 814 638 jactum
838 605 940 625 suum
959 592 1003 626 de
1028 593 1157 626 habitu
1182 602 1217 626 et
1252 595 1396 628 nomine
1421 596 1583 640 Impera-

138 641 234 675 toris
255 639 413 686 probare
438 637 638 674 contendit.
679 639 824 683 Syrges,
847 639 1046 673 Pherarum
1069 641 1292 685 praejectus,
1319 642 1398 674 eius
1421 640 1516 673 bona
1532 639 1584 674 ad

135 698 172 722 se
198 687 346 721 avertit.
398 686 649 720 Protostrator
661 685 900 724 immutatus,
930 685 1229 719 Thessalonicam
1251 685 1475 721 traditurum
1493 699 1584 732 pro·

140 733 264 766 mittit.
302 731 463 771 Chreles,
482 729 640 775 dynasta
657 732 692 765 T
689 731 859 771 riballus,
883 730 934 764 ad
946 730 1168 765 occidentem
1185 732 1339 771 invitat,
1366 744 1465 778 opem
1479 744 1582 766 suam

141 777 303 824 spondet.
355 778 530 817 Vincunt,
547 778 614 824 qui
626 779 668 810 in
685 778 841 812 consilio
857 779 963 822 prius
981 776 1220 818 occidentem,
1247 789 1356 823 quam
1367 781 1584 822 Byzantium

137 823 332 870 petendum
368 824 531 857 sentiunt
562 825 648 868 (31).
701 825 979 857 Cantacuzenus
1011 835 1160 857 uxorem
1188 836 1266 858 cum
1279 824 1438 870 filiabus
1461 823 1582 867 Didy-

140 870 296 905 motichi
327 871 531 916 relinquit;
566 870 651 904 urbi
686 879 721 906 et
754 869 927 903 suburbio
951 870 1156 914 praefectos
1181 869 1247 903 dat
1271 882 1349 904 cum
1373 870 1582 916 praesidiis.

138 918 236 951 Bera
261 917 450 951 castellum
474 918 514 950 in
537 918 696 962 gratiam
720 916 980 950 monachorum
1005 917 1104 949 intus
1128 916 1334 961 degentium
1361 919 1438 951 sine
1458 919 1500 950 vi
1519 929 1583 951 ca-

136 964 251 1008 pitur.
312 963 473 996 Batatzis
507 964 616 996 timor
645 965 687 996 in
710 963 936 1007 Imperatore
969 963 1231 1009 persequendo.
1287 964 1584 1008 Anastasiopolis

139 1007 241 1043 dicta
266 1009 311 1042 ab
340 1008 552 1043 Andronico
576 1010 723 1043 iuniore
747 1007 1014 1042 Per-itheorium
1039 1008 1237 1043 obsidetur.
1285 1010 1452 1043 Batatzis
1482 1021 1584 1043 men-

141 1054 288 1089 dacium
311 1054 401 1098 (32).
452 1055 624 1100 Epistola
656 1055 911 1089 Cantacuzeni
933 1053 984 1087 ad
1004 1056 1278 1099 patriarcham,
1314 1067 1387 1101 qua
1413 1068 1449 1088 se
1479 1056 1585 1100 pacis

131 1099 409 1146 ‚cupidissimum
420 1100 653 1135 demonstrat.
704 1102 736 1134 T
735 1101 935 1135 abellarius
959 1112 1107 1134 carcere
1125 1103 1314 1136 multatur.
1362 1102 1585 1146 Imperatrix

135 1147 286 1190 feminis
312 1149 390 1181 suis
415 1149 712 1181 Cantacuzenum
739 1156 891 1181 excusat
918 1158 963 1181 ac
985 1145 1151 1192 defendit
1173 1146 1290 1193 deque
1316 1158 1358 1180 eo
1378 1147 1583 1194 honorifice

136 1194 312 1240 loquitur.
359 1194 568 1228 Resciscens
602 1192 644 1227 id
676 1193 938 1237 Apocauclzus,
979 1194 1196 1227 coniuratos
1229 1205 1338 1239 super
1375 1194 1584 1227 imminente

135 1241 303 1285 periculo
338 1248 468 1274 monet.
516 1240 750 1283 Imperatrici
786 1241 1030 1275 iuramentum
1065 1238 1230 1274 indicere
1268 1247 1458 1279 statuunt,
1493 1241 1585 1281 ipsis

137 1285 345 1320 nolentibus
371 1285 414 1320 de
432 1297 523 1332 pace
548 1286 644 1320 nihil
667 1294 894 1321 tentaturam
911 1285 1002 1331 (33).
1059 1285 1167 1330 Apud
1181 1297 1259 1319 eam
1288 1284 1466 1320 adversus
1487 1286 1586 1319 Can-

137 1340 353 1367 tacuzenum
383 1340 500 1377 agunt
521 1332 682 1372 acriter,
712 1334 926 1376 praesertim
948 1332 1179 1376 patriarcha.
1232 1332 1341 1365 Iurat
1361 1342 1396 1365 et
1425 1331 1491 1365 diu
1514 1344 1584 1366 no-

129 1386 269 1423 ctuque
302 1391 370 1423 per
405 1379 620 1412 coniuratos
651 1387 686 1413 ct
702 1380 870 1424 famulos
888 1377 1114 1418 custoditur,
1145 1378 1296 1424 quibuS,
1322 1387 1362 1411 ut
1380 1377 1483 1412 dicta
1505 1379 1586 1412 eius

137 1424 325 1468 afferant,
358 1436 490 1459 aurum
521 1423 647 1459 datur.
710 1425 991 1459 Cantacuzenus
1016 1437 1034 1459 e
1060 1434 1179 1458 monte
1212 1425 1300 1458 Atho
1323 1425 1585 1459 monachorum

137 1471 384 1505 sanctissimos
397 1478 542 1511 evocat,
569 1483 724 1518 quorum
740 1472 962 1505 existimatio
982 1472 1213 1515 imperatrici
1228 1483 1356 1516 pacem
1367 1468 1585 1516 persuadet.-

138 1515 203 1550 sed
227 1518 407 1562 religione
436 1530 460 1551 a
490 1519 751 1563 compositione
788 1517 986 1563 impeditur
1011 1516 1100 1562 (34).
1165 1517 1390 1551 l’atriarcha
1422 1526 1456 1552 et
1492 1517 1586 1550 socii

131 1562 327 1596 monachis
349 1565 564 1596 irascuntur
578 1578 590 1597 .·
622 1566 722 1597 inter
748 1575 808 1598 eos
830 1564 995 1608 conflare
1019 1562 1229 1598 discordias
1245 1563 1415 1597 student.-
1446 1565 1585 1609 primo·

137 1620 195 1642 res
208 1606 353 1641 duriter
366 1608 512 1642 habent.
559 1612 590 1643 A
605 1618 875 1654 protostratore
898 1610 1061 1644 nuntius.
1110 1610 1375 1644 Peritheorium
1395 1620 1586 1655 oppugna-

135 1661 210 1687 tur.
255 1654 310 1687 De
337 1666 440 1688 muro
468 1654 566 1698 fiunt
593 1657 768 1690 convicia
795 1658 1082 1689 Cantacuzeno:
1123 1657 1357 1690 conviciator
1384 1656 1428 1688 ab
1461 1653 1585 1688 eodem

137 1700 341 1735 christiane
364 1702 556 1745 accipitur.
608 1700 792 1745 Oppidani
807 1703 963 1736 consilio
989 1702 1159 1746 perversi
1179 1703 1337 1736 hominis
1361 1700 1585 1735 deditionem

136 1753 352 1780 retractant·
402 1748 487 1791 Imp.
511 1747 808 1782 Thessalonicam
836 1748 914 1781 abit
934 1748 1018 1793 (35).
1078 1749 1253 1787 Ioannes,
1293 1747 1503 1782 Andronici
1534 1746 1586 1791 s·

135 1792 226 1831 lius,
249 1791 460 1827 adolescens
482 1794 658 1835 Byzantii
675 1802 888 1827 coronatur.
923 1795 1120 1827 coniurati
1133 1793 1378 1836 dignitatibus
1389 1801 1585 1827 ornantur.

135 1838 381 1873 Patriarchae
394 1840 535 1883 fizstus.
602 1839 840 1884 Apocauchus
865 1851 1035 1872 summum
1074 1836 1263 1884 imperium
1297 1842 1370 1874 sibi
1409 1848 1584 1883 arrogat:

128 1884 363 1931 >propinquos
407 1885 661 1919 Cantacuzeni
708 1887 874 1928 iugulat:
913 1887 992 1919 eius
1029 1894 1179 1919 matrem
1208 1887 1250 1918 in
1283 1898 1432 1930 carcere
1472 1896 1584 1930 usque

138 1929 193 1963 ad
215 1932 607 1970 mortem,saevissime
635 1931 798 1975 affligit:
830 1943 939 1976 quam
966 1933 1164 1965 miseratur
1188 1933 1415 1975 imperatrix.
1467 1932 1584 1966 Theo-

138 1975 268 2016 dorae,
291 1977 432 2011 sororis
463 1977 673 2011 Andronici
701 1977 865 2011 iunioris
889 1976 1028 2011 viduae
1060 1986 1094 2011 et
1131 1978 1356 2018 monachae,
1390 1980 1431 2011 in
1473 1978 1586 2011 mori-

141 2022 301 2056 bundam
328 2032 363 2058 et
390 2033 567 2057 mortuam
600 2023 749 2057 caritas.
789 2025 987 2057 ,Inventae
1005 2025 1186 2068 pecuniae
1211 2023 1426 2069 magnitudo
1446 2033 1481 2057 et
1506 2022 1586 2056 dis-

139 2069 294 2103 tributio
356 2070 491 2103 Gravis
522 2071 563 2104 in
587 2071 884 2104 Cantacuzenum
906 2070 1110 2105 calumnia.
1162 2071 1300 2104 Contra
1322 2070 1472 2104 eundem
1487 2071 1587 2114 Apo-

141 2115 303 2149 cauchus
329 2116 478 2150 classem
505 2116 547 2148 in
567 2115 791 2150 occidentem
818 2123 930 2157 parat
961 2115 1050 2160 (36).
1103 2116 1239 2161 Syrges
1269 2118 1405 2150 itinera
1434 2116 1587 2150 Thessa-

127 2162 301 2196 tonicam
317 2161 487 2195 obsidens
507 2161 709 2196 deluditur.
754 2162 963 2205 Polystylus
985 2162 1158 2196 munitur.
1209 2163 1494 2196 Protostratoris
1506 2174 1586 2195 mo-

131 2208 236 2242 nitio
266 2216 301 2241 et
335 2208 475 2242 Clzrelis
502 2209 703 2254 responsio.
757 2210 995 2253 Imperatoris
1013 2210 1219 2253 angustiae.
1269 2210 1420 2254 SyrgeS,
1454 2210 1586 2255 Mono-

142 2253 292 2287 machus
319 2263 355 2288 et
383 2254 572 2299 episcopus
603 2255 909 2298 metropolitanus
941 2253 993 2288 ad
1026 2263 1150 2289 castra
1182 2255 1436 2289 Cantacuzeni
1458 2255 1585 2299 explo-

143 2308 285 2333 ratores
318 2301 477 2333 mittunt.
533 2303 605 2335 Fer
629 2302 774 2335 litteras
797 2299 849 2333 ad
869 2312 928 2335 eos
954 2300 1061 2334 datas
1096 2313 1197 2334 suam
1226 2302 1479 2335 innocentiam
1509 2309 1587 2334 tue-

145 2352 230 2379 tur.-
257 2344 300 2379 de
331 2347 533 2380 iuramenti
560 2349 682 2381 causis
712 2346 885 2380 disserit:
915 2359 974 2382 eos
1006 2347 1253 2393 improbitatis
1275 2347 1465 2381 cnnvincit
1499 2347 1586 2391 (37).

140 2391 365 2425 Melenicum
402 2393 680 2426 Cantacuzenus
707 2401 872 2435 occupat.
924 2393 1066 2427 Chr-elis
1083 2405 1128 2427 ex
1151 2391 1359 2437 formidine
1382 2394 1587 2428 cunctatio:

135 2437 223 2471 eius
263 2437 426 2471 adventu
465 2442 648 2472 exercitus
691 2440 866 2472 laetatur.
931 2439 1216 2474 Protostratoris
1259 2451 1393 2484 anceps
1432 2442 1588 2472 animus.

132 2482 429 2526 ⁴slliessalonicae
464 2486 678 2518 Zelotarum
709 2489 772 2528 (ea
798 2494 880 2518 erat
893 2485 1020 2531 finctio
1050 2485 1286 2529 Palaeologi)
1319 2485 1481 2531 nefanda
1512 2498 1588 2519 sce-

142 2529 232 2562 lera.
274 2529 526 2564 Protostrator
544 2542 624 2563 cum
652 2532 882 2576 optimatibus
894 2533 1073 2578 fugatus,
1102 2543 1229 2576 agrum
1246 2533 1458 2576 populatur.
1494 2532 1590 2564 Can·

144 2576 317 2608 tacuzeni
337 2577 505 2619 afflictio.
556 2579 758 2620 Byzantini
788 2578 1087 2612 Thessalonicam
1110 2579 1252 2623 magnis
1280 2580 1397 2619 copiis
1427 2577 1589 2621 ingredi-

144 2629 268 2654 untur.
321 2622 405 2654 Cum
430 2623 598 2657 exulibus
632 2624 858 2657 consultatio
887 2624 975 2668 (33),
1026 2625 1082 2669 1ηΙ
1100 2625 1276 2658 concione
1303 2623 1482 2658 dicendae
1508 2636 1590 2657 scn-

146 2667 285 2701 tentiae
313 2670 443 2713 cuique
464 2669 517 2716 fit
543 2679 716 2714 potestas.
762 2671 858 2703 Aliis
885 2670 1215 2711 tergiversantibus
1240 2672 1444 2715 Imperator
1478 2671 1592 2703 Thes-

143 2714 313 2747 salonica
330 2713 588 2755 recedendum,
610 2714 747 2750 necad
757 2725 903 2750 caetera
923 2715 1188 2759 desperandum
1200 2717 1420 2762 pronuntiat
1433 2730 1443 2749 :
1472 2715 1590 2749 Rhen-

146 2760 249 2793 tinae
266 2760 491 2806 praesidium
514 2761 741 2807 augendum,
776 2763 1074 2798 Thessalonicam
1091 2762 1375 2798 incursandam:
1399 2774 1471 2809 quo
1486 2762 1589 2804 sacto
