1800 3132
291 181 401 237 382
809 199 1173 244 CANTACUZENI

99 305 434 356 A.C.13439w61v.
508 300 636 340 ἐκεῖνο
669 300 810 352 μέντοι
848 300 931 356 χρὴ
973 308 1165 356 σκοπεῖν,
1214 298 1321 354 ὅπως
1359 306 1566 360 μηδεμίαν
1598 307 1714 349 affusi

290 367 454 418 μέμψιν
493 362 668 418 ὕστερον
704 363 935 420 ἐπάγωσιν,
978 365 1032 408 ἂν
1071 374 1158 416 τοῖς
1203 373 1302 423 παρ’
1331 372 1471 412 αὕτῶν
1501 350 1718 426 ἧργμένοιις

292 431 408 497 τέλος
448 429 685 483 ἑπιθήσειεν
730 428 869 479 αὐτός.
940 433 1202 487 ἐπηγγέλλετο
1244 450 1287 475 τε
1336 437 1720 490 παρεσκευασμένος

295 498 400 535 εἰναι
440 493 545 548 πρὸς
584 493 660 550 τήν
700 493 861 550 μάχην,
900 492 952 551 ἢν
989 495 1115 549 μόνον
1147 497 1172 552 ἦ
1201 501 1438 552 προθεσμία
1479 497 1581 554 ἥξει.
1634 500 1655 541 ὃ
1683 502 1722 541 δ’

263 562 574 615 Οιὶπεκρίνατο,
612 561 711 615 παρ’
725 561 839 618 αὐτῷ
867 558 973 603 εἶναι
1002 561 1210 614 πράττειν,
1243 559 1322 604 ὅσα
1350 560 1401 606 ἂν
1430 566 1529 621 δοκῇ
1557 568 1744 611 λυσιτε..5

297 631 396 678 λεῖν,
425 622 564 680 ὥσπερ
594 626 696 680 δῆτα
719 628 792 668 καί
815 622 938 668 αὖτοί
961 629 1167 669 ποιοῦσιν.
1222 624 1323 681 ἄχρι
1351 629 1396 669 δὲ
1417 631 1545 683 μέσης
1563 629 1722 684 ἡμέρας

297 693 387 732 ἐκεῖ
404 692 662 746 περιμείνας,
699 687 915 744 ἱστάμενος
943 691 1021 746 πρὸ
1053 694 1134 733 τῶν
1160 695 1309 746 τειχῶν
1328 726 1338 744 ,
1385 689 1645 749 ἀναστρέψας
1671 688 1721 748 ἧ·-

296 761 445 798 λαυνεν
483 755 616 797 ὀπίσω
651 758 722 810 τῆς
758 756 917 811 ἡμέρας
951 756 998 798 τὸ
1029 755 1185 799 λοιπὸν.
1240 757 1385 806 νυκτός
1411 760 1456 799 δὲ
1485 759 1721 812 ἐπιγενομέ-

298 838 382 877 νης,
410 821 656 876 ηὐλίσαντο,
687 818 772 873 ἅμα
801 821 1125 877 προσδεχόμενοι
1163 822 1234 864 καί
1258 822 1352 871 τούς
1380 821 1638 878 βαρβάρους,
1670 820 1721 864 ci-

297 890 605 942 ναστρέφοντας
644 885 724 927 ἀπὸ
758 889 830 941 τῆς
868 888 995 935 λείας.
1047 890 1120 928 καί
1155 889 1197 936 ἐς
1223 886 1297 942 τήν
1327 888 1552 943 ὑστεραίαν
1577 886 1651 929 τὸν
1677 888 1776 934 evm

299 953 448 1009 Πύδνῃ
478 950 634 1006 πύργον
661 948 770 993 εἷλον
799 953 842 1000 ἐξ
871 952 1025 1006 ἐφόδου
1055 951 1247 1007 φρουρὰν
1275 954 1320 993 ἐκ
1336 954 1540 1005 βασιλέως
1557 951 1717 1005 ἔχοντα.

298 1020 343 1058 ἐν
371 1014 432 1066 οἷς
459 1018 530 1058 καί
553 1018 598 1057 ἐκ
625 1018 707 1057 τῶν
732 1018 934 1069 βασιλέως
962 1018 1130 1057 οἰκετῶν
1150 1015 1172 1057 ὅ
1203 1018 1512 1070 Πεπαγωμένος
1539 1013 1590 1071 ἧν
1620 1014 1722 1058 Θεό-

299 1084 456 1135 δωρος,
502 1078 548 1122 ὃν
583 1079 737 1135 γυμνὸν
764 1083 837 1122 καί
860 1083 1262 1135 τετραυματισμένον
1290 1079 1498 1136 ὕπαιθρον
1526 1079 1722 1135 δήσαντες

299 1149 343 1189 ἐν
368 1150 480 1203 μέσῳ
509 1148 653 1200 θέρει,
695 1147 772 1186 τοῦ
806 1143 998 1199 μεγάλου
1024 1145 1171 1194 δουκὸς
1210 1143 1318 1188 οὕτω
1363 1144 1721 1200 προστεταχότος,

299 1212 390 1254 ἒπεί
432 1210 514 1252 ὑπὸ
551 1214 625 1253 τοῦ
660 1206 764 1264 ἄγαν
798 1211 1060 1268 ἐκτηκόμενος
1099 1213 1288 1266 φλογμοῦ
1325 1207 1437 1265 ὕδωρ
1476 1205 1567 1266 ᾔτει
1605 1211 1775 1264 δίψειι5

255 1274 571 1330 Βκατεχόμενος
611 1277 798 1333 ἆσχέτῳ,
845 1275 866 1317 ὅ
903 1278 1032 1328 μέγας
1060 1275 1159 1326 δούξ
1188 1278 1349 1317 ἐκέλευε
1378 1273 1555 1329 διδόναι,
1583 1277 1622 1317 εἰ
1650 1274 1722 1317 τὸν

299 1343 499 1396 δεσπότην
539 1340 609 1382 ἐπὶ
646 1340 807 1383 πάντων
847 1337 1094 1393 α’τιμάσειεν.
1150 1338 1170 1381 ὅ
1204 1342 1242 1380 δ’
1272 1336 1400 1382 εἵλετο
1430 1343 1586 1393 μᾶλλον
1618 1336 1721 1380 ἀπο-

296 1406 505 1461 θνήσκειν,
534 1402 560 1461 ἢ
590 1411 799 1459 παροινεῖν
826 1408 884 1453 εἰς
910 1406 1096 1458 βασιλέα.
1153 1403 1410 1458 Μονομάχος
1427 1407 1473 1446 δὲ
1495 1404 1721 1459 ἐπανήκων,

297 1468 401 1512 ἄλλα
428 1488 470 1514 τε
499 1468 715 1525 ἐπήγγελλε
741 1467 905 1526 μεγάλῳ
935 1469 1068 1522 δουκὶ,
1097 1471 1169 1511 καῖ
1194 1470 1251 1518 ὥς
1278 1467 1614 1523 Καντακουζηνὸς
1644 1467 1722 1508 αὗ-

297 1538 355 1592 τῷ
400 1534 480 1590 πρὸ
521 1538 604 1577 τῶν
640 1536 789 1588 τειχῶν
825 1533 1031 1590 Βεῤῥοιάς
1066 1533 1268 1592 ἱσταμένῳ
1307 1537 1484 1587 πέμψειε
1510 1530 1697 1588 μηνύσας
1708 1556 1777 1584 ‚20

300 1601 510 1652 ὀνειδίζων
549 1596 655 1641 ἄλλα
687 1615 742 1641 ,τε
780 1600 852 1640 καί
889 1596 954 1640 ὅτι
994 1601 1168 1653 Πέρσας
1213 1598 1436 1653 ἆγάγοιμεν
1474 1593 1724 1651 συμμάχους

300 1669 364 1708 ἐπ’
393 1664 542 1708 αὐτόν·
605 1665 802 1720 ἤπείλησέ
836 1681 880 1706 τε
918 1667 1031 1714 τέλος
1058 1661 1179 1714 αὖτὸς
1207 1662 1422 1718 ἐπιθήσειν
1449 1668 1535 1712 τοῖς
1566 1662 1721 1718 ἠργμέ-

301 1806 432 1844 citum,
458 1804 592 1850 quique
615 1813 679 1847 per
706 1813 742 1835 se
769 1803 855 1846 ipsis
882 1802 1017 1845 opponi
1042 1806 1174 1846 posset,
1195 1802 1297 1847 quasi
1325 1811 1367 1835 eo
1395 1799 1493 1834 haud
1516 1798 1725 1839 sufficiente,

304 1852 410 1885 etiam
437 1850 607 1883 barbaros
637 1849 683 1882 ad
720 1849 933 1882 atrociorem
960 1848 1124 1879 Romanis
1149 1848 1254 1880 rebus
1290 1847 1425 1880 cladem
1465 1846 1723 1891 iniungendam

304 1897 373 1929 sibi
400 1897 641 1930 adduxissent.
690 1894 785 1927 Illud
814 1902 933 1928 tamen
960 1893 1134 1933 viderent,
1160 1905 1205 1926 ne
1229 1905 1266 1926 se
1288 1898 1412 1938 postea
1435 1892 1724 1931 criminarentur,

304 1947 334 1977 si
372 1945 448 1987 ipse
478 1944 523 1976 ab
562 1942 634 1974 illis
667 1940 833 1974 inchoata
873 1939 1092 1980 absolverit,
1133 1939 1435 1983 promittebatque
1467 1937 1514 1969 ad
1544 1942 1725 1971 certamen·

303 1996 467 2036 paratum
505 1989 601 2029 fore,
647 1998 727 2020 cum
760 1988 912 2032 primum
952 1986 1027 2018 dies
1065 1986 1274 2031 praestituta
1303 1984 1471 2017 all'uisset.
1528 1983 1752 2027 Respondit,

304 2034 580 2075 Monomachus,
605 2036 644 2068 in
672 2034 748 2066 eius
773 2033 945 2065 arbitratu
971 2032 1078 2064 situm
1114 2041 1212 2071 esse,
1235 2031 1350 2064 facere
1376 2040 1469 2076 quae
1493 2028 1563 2062 sibi
1588 2028 1727 2062 condu-

306 2092 385 2116 cere
410 2086 534 2127 putet,
586 2079 741 2112 uomodo
769 2079 939 2111 nimirum
966 2082 1003 2109 et
1028 2079 1097 2122 ipsi
1123 2077 1265 2114 faciant.
1326 2077 1433 2109 Porro
1459 2083 1538 2108 cum
1564 2074 1642 2107 illic
1667 2085 1729 2107 us-

307 2140 378 2175 que
403 2128 442 2161 in
466 2092 650 2160 meridiem
664 2130 746 2158 ante
769 2134 887 2157 muros
914 2124 1166 2163 constitissent,
1187 2122 1362 2168 reliquum
1379 2121 1453 2154 diei
1478 2118 1517 2152 in
1541 2118 1730 2154 redeundo

306 2179 516 2220 posuerunt,
534 2178 571 2206 et
603 2176 708 2205 nocte
732 2170 795 2203 illa
830 2171 1062 2214 quieverunt,
1095 2169 1202 2202 simul
1231 2167 1399 2201 barbaros
1436 2176 1456 2198 a
1491 2166 1730 2211 populatione

308 2220 486 2254 redituros
519 2218 788 2263 praestolantes.
838 2216 1013 2250 Postridie
1039 2214 1222 2249 castellum
1251 2214 1350 2246 iuxta
1374 2212 1556 2257 Pydnam,
1581 2213 1639 2246 cui
1657 2213 1729 2245 im·-

308 2271 452 2312 perator
484 2263 702 2309 praesidium
738 2263 979 2308 imposuerat,
1013 2261 1127 2303 primo
1154 2261 1288 2305 impetu
1312 2259 1485 2302 capiunt,
1510 2259 1547 2291 in
1571 2268 1643 2303 quo
1670 2268 1727 2291 re-

309 2318 431 2358 pertus
464 2315 518 2343 est
550 2309 659 2343 etiam
694 2309 904 2343 Theodorus
943 2309 1202 2352 Pepagomenus
1235 2316 1254 2338 e
1280 2304 1452 2338 ministris
1488 2304 1726 2349 imperatoris,

312 2369 416 2404 quem
448 2358 545 2390 iussu
577 2355 694 2400 magni
731 2355 831 2388 ducis
865 2354 1023 2387 vestibus
1055 2357 1198 2386 exutum
1232 2356 1268 2384 et
1293 2349 1503 2384 vulneribus
1527 2351 1723 2390 concisum,

308 2404 374 2437 sub
408 2403 468 2436 dio
501 2402 618 2435 media
655 2406 790 2435 aestate
824 2401 1023 2443 alligarunt.
1070 2398 1193 2431 Eidem
1218 2398 1303 2430 solis
1333 2396 1460 2430 ardore
1486 2395 1596 2429 nimio
1621 2393 1726 2428 tabo·

310 2452 422 2483 scenti
465 2454 500 2482 et
545 2448 591 2481 ad
627 2448 722 2480 sitim
754 2446 1019 2481 intolerabilem
1058 2443 1343 2488 restinguendam
1377 2442 1544 2475 haustum
1574 2439 1724 2485 frigidae

309 2496 448 2541 petenti
482 2505 629 2540 magnus
668 2493 740 2526 dux
765 2495 840 2527 dari
867 2492 1064 2537 praecepit,
1090 2490 1118 2522 si
1144 2490 1181 2522 in
1206 2490 1390 2522 dominum
1415 2498 1531 2521 coram
1557 2486 1725 2520 omnibus

310 2542 444 2585 probra
470 2541 614 2577 iaceret.
674 2540 747 2584 Qui
772 2541 882 2579 mori,
907 2548 1012 2584 quam
1044 2536 1142 2570 velut
1168 2547 1232 2580 per
1259 2533 1506 2568 temulentiam
1528 2538 1661 2566 temere
1685 2540 1727 2564 ac

310 2586 441 2619 stolide
475 2592 598 2619 contra
619 2587 869 2630 imperatorem
895 2583 994 2629 loqui
1027 2581 1161 2615 maluit.
1209 2579 1467 2614 Monomachus
1499 2586 1658 2625 revte'rsus
1689 2581 1728 2610 et

311 2638 425 2664 cetera
453 2643 578 2674 magno
603 2631 686 2665 duci
710 2631 930 2665 renuntiavit
962 2634 999 2662 et
1023 2626 1318 2673 quemadmodum
1353 2625 1618 2659 Cantacuzenus
1655 2622 1727 2666 ipsi

312 2684 395 2711 ante
431 2677 626 2711 Berrhoeae
654 2678 794 2711 moenia
836 2675 945 2710 stanti
979 2685 1055 2707 cum
1099 2674 1165 2705 alia
1196 2672 1446 2716 exprobratum
1471 2669 1626 2708 miserit,
1650 2672 1726 2701 tum

313 2723 409 2769 quod
454 2723 572 2756 Persas
610 2734 754 2768 quoque
796 2724 910 2756 socios
942 2722 980 2754 in
1012 2720 1111 2755 illum
1152 2718 1385 2751 adhibuerint
1417 2717 1660 2760 minarumque
1687 2723 1728 2746 se

313 2770 585 2810 absoluturum,
612 2780 705 2815 quae
730 2770 798 2814 ipsi
825 2769 1072 2812 inceptassent.
1123 2763 1224 2811 Quae
1249 2761 1502 2810 perpendenda
1524 2761 1618 2805 sint3
1651 2769 1727 2795 nou
