1820 3138
274 168 383 234 432
748 208 751 211 -
807 181 1176 224 CANTACUZENl
1227 206 1231 212 ·

80 285 450 340 Α.Ο.1343’ρηκυιάς
470 317 483 337 ,
516 284 596 325 τιὸν
635 278 877 325 ἑαλωκότων
907 282 1005 335 δύο,
1044 283 1116 324 τόν
1156 297 1198 324 τε
1233 281 1462 335 Ἀπελμενὲ
1505 284 1576 324 καί
1613 282 1718 324 Θεό-

276 352 411 405 δωρον
437 348 507 391 τὸν
531 346 847 401 Καβαλλάριον,
878 347 982 403 πρὸς
1009 346 1209 401 βασιλίδα
1242 341 1488 402 τῆν”Ανναν
1524 349 1717 400 πέμψας,

233 414 456 469 ρμισθούς
483 411 571 472 ᾔτει
598 416 671 469 τῆς
703 416 947 468 συμμαχίας
971 415 1045 455 καί
1081 414 1152 467 τῆς
1184 411 1286 468 πρὸς
1309 410 1380 454 τὸν
1409 414 1619 465 πολέμιον,
1640 413 1721 454 αὖ·

274 483 332 538 τῷ
374 482 644 535 γεγενημένης
669 478 820 533 μάχης.
874 479 900 533 ἡ
931 481 977 520 δὲ
997 480 1187 531 ἀσμένως
1207 493 1248 519 τε
1282 479 1446 531 ἐδέχετο
1489 475 1564 531 την
1603 475 1721 531 αἴτη-

275 563 352 590 σιν
380 546 452 588 καί
479 546 678 600 δεσπότην
711 544 944 586 οἷπεδείκνυ.
984 546 1206 599 πρεσβείαν
1235 545 1280 584 δὲ
1313 542 1386 584 καί
1413 540 1517 595 πρὸς
1541 543 1742 595 βασιλέαό

275 614 447 666 πέμψας
489 610 620 652 ἐδεῖτο
665 615 809 663 τυχεῖν
850 610 1114 663 συγγνώμης,
1168 609 1368 662 ἀγνώμων
1415 604 1525 649 οὕτω
1579 609 1726 663 φανείς

277 679 349 720 καί
382 678 518 724 κακῶς
547 673 835 728 ἀμειψάμενος
864 675 936 716 τὸν
970 675 1210 729 εὐεργέτην·
1237 672 1478 728 έπηγέλλετό
1508 688 1554 714 τε
1589 674 1721 727 μηδὲν

279 740 586 796 ἇγνωμονήσειν
619 739 699 782 ἔτι.
745 741 943 794 βασιλευς
969 742 1015 781 δὲ
1042 738 1148 791 τό,τε
1191 741 1472 793 τιμωρεῖσθαι
1513 735 1570 787 ὥς
1611 736 1723 791 οἰμή-

281 823 414 861 χανον
454 806 564 862 ὁρῶν
603 808 675 848 καί
715 804 761 847 τό
807 808 1004 858 πολέμιον
1045 804 1156 858 ἔχειν
1212 803 1475 856 ΙΡΙομιτζίλον
1522 803 1723 856 βλάπτειν

282 872 513 926 δυνάμενον
564 872 622 920 ὥς
661 868 910 919 ,ἀλυσιτελὲς
923 905 935 924 ‚
980 869 1242 926 διηλλάττετό
1294 885 1339 911 τε
1376 867 1455 920 Γκαί
1494 870 1773 923 παρείχετοιο

279 936 522 993 συγγνώμην
541 970 552 991 ,
595 935 850 992 προσήκοντα
877 934 1093 989 ὑπομένων
1120 938 1178 993 τῷ
1205 937 1353 991 καιρῷ.
1385 935 1644 987 πεπυσμένος
1671 935 1719 976 δὲ

283 1004 414 1046 αὐτὸν
439 1002 513 1044 καί
539 1001 652 1058 παρὰ
682 1002 895 1057 βασιλίδος
924 1001 1123 1056 δεσπότην
1149 1002 1385 1057 γεγονέναι,
1427 998 1502 1053 τήν
1531 1002 1726 1053 σεβαστό-

243 1067 487 1125 Βκράτορος
525 1066 654 1117 αὐτὸς
691 1069 910 1124 παρείχετο
944 1068 1080 1120 ἀξίαν,
1112 1069 1182 1108 καί
1213 1066 1327 1115 ἔδοξε
1355 1063 1407 1106 τὰ
1438 1062 1589 1106 τούτου
1619 1065 1728 1117 μᾶλα

282 1141 353 1178 λον
389 1132 417 1190 ἢ
438 1133 487 1177 τά
518 1136 737 1188 βασιλίδος
769 1134 1047 1188 προελέσθαι,
1089 1135 1160 1174 καί
1186 1130 1351 1187 ἔστεργε
1377 1128 1421 1172 τὸ
1451 1127 1534 1171 ὑπὸ
1565 1133 1734 1183 βασιλεῖ’

282 1200 483 1254 τετάχθαι
510 1202 639 1254 δῆθεν
663 1202 729 1242 ἐπ’
757 1200 894 1253 ὀλίγον
921 1199 1086 1254 χρόνον.
1143 1199 1218 1239 τοῦ
1241 1195 1394 1252 χρόνου
1425 1197 1471 1237 δὲ
1498 1196 1544 1236 ἐν
1561 1194 1780 1243 τούτοιςιό

285 1263 594 1323 παρῳχηκότος,
621 1261 669 1306 ὃν
700 1263 738 1306 οἱ
766 1264 974 1319 βάρβαροι
1005 1265 1295 1318 ἐπηγγείλαντο
1328 1258 1619 1315 συμμαχήσειν
1646 1262 1726 1312 βα-

285 1336 408 1384 σιλεῖ,
441 1332 666 1385 ἐμέμνηντο
694 1327 913 1372 ἐπανόδου.
968 1328 1166 1382 βασιλευς
1195 1331 1242 1370 δὲ
1270 1328 1343 1368 καί
1368 1323 1495 1374 αὖθις
1522 1325 1727 1379 ἐπεχείρει

287 1402 475 1440 συνεῖναι
501 1398 673 1437 πείθειν·
706 1394 764 1449 μὴ
795 1397 1067 1447 πειθομένους
1096 1396 1142 1435 δὲ
1163 1394 1333 1446 ἀπέλυε,
1362 1392 1435 1433 καί
1453 1391 1725 1446 ἐπεραιοῦντο

288 1462 346 1510 εἷς
372 1462 516 1504 ῗΑσιάν
545 1462 600 1502 δι’
623 1457 937 1514 Ἑλλησπόντου.

173 1544 290 1590 Ρ.59α
412 1524 486 1568 οα’.
550 1527 644 1567 Kal
681 1523 884 1578 βασιλευς
923 1523 946 1564 ὅ
994 1525 1082 1572 νέος
1121 1519 1412 1575 Παλαιολόγος
1457 1519 1651 1574 ἐνόσησεν
1687 1520 1783 1562 ἕναο

289 1591 423 1650 τούτῳ
443 1594 501 1648 τῷ
528 1590 667 1648 χρόνῳ
697 1589 804 1633 κατὰ
834 1589 910 1644 τὴν
932 1588 1186 1644 “Ι·.Ῑράκλειαν
1202 1586 1365 1642 νόσημα
1395 1585 1538 1639 δεινὸν,
1557 1583 1602 1627 ὃν
1622 1585 1731 1639 ἔχων

257 1658 318 1707 Β,ὁ
357 1655 620 1713 πατριάρχης
655 1654 762 1708 μετά
796 1672 916 1699 τινων
953 1655 1231 1709 συγκλητικῶν
1277 1654 1336 1702 εἰς
1377 1652 1611 1702 Βυζάντιον
1637 1648 1731 1693 ἇνέ-

293 1739 490 1782 στρεφεν.
556 1722 814 1776 Ἀπόκαυκος
853 1724 899 1764 δὲ
938 1721 961 1762 ὁ
995 1721 1124 1774 μέγας
1160 1717 1259 1770 δοὺξ
1297 1716 1398 1772 μετὰ
1435 1719 1504 1772 τῆς
1531 1719 1732 1771 στρατιᾶς

392 1814 425 1850 5.
446 1810 669 1866 ἐπεδείκνυε
693 1811 727 1844 Ρ.
828 1822 879 1845 ιο.
907 1809 956 1848 ὥς
979 1810 1053 1851 Μ.,
1079 1806 1144 1851 ἤδη
1164 1809 1202 1842 P.

305 1921 429 1944 manus
458 1909 520 1942 illa
544 1908 795 1954 praedatoria,
833 1908 878 1941 de
910 1917 981 1952 qua
1015 1916 1142 1950 supra,
1171 1902 1356 1942 discessit,
1380 1900 1470 1933 duos
1497 1899 1541 1933 de
1567 1900 1730 1945 captivis,

303 1958 537 2003 Apelmencm
564 1961 600 1989 et
624 1954 857 1989 Theodorum
883 1952 1125 1987 caballarium
1152 1950 1199 1983 ad
1223 1950 1359 1982 Annam
1389 1947 1651 1991 imperatricem
1675 1947 1734 1980 le-

299 2009 377 2049 gat,
410 2003 593 2036 societatis
629 2007 666 2036 et
701 2001 834 2047 proelii
859 2011 938 2033 cum
965 1999 1042 2032 eius
1066 1998 1169 2031 hoste
1194 1994 1372 2029 commissi
1403 1995 1601 2038 praemium
1625 1993 1731 2037 petit.

299 2051 419 2095 Quae,
443 2050 623 2093 petitione
649 2048 809 2082 libenter
833 2047 1006 2086 admissa,
1033 2046 1219 2089 despotam
1245 2041 1346 2074 illum
1372 2045 1477 2073 creat.
1533 2041 1613 2085 Ipse
1638 2049 1733 2084 quo-

268 2108 398 2142 -que,
433 2096 543 2128 misso
594 2095 641 2128 ad
681 2097 936 2139 imperatorem
976 2097 1138 2130 oratore,
1179 2089 1287 2123 huius
1326 2086 1538 2120 stoliditatis
1576 2097 1662 2130 suae
1697 2090 1736 2119 et

298 2143 392 2177 male
416 2142 645 2176 benemerito
679 2153 742 2174 suo
770 2141 902 2174 relatae
929 2140 1061 2185 gratiae
1089 2137 1231 2171 veniam
1256 2134 1351 2178 petit
1375 2144 1415 2165 ac
1446 2131 1490 2165 de
1513 2137 1632 2166 cetero
1657 2143 1735 2166 me-

301 2190 396 2222 liora
420 2189 612 2233 promittit.
663 2188 861 2232 Imperator
886 2186 1115 2229 intelligens,
1147 2187 1184 2216 et
1206 2179 1366 2214 vindicta
1395 2179 1527 2223 punire
1551 2179 1735 2213 Momitzi-

300 2238 377 2270 lum
408 2246 516 2282 quam
547 2238 643 2267 esset
679 2233 844 2273 difficile,
888 2237 925 2265 et
958 2232 1097 2266 hostem
1130 2228 1285 2268 habere,
1319 2226 1382 2271 qui
1417 2224 1545 2259 obesse
1581 2226 1736 2271 graviter

299 2287 444 2328 posset,
468 2292 575 2326 quam
598 2291 725 2324 parum
754 2280 857 2319 utile,
883 2284 1024 2324 tempus
1050 2276 1221 2310 idoneum
1246 2278 1474 2317 exspectans,
1510 2282 1547 2304 se
1572 2271 1735 2305 reconci-

301 2330 383 2363 liari
409 2337 533 2373 passus
574 2332 629 2360 est
653 2332 689 2360 ct
705 2326 881 2371 (ignovit,
919 2324 1143 2367 audiensque
1167 2320 1211 2352 ab
1237 2319 1465 2364 imperatrice
1489 2318 1735 2352 renuntiatum

306 2376 518 2420 despotam‚
555 2372 849 2406 sebastocratoris
886 2371 1024 2405 honore
1061 2371 1138 2403 eius
1178 2367 1391 2412 dignitatem
1430 2365 1632 2398 cumulavit:
1689 2363 1735 2396 Et

302 2424 400 2456 visus
433 2426 487 2453 est
519 2418 640 2459 huius,
664 2430 770 2464 quarn
802 2418 1051 2463 imperatricis,
1089 2414 1299 2452 studiosior,
1333 2411 1495 2457 bonique
1537 2409 1737 2449 consulere,

303 2468 371 2501 sub
407 2467 658 2511 imperatorem
698 2465 880 2498 redactum
918 2474 1016 2501 esse,
1057 2461 1120 2495 sed
1153 2471 1227 2492 non
1265 2459 1349 2499 diu,
1398 2463 1440 2491 ut
1473 2468 1555 2490 mox
1585 2456 1736 2490 dicetur.

306 2515 438 2558 Elapso
477 2515 615 2546 interea
653 2513 792 2556 spatio,
825 2523 897 2556 quo
935 2521 971 2543 se
1009 2508 1155 2541 barbari
1180 2505 1389 2550 imperatori
1414 2504 1630 2537 militaturos
1654 2512 1738 2546 spo-

306 2559 532 2604 ponderant,
558 2561 779 2592 mentionem
806 2558 942 2591 reditus
969 2556 1144 2589 fecerunt.
1174 2553 1331 2597 .Quibus
1357 2552 1551 2595 imperator
1575 2548 1737 2594 utnultra

307 2612 519 2644 manerent,
560 2616 640 2639 cum
679 2617 753 2639 non
790 2603 1026 2648 persuaderet
1061 2611 1279 2645 operamque
1314 2597 1477 2638 luderet,
1501 2606 1563 2630 cos
1587 2595 1737 2630 di‘misit.

308 2652 364 2686 Ita
391 2662 455 2696 per
478 2652 752 2695 Hellespontum
776 2652 815 2684 in
838 2651 955 2683 Asiam
982 2649 1244 2692 renavigarunt.

402 2708 456 2738 7¹-
506 2698 571 2730 Per
607 2698 704 2730 idem
736 2704 878 2742 tempus
911 2697 1102 2740 imperator
1133 2691 1366 2735 palaeologus
1395 2689 1587 2723 Heracleae
1612 2686 1738 2720 morbo

309 2743 458 2788 ancipiti
488 2743 677 2778 laborabat
692 2769 700 2784 ‚
727 2755 834 2790 quem
857 2741 1060 2788 patriarcha
1085 2746 1122 2774 et
1146 2738 1312 2772 nonnulli
1339 2746 1502 2783 proceres
1527 2733 1740 2783 Byzantium

310 2790 540 2839 reduserunt.
600 2790 833 2836 Apocauchus
858 2794 978 2824 autem
1001 2798 1148 2834 magnus
1174 2786 1248 2820 dux
1269 2795 1349 2818 cum
1373 2782 1554 2823 exercitu,
1572 2789 1740 2826 ‘summus
