1800 3146
247 154 363 222 454
777 173 1143 221 cmTAcUzEm

53 278 235 324 *01343
253 277 476 326 πλαγεῐσα,
520 272 590 314 καί
635 274 708 327 τῆς
747 273 999 328 κατεχούσης
1041 275 1261 329 συμφορᾶς
1311 275 1386 315 ου’κ
1418 274 1678 317 ἀποδέουσαν

248 338 455 390 νομίσασα
483 338 557 392 τὴν
588 339 693 391 ἐμοῦ
719 340 764 380 ἐκ
792 341 873 380 τῶν
894 339 1150 394 πραγμάτων
1179 337 1472 395 α’ναχιόρησιν,
1501 341 1679 381 παντοία,

245 398 297 457 ἦν
328 406 522 457 δεομένη,
558 404 818 454 ὀνειδίζουσα
839 437 850 454 ,
885 408 1211 459 παρακαλοῦσα,
1240 403 1372 446 πάντα
1403 406 1575 446 κινοῦσα
1604 401 1679 445 κά-

246 472 344 520 λων,
380 465 487 509 ὥστε
512 471 672 510 πείθειν
698 472 781 510 τῶν
811 468 1063 523 πραγμάτων
1095 465 1222 517 αὖθις
1253 468 1443 523 ἔχεσθαι.
1499 471 1572 510 καί
1595 470 1678 511 τῶν

245 532 446 574 τοιούτων
484 531 649 575 πάντων
677 533 806 582 αὐτὸς
832 529 883 588 ἦν
908 536 1007 589 παρ’
1038 534 1286 589 ἀμφοτέρων
1313 535 1579 589 πρεσβευτής.
1636 535 1703 580 «εἶ-5

247 599 319 639 nsi
345 599 390 640 δὲ
419 596 500 639 ύπὸ
535 600 617 640 τῶν
646 601 806 640 πολλῶν
831 599 984 654 ἐκείνης
1013 599 1145 653 λόγων
1172 599 1436 649 ἐπικλασθεὶς
1463 598 1536 641 καί
1574 598 1676 654 πρὸς

246 661 321 717 τήν
350 660 558 719 ὀρφανίαν
586 667 668 706 ταῖν
695 664 856 706 παίδων
881 666 1085 718 βασιλέως
1116 662 1278 706 ἀπιδών
1316 666 1387 707 καί
1409 667 1584 720 χηρείαν
1602 662 1677 719 τήν

118 741 151 773 Ρ,
163 728 416 782 605ἐκείνης,
446 728 520 770 καί
546 728 603 777 ὥς
630 729 813 781 μάλιστα
847 731 996 783 πολλῆς
1024 731 1184 770 δέονται
1208 731 1281 784 τῆς
1309 732 1584 785 προστασίας,
1625 729 1677 784 ἢν

246 795 321 845 ἐμὲ
350 796 511 836 δίκαιον
537 796 867 845 ἐπιδεικνυσθαι,
899 794 1015 844 ἀξίας
1041 798 1211 847 βασιλεῖ
1231 796 1302 848 τῆς
1331 796 1475 850 φιλίας
1498 794 1676 850 χάριτας

245 859 321 912 τήν
347 861 405 909 εἷς
435 859 528 909 τούς
555 861 710 909 παῖδας
740 858 985 902 ἀποδιδόντα
1015 859 1282 914 κηδεμονίαν,
1320 857 1398 901 κᾶν
1426 862 1467 902 εἰ
1487 862 1730 913 μέλλοιμιιο

245 923 448 973 κινδύνοις
493 930 775 979 περιπίπτειν,
816 924 1042 980 ἐπειθόμην
1081 927 1180 978 μὲν,
1225 927 1277 966 ου’
1304 924 1389 979 μὴν
1417 922 1547 974 οὕτως
1576 926 1678 967 α’πε-

246 993 496 1045 ρισκὲπτως,
525 988 632 1032 (ὅσθ’
648 988 819 1045 ὕστερόν
845 1007 938 1032 τινα
975 989 1291 1044 καταγινώσκειν
1319 989 1428 1044 ἔχειν
1455 991 1677 1044 ἀβουλίαν·

245 1053 350 1096 α’λλὰ
390 1057 463 1097 καί
500 1056 760 1111 πατριάρχου
801 1058 1114 1110 συμπαρόντος,
1143 1057 1274 1096 πολλὰ
1303 1056 1502 1112 πρότερον
1530 1058 1678 1098 διειλέ-

245 1122 353 1173 χθην
389 1123 575 1174 βασιλίδι
621 1124 718 1176 περί
745 1124 816 1163 τοῦ
842 1120 900 1174 μή
931 1123 1014 1162 δεῖν
1046 1124 1266 1176 προσέχειν
1296 1120 1600 1177 συκοφάνταις,
1639 1122 1684 1164 οἳ

243 1188 391 1227 πολλοί
417 1186 648 1241 φυήσονται
691 1185 887 1239 διαβολάς
914 1188 986 1227 καί
1012 1188 1289 1241 συκοφαντίας
1315 1190 1403 1227 κατ’
1442 1188 1547 1239 ἐμοῦ
1574 1182 1732 1241 ovd-15

243 1248 494 1306 ῥάπτοντες·
532 1252 585 1292 ου’
611 1250 690 1305 γάρ
722 1249 836 1292 ἐάσει
864 1267 908 1304 γε
942 1249 962 1291 ὅ
994 1250 1149 1306 φθόνος
1177 1250 1359 1304 ἠρεμεῖν.
1417 1252 1508 1293 ἀλλ’
1535 1254 1576 1294 εἰ
1599 1254 1676 1304 μέν

239 1333 284 1357 *τι
327 1319 516 1357 τοιοῦτον
545 1321 831 1370 κατηγοροῖεν,
877 1315 1018 1356 ὁποῖον
1048 1313 1098 1357 ἂν
1124 1318 1197 1357 καί
1222 1315 1350 1371 αὐτὴν
1379 1318 1424 1359 ἐκ
1454 1319 1535 1359 τῶν
1563 1321 1709 1371 layo-e

243 1383 380 1433 μένων
411 1380 458 1421 τὸ
489 1382 646 1433 ψεῦδος
686 1382 898 1433 συνιδεῖν,
940 1381 1260 1431 ἀποπέμπεσθαι
1299 1380 1404 1436 πρὸς
1443 1381 1568 1437 ὀργὴν
1606 1381 1680 1423 καὶ

244 1452 381 1498 μισεῖν
419 1445 516 1494 τοὺς
554 1445 829 1500 συκοφάντας.
895 1439 946 1485 ἂν
984 1445 1022 1485 δ’
1057 1443 1290 1498 ἐφάπτηται
1327 1447 1398 1499 τῆς
1436 1448 1580 1500 ψυχῆς
1607 1446 1680 1488 καί

215 1512 500 1565 Βάμφιβολίαν
519 1512 670 1566 ἐμποιῇ
684 1544 695 1562 ,
735 1505 838 1563 μη
821 1526 905 1564 αρα
928 1510 1064 1564 οἶληθῆ
1089 1508 1140 1550 τὰ
1165 1512 1475 1564 κατηγορημένα
1508 1527 1585 1565 ειη,
1616 1527 1730 1566 μηαο

247 1578 615 1630 καταψηφίζεσθαι
658 1577 804 1617 αὐτίκα
827 1607 839 1628 ,
875 1577 982 1629 μηδὲ
1009 1573 1113 1630 πρὸς
1148 1573 1194 1615 τὸ
1235 1573 1472 1654 ἀμύνεσθαι
1495 1583 1673 1631 χωρεῖν,

249 1638 354 1681 αλλὰ
379 1645 517 1682 καλεῖν
542 1643 612 1682 ἐπὶ
637 1640 710 1696 την
740 1640 854 1695 δίκην
883 1657 951 1681 και
992 1639 1140 1694 καιρὸν
1167 1641 1364 1695 παρέχειν
1391 1639 1496 1697 πρὸς
1524 1638 1675 1683 ἀπολο-

249 1707 353 1759 γί.αν
410 1722 487 1748 καν
514 1707 591 1759 μὲν
622 1707 778 1747 οἶδικῶν
804 1705 876 1747 καί
902 1708 1105 1760 ἐπιόρκων
1132 1704 1383 1759 ελέγχωμαι,
1420 1706 1580 1748 διδόναι
1609 1709 1674 1749 δί-

249 1788 349 1824 κας,
385 1768 437 1814 ἂν
466 1773 504 1813 δ’
531 1770 778 1825 οἷπολύωμαι
806 1769 853 1812 τοὶ
884 1769 1130 1826 ἐγκλήματα,
1157 1771 1254 1820 τούς
1273 1769 1526 1827 κατηγόρους
1554 1774 1674 1814 τοῦθ’

237 1883 437 1923 miseriam,
461 1882 501 1916 in
521 1882 640 1915 omnia
665 1894 702 1916 se
729 1886 891 1924 vertens,
914 1893 1011 1917 nunc
1039 1893 1175 1927 rogare,
1201 1893 1297 1916 nunc
1320 1882 1533 1928 exprobrare
1557 1887 1606 1924 et,
1631 1888 1672 1916 ut

239 1929 358 1963 brevis
385 1930 473 1969 sim,
503 1939 645 1962 omnem
671 1929 858 1963 rudentem
887 1940 1050 1969 movere,
1081 1941 1153 1975 quo
1177 1941 1232 1963 me
1263 1929 1310 1963 ad
1335 1930 1479 1975 imperii
1504 1929 1671 1962 modera-

239 1985 322 2008 men
360 1980 552 2008 revocaret.
609 1976 727 2020 Atque
761 1977 909 2009 istarum
944 1986 1063 2008 rerum
1089 1975 1250 2008 omnium
1274 1976 1350 2019 ipse
1377 1981 1454 2009 erat
1478 1977 1670 2009 internun-
1712 2004 1714 2007 .

239 2021 324 2058 tius,
381 2021 562 2055 Postremo
592 2022 715 2055 multis
747 2021 971 2055 sermonibus
997 2023 1074 2054 eius
1108 2027 1329 2066 expugnatus
1354 2022 1583 2067 filiorumque
1610 2032 1669 2056 or-

230 2067 354 2101 -bitate
393 2072 430 2101 et
467 2068 566 2101 illius
598 2068 775 2102 viduitate
813 2067 1057 2107 considerata,
1089 2067 1222 2113 quibus
1260 2068 1421 2114 utrisque
1457 2073 1600 2101 curator
1632 2073 1669 2102 et

233 2119 411 2158 patronus
447 2125 660 2168 magnopere
685 2119 779 2147 esset
803 2114 1049 2154 necessarius,
1087 2124 1193 2158 quem
1218 2124 1274 2146 me
1302 2114 1376 2148 illis
1402 2119 1582 2159 praestare
1609 2125 1670 2149 ae-

231 2171 351 2205 quum
385 2160 500 2200 foret,
546 2162 576 2193 si
611 2160 738 2193 vellem
773 2159 1056 2194 sollicitudinem
1097 2164 1134 2192 et
1160 2171 1282 2193 curam
1317 2161 1421 2194 istam
1457 2170 1538 2204 erga
1571 2161 1666 2194 filios

237 2207 419 2239 amicitiae
460 2207 588 2251 gratias
623 2208 832 2250 imperatori
869 2212 1009 2240 mortuo
1047 2207 1271 2251 persolvere:
1297 2218 1515 2253 quamquam
1539 2217 1668 2241 cerne-

240 2263 333 2292 rem,
367 2252 499 2296 quibus
534 2263 590 2286 me
629 2252 798 2296 periculis
833 2252 1071 2292 obiectarem,
1108 2263 1234 2285 manus
1271 2252 1378 2294 dedi,
1414 2255 1481 2287 etsi
1516 2264 1591 2287 uon
1614 2256 1668 2287 ita

239 2297 464 2341 improvide,
496 2303 537 2331 ut
567 2298 756 2344 quisquam
781 2304 907 2343 postea
932 2297 1258 2332 inconsiderantiae
1282 2310 1338 2331 me
1365 2310 1510 2344 arguere
1534 2305 1666 2344 posset.

239 2343 338 2388 Quin
375 2349 411 2379 et
443 2343 614 2377 audiente
653 2344 857 2390 patriarcha
889 2344 1009 2397 verbis
1049 2345 1213 2388 pluribus
1239 2346 1501 2389 imperatricem
1527 2347 1665 2386 monui,

236 2401 282 2422 ne
319 2390 660 2431 calumniatoribus,
699 2391 761 2435 qui
792 2401 866 2423 non
899 2389 1004 2434 pauci
1043 2396 1160 2423 essent
1199 2393 1372 2425 emersuri
1419 2397 1455 2425 et
1479 2391 1665 2426 mendacia

238 2440 361 2468 contra
397 2447 455 2469 me
483 2437 686 2477 consumti,
712 2436 821 2491 (quiq
852 2436 1022 2470 videlicet
1060 2436 1194 2468 invidia
1229 2449 1302 2471 non
1337 2449 1397 2471 eos
1422 2439 1557 2471 sineret
1583 2438 1664 2482 qui-

238 2484 388 2527 escere‚)
410 2493 514 2516 aures
538 2483 662 2524 daret,
698 2482 761 2516 sed
793 2483 823 2514 si
850 2482 939 2527 quid
966 2481 1143 2515 eiusmodi
1168 2483 1206 2515 in
1230 2495 1286 2517 me
1318 2490 1541 2522 accusarent,
1566 2484 1664 2528 quod

229 2532 277 2560 ret
301 2527 362 2560 illa
390 2527 489 2561 dictu
516 2529 647 2562 falsum
670 2529 909 2574 intelligeret,
935 2539 1014 2561 cum
1039 2529 1220 2562 stomacho
1248 2532 1510 2564 accusationem
1533 2531 1662 2563 reiice-

239 2577 313 2612 ret,
349 2584 388 2605 ac
413 2575 649 2619 sycophantas
677 2574 821 2608 odisset.
882 2575 946 2608 Sin
970 2578 1088 2608 autem
1112 2582 1321 2619 penetraret
1345 2578 1421 2610 eius
1446 2578 1599 2610 animum
1625 2580 1662 2608 et

238 2618 501 2654 dubitationem
539 2621 710 2660 haberet,
749 2633 794 2654 an
831 2631 952 2655 verum
981 2627 1099 2660 esset,
1127 2622 1224 2666 quod
1251 2623 1468 2662 deferretur,
1489 2633 1535 2654 ne
1559 2621 1659 2655 illico

239 2664 445 2703 damnaret,
481 2678 550 2699 neu
586 2668 630 2700 ad
662 2668 833 2701 ultionem
871 2667 1164 2712 progrederetur,
1200 2669 1263 2702 sed
1300 2669 1435 2702 iudicio
1464 2672 1659 2701 arcesseret

238 2715 451 2756 tempusque
487 2713 532 2744 ad
566 2713 811 2747 defensionem
848 2713 1118 2758 praescriberet.
1180 2714 1228 2746 Ac
1252 2715 1281 2747 si
1307 2715 1449 2760 quidem
1475 2713 1658 2758 improbus

238 2767 278 2789 ac
304 2759 466 2802 periurus
495 2758 685 2799 invenirer,
712 2770 846 2805 poenas
876 2760 1015 2801 darem:
1041 2761 1097 2793 sin
1121 2760 1386 2797 criminationes
1420 2760 1660 2801 dissolverem,
