1754 3146
645 181 1052 223 PRAEMONl'l-'URL
1487 180 1560 218 Vll

135 302 240 369 ipsa
286 296 686 347 desideratissimi
737 296 833 344 viri
880 295 1226 345 recordatione
1278 290 1558 342 remedium

135 374 342 443 aliquod
365 387 415 424 et
434 376 660 423 levamen
690 374 932 442 positum,
967 372 1166 438 longius
1199 370 1368 438 abripi
1403 381 1558 437 atque

135 457 198 505 ab
226 474 311 511 eo,
341 454 480 523 quod
515 454 636 503 huic
669 454 916 504 volumini
950 452 1167 522 praefari
1203 452 1426 510 institui,
1474 450 1560 498 ab·

132 555 314 587 errare.
388 538 584 601 Quare,
629 548 689 585 ut
729 536 795 584 ad
833 536 1149 604 propositum
1201 552 1280 583 me
1322 533 1560 591 referam,

133 617 466 667 indicandum
506 630 598 676 est,
641 616 863 665 eiusdem
898 614 1166 665 Niebuhrii
1221 615 1464 664 beneficio
1510 626 1561 662 et

132 699 448 758 incredibili,
470 717 575 765 quo
610 699 761 748 totius
782 698 1043 766 Byzantini
1074 696 1237 765 operis
1259 709 1310 744 et
1342 695 1562 750 utilitati

131 795 182 832 et
200 781 367 830 decori
392 781 669 850 prospexit,
687 779 854 830 studio
877 779 1117 828 effectum
1138 777 1191 826 id
1218 795 1423 845 quoque
1449 794 1561 836 esse,

131 877 216 922 ut,
245 882 362 912 cum
401 876 547 912 antea
588 863 919 913 Cantacuzeni
962 867 1123 910 textus
1154 862 1308 910 unius
1360 872 1562 921 tantum

130 946 343 995 Parisini
366 945 549 995 codicis
574 946 873 996 auctoritate
905 945 1174 1003 niteretur,
1213 951 1402 993 novum
1429 942 1528 990 iam
1546 979 1560 998 ‚

130 1027 285 1094 idque
319 1026 462 1077 valde
496 1046 524 1077 a
558 1029 725 1087 nobis,
760 1046 878 1077 cum
910 1027 1138 1096 primum
1181 1028 1419 1075 volumen
1451 1023 1564 1072 ede-

127 1110 326 1168 bamus,
363 1111 666 1179 expetitum,
715 1110 787 1158 rei
831 1109 1035 1158 criticae
1085 1108 1395 1178 praesidium
1445 1124 1562 1174 sup—

126 1204 336 1260 peteret,
361 1191 505 1239 cuius
519 1208 613 1259 ope
633 1189 917 1240 emendatio
938 1190 1091 1238 huius
1111 1189 1366 1258 scriptoris
1387 1190 1560 1258 paullo

127 1274 312 1322 certius
356 1273 554 1321 institui
602 1285 776 1341 posset.
858 1274 1196 1339 Cognoveram
1240 1271 1488 1320 nimirum
1534 1287 1562 1317 e

128 1373 335 1404 censura
367 1355 486 1404 tomi
509 1355 683 1423 primi,
719 1374 747 1403 a
782 1355 1045 1425 Spengelio
1080 1356 1139 1402 V.
1172 1354 1230 1401 D.
1255 1354 1311 1402 in
1333 1351 1563 1403 Seebodii

129 1437 256 1485 Bibl.
278 1437 402 1486 Crit.
425 1456 466 1485 a.
501 1440 635 1502 1829.
659 1455 799 1486 num:
827 1441 1020 1504 87.sqq.
1055 1436 1210 1495 facta,
1237 1434 1472 1484 asservari
1506 1434 1562 1483 in
1586 1494 1590 1503 Ι

125 1519 413 1568 Monacensi
447 1519 754 1569 bibliotheca
789 1518 1010 1568 codicem
1059 1520 1209 1567 illum
1248 1517 1565 1574 Bavaricum‚

128 1601 266 1649 unde
300 1604 556 1649 Pontanus
589 1604 996 1651 Cantacuzenum
1029 1601 1226 1667 aliquot
1260 1599 1407 1648 annis
1447 1611 1566 1647 ante

129 1684 286 1732 latine
318 1681 503 1737 edidit,
539 1701 694 1750 quam
722 1701 895 1749 graeca
927 1701 953 1731 e
979 1683 1206 1731 Parisino
1244 1679 1417 1729 codice
1451 1698 1566 1748 pro-

128 1765 310 1814 dirent.
379 1769 612 1832 Cumque
644 1764 874 1812 lectionis
905 1763 1202 1831 specimina,
1242 1761 1360 1809 inde
1395 1773 1565 1810 enota-

128 1862 202 1907 ta,
238 1850 355 1898 satis
375 1846 722 1904 ostenderent,
749 1864 851 1893 non
878 1845 1114 1892 inutilem
1142 1844 1248 1892 eius
1269 1842 1563 1892 conferendi

127 1931 350 1979 laborem
373 1929 505 1984 fore,
540 1928 687 1976 facile
708 1929 749 1975 N
756 1926 1021 1991 iebuhrius
1039 1944 1067 1973 a
1091 1925 1394 1973 liberalitate
1418 1924 1565 1972 Lich-

127 2011 398 2060 tenthaleri
419 2051 430 2070 ,
492 2010 588 2059 viri
637 2007 1019 2065 humanissimi,
1078 2008 1168 2073 qui
1226 2005 1564 2054 bibliothecae

125 2093 412 2143 Monacensi
446 2104 666 2162 praeest,
704 2089 1015 2158 impetravit,
1047 2100 1106 2136 ut
1144 2088 1274 2136 liber
1307 2086 1409 2136 huc
1447 2087 1564 2136 mit-

128 2188 333 2226 teretur.
398 2178 486 2225 Est
518 2187 689 2224 autem
725 2173 879 2222 codex
922 2173 1105 2222 saeculi
1149 2173 1308 2229 XVI„
1354 2169 1562 2219 charta-

127 2273 264 2314 oeus,
288 2256 450 2305 forma
474 2255 716 2313 maxima,
738 2254 872 2302 foliis
899 2255 1008 2302 606.
1037 2265 1288 2309 constans,
1309 2251 1561 2320 scriptura

116 2336 442 2405 'nitidissima
509 2341 570 2385 In
603 2335 829 2402 margine
863 2334 1066 2383 exhibet
1099 2334 1375 2382 lectionum
1405 2334 1562 2383 varie-

130 2430 283 2468 tatem
317 2421 432 2469 satis
468 2421 688 2488 amplam
707 2457 718 2477 ,
755 2418 899 2466 cuius
932 2419 1078 2484 longe
1108 2416 1324 2464 maxima
1354 2434 1469 2484 pars
1499 2433 1560 2464 ex

126 2501 299 2551 codice
335 2502 604 2551 vetustiore
657 2499 954 2568 deprompta
999 2511 1106 2559 est3
1150 2496 1399 2564 quaedam
1452 2516 1561 2546 cor-

126 2583 334 2632 rectoris
378 2583 580 2650 ingenio
626 2582 891 2631 debentur.
958 2579 1351 2646 Diligentissime
1399 2580 1560 2647 igitur

127 2664 269 2713 hunc
291 2663 494 2714 ·librum
510 2705 524 2727 ,
557 2682 711 2734 quem
730 2667 1082 2714 Monacensem
1106 2661 1302 2716 vocavi,
1325 2679 1443 2710 cum
1468 2664 1558 2710 Pa-

127 2747 282 2797 risina
324 2747 546 2798 editione
584 2747 808 2809 contuli3
853 2746 944 2814 qui
983 2758 1236 2812 quantum
1278 2743 1406 2792 mihi
1440 2760 1556 2812 pro-
