1820 3138
522 178 902 228 msromARUM
942 182 1017 222 ιη.
1058 182 1124 226 73.
1425 158 1538 227 443

109 288 124 303 C

97 304 118 329 ο
170 287 349 338 πόλεμος
381 283 542 337 μᾶλλον
582 279 782 336 αἰρετέος.
848 280 1188 336 Καντακουζηνῷ
1223 279 1270 321 δὲ
1308 279 1463 322 ου’δένα
1497 281 1633 321 amc.
1652 282 1736 328 ¹343

97 367 220 408 τερον
250 348 504 404 δυνήσεσθαι
534 345 878 401 οἰντιστήσεσθαι,
912 342 940 400 ἢ
968 343 1039 387 τὸν
1066 347 1198 399 μέγαν
1227 346 1382 398 δοῦκα,
1410 344 1468 394 ὥς
1494 347 1542 388 ἐκ

98 420 183 462 ταῖν
209 413 464 472 πραγμάτων
492 414 632 468 γέγονε
661 415 917 468 καταφανές.
972 408 1073 453 ὅθεν
1100 412 1262 453 δίκαιον
1287 412 1442 453 ἐκεῖνον
1469 407 1542 452 εὖ-

97 485 273 526 νοοῦντα
315 477 446 536 ὲαυτῇ
482 477 556 520 καί
593 476 897 532 συναιρόμενον
934 474 1048 531 ἔχειν
1090 474 1194 531 πρὸς
1234 476 1308 518 τὸν
1347 475 1544 530 πόλεμον.

74 551 221 596 5τοῦτο
249 548 288 588 δ’
318 547 395 588 ov'x
422 541 476 587 οἲν
501 546 661 598 γένοιτο
691 539 865 599 ἑτέρως,
893 544 933 585 εἰ
956 540 1015 597 μὴ
1045 541 1070 584 ὅ
1096 541 1275 595 πόλεμος
1303 537 1433 592 αὖθις
1451 543 1543 584 ἐπι-

98 611 352 670 ψηφισθείη.
423 608 679 664 α’συμβάτως
722 607 805 665 γάρ
848 610 1003 651 ἐκεῖνον
1047 606 1149 663 πρὸς
1189 606 1544 664 Καντακουζηνόν

96 679 209 734 ἔχειν
237 678 603 732 διαβεβαιοῦσθαι.
655 677 696 718 εἰ
718 676 799 729 μὲν
827 670 904 716 οὖν
930 676 1117 716 πείθοιτο
1146 675 1219 716 καί
1250 673 1382 729 αὐτή,
1409 668 1459 715 εὖ
1491 668 1545 716 ἂν

98 744 217 800 ἔχοι·
275 746 316 787 εἷ
362 745 408 786 δὲ
448 741 534 798 μή,
577 744 773 785 σκεπτέον
808 739 868 796 μὴ
913 739 1070 797 α’θρόον
1099 739 1220 783 ἔνδον
1250 741 1491 791 Βυζαντίου
1522 737 1545 781 ὃ

97 808 444 865 Καντακουζηνὸς
471 809 666 865 ἀναφανῇ
700 806 783 849 ὑπὸ
813 809 890 849 τοῦ
914 805 1097 861 μεγάλου
1120 804 1273 855 δουκὸς
1290 809 1543 861 προσκεκλη-

51 879 232 929 ιομὲνος.
295 878 418 918 τοῦτο
445 873 523 930 γὰρ
554 870 604 916 ἂν
631 874 695 929 εἴη
721 873 847 927 μόνον
874 871 1124 928 α’ντίῤῥοπον
1151 873 1232 915 τῶν
1259 869 1361 926 πρὸς
1387 872 1543 913 ἐκεῖνον

99 939 266 997 ὕβρεων
302 941 375 982 καί
411 941 493 983 τῶν
533 935 670 982 ἄλλων
710 940 871 992 κακῶν,
917 933 976 981 ὧν
1013 937 1119 980 κατὰ
1149 935 1222 980 τὸν
1263 939 1340 979 τοῦ
1363 938 1585 990 πολέμουῦ

98 1006 253 1063 χρόνον
286 1005 391 1061 πρὸς
430 1008 586 1049 ἐκεῖνον
626 1003 870 1056 ἐνεδείξατο.
925 1004 953 1060 ἦ
979 1003 1144 1058 βασιλὶς
1172 1005 1219 1046 δὲ
1249 1005 1322 1046 καί
1347 1001 1548 1059 πρότερον

101 1074 179 1127 μὲν
221 1075 267 1116 ἐκ
309 1073 474 1114 πολλῶν
518 1072 600 1113 τῶν
644 1072 809 1126 α’νδρῶν
838 1071 1118 1124 στοχαζομένη
1156 1068 1230 1126 τὴν
1269 1068 1549 1126 κακοβουλίαν

101 1141 176 1180 καί
214 1139 292 1194 τήν
317 1135 499 1192 μεγάλου
528 1134 679 1185 δουκὸς
724 1137 994 1190 κακοτεχνίαν
1038 1137 1114 1177 καί
1149 1134 1196 1178 τὸ
1228 1137 1327 1191 περὶ
1362 1132 1544 1190 μηδενὸς

54 1205 244 1262 ι5ἕκείνῳ
271 1206 436 1258 μέλειν,
466 1199 494 1259 ἢ
521 1199 636 1252 ὅπως
664 1201 791 1252 αὐτὸς
821 1197 932 1260 ἄρχῃ
960 1203 1043 1244 τῶν
1066 1198 1348 1257 πραγμάτων,
1377 1198 1474 1243 τότε
1501 1202 1550 1242 δὲ

101 1270 178 1313 καί
200 1268 386 1324 μάλιστα
415 1267 492 1324 τήν
518 1269 693 1311 α’τοπίαν
724 1266 770 1310 ἐκ
797 1268 882 1310 τῶν
914 1265 1048 1321 λόγων
1074 1268 1319 1320 συνιδοῦσα,
1347 1266 1407 1321 μὴ
1426 1264 1552 1320 ἔχου-

101 1353 159 1379 σα
195 1338 242 1378 δὲ
269 1332 445 1379 οἷστισιν
473 1332 629 1391 ἑτέροις
658 1333 887 1389 χρήσαιτο,
913 1333 975 1391 (οἱ
1004 1332 1085 1388 γάρ
1116 1327 1235 1375 ἄλλοι
1263 1335 1345 1375 τῶν
1373 1332 1552 1387 εὐγενῶν

103 1401 178 1444 καί
210 1402 307 1442 καθ’
335 1396 442 1454 αἷμα
469 1398 757 1456 προσηκόντων
793 1403 964 1454 βασιλεῖ
994 1398 1296 1454 δεσμωτηρίοις
1331 1395 1481 1447 πάντες
1523 1393 1554 1452 ἢ

105 1468 151 1509 ἐν
178 1471 271 1515 ταῖς
299 1467 448 1515 οἰκίαις
474 1460 584 1520 ἦσαν
611 1467 1011 1519 κατακεκλεισμένοι,
1041 1461 1103 1515 οἷς
1132 1462 1242 1519 αὕτη
1271 1465 1348 1506 οὐκ
1374 1463 1554 1520 ἐθάρῥει

52 1530 318 1587 κοεῦνοήσειν
335 1563 347 1586 ,
376 1531 417 1573 εἰ
451 1532 699 1573 α’πολυθεῖεν
726 1531 809 1572 τῶν
837 1532 1036 1585 δεσμῶν,)
1056 1530 1291 1572 συνετίθετο
1319 1529 1393 1572 καὶ
1418 1526 1590 1579 affingo

105 1600 179 1640 καί
214 1593 371 1640 ἄκουσα
405 1596 511 1654 πρὸς
539 1595 611 1638 τόν
638 1593 833 1649 πόλεμον.
886 1596 1072 1647 μάλιστα
1103 1596 1148 1636 δὲ
1178 1593 1396 1636 ἀκούσασα
1428 1597 1550 1636 Καν-

104 1662 354 1718 τακουζηνὸν
380 1661 643 1718 ἠναγκάσθαι
679 1659 797 1717 παρὰ
825 1661 1010 1714 μεγάλου
1040 1658 1185 1709 δουκός
1210 1661 1450 1702 ἀποθέσθαι
1478 1658 1557 1715 τὴν

104 1731 324 1782 βασιλείαν
352 1727 427 1770 καί
449 1726 620 1770 ἰδιώτου
650 1730 796 1782 σχῆμα
823 1727 1062 1781 ἀναλαβεῖν,
1091 1727 1229 1782 η’ρέμα
1259 1724 1450 1780 ἐθέλγετο
1476 1727 1553 1767 καί

204 1833 232 1855 ι.
258 1816 334 1866 γὰρ
358 1829 425 1864 pro
450 1817 491 1853 δὲ
514 1818 564 1852 Μ.
668 1830 702 1863 9.
718 1817 789 1852 τοῦ
812 1816 896 1853 ald.
916 1816 967 1852 M.

110 1917 148 1946 et
177 1911 318 1945 bellum
342 1910 435 1955 'paci
475 1906 774 1952 anteponendum
807 1905 959 1943 docent.
1017 1904 1267 1940 Cantacuzeno
1292 1907 1427 1941 etenim
1453 1910 1554 1940 extra

109 1969 278 2003 magnum
303 1957 455 1997 ducem,
489 1953 590 2002 quod
614 1954 841 1998 experientia
863 1953 1091 1993 eonstiterit,
1123 1954 1306 1986 neminem
1331 1964 1436 1997 posse
1462 1955 1557 1987 resi-

110 2010 218 2039 stere.
267 2003 424 2037 Proinde
447 2012 606 2047 aequum
629 2000 768 2041 videri,
794 2005 834 2033 ut
861 1999 966 2032 illum
991 1998 1064 2032 sibi
1088 2000 1244 2033 amicum
1274 2005 1312 2033 et
1334 2000 1426 2033 belli
1450 1996 1558 2033 adiu-4

110 2057 226 2086 torem
257 2050 403 2088 babeat.
451 2051 498 2083 At
518 2049 614 2081 istuc
638 2047 746 2080 aliter
768 2057 843 2079 non
869 2046 1030 2079 futurum
1045 2070 1055 2086 ‚
1080 2057 1188 2092 quam
1213 2046 1244 2078 si
1265 2057 1364 2080 arma
1386 2046 1432 2080 de
1456 2046 1557 2080 inte·

113 2108 175 2144 gro
214 2097 464 2131 decernantur.
513 2095 754 2127 Confirmasse
785 2092 882 2126 enim
907 2093 1032 2133 illum,
1069 2093 1142 2125 sibi
1181 2103 1263 2125 cum
1303 2092 1556 2127 Cantacuzeno

110 2154 235 2190 pacem
262 2155 447 2189 nunquam
473 2143 762 2176 intercessuram,
822 2139 1055 2184 Quapropter
1078 2140 1109 2172 si
1134 2139 1212 2184 ipsa
1237 2139 1347 2174 etiam
1373 2139 1555 2186 obsequa-

112 2197 190 2230 tur,
219 2189 313 2224 bene
338 2189 564 2225 habiturum.
612 2187 676 2220 Sin
701 2191 844 2227 antem,
867 2186 1082 2226 videndum,
1111 2197 1158 2219 ne
1184 2186 1454 2220 Cantacuzenus
1474 2197 1556 2220 cum

113 2237 203 2270 totis
235 2237 350 2281 copiis
383 2237 458 2269 suis
493 2237 587 2269 intra
623 2234 833 2277 Byzantium
878 2232 1051 2266 accersitu
1094 2233 1210 2278 magni
1243 2232 1349 2266 ducis
1374 2238 1558 2278 appareat.

114 2285 192 2318 Hac
216 2284 314 2316 enim
340 2283 398 2315 via
420 2280 669 2316 tantummodo
695 2280 936 2313 contumelias
962 2284 999 2312 et
1021 2278 1275 2320 incommoda,
1305 2279 1438 2325 quibus
1473 2289 1557 2313 eum

114 2342 180 2376 per
209 2330 299 2363 belli
333 2334 474 2373 tempus
506 2328 962 2371 vexaverit‚pensaturum.
1011 2325 1179 2359 Ceterum
1202 2326 1437 2369 imperatrix,
1461 2336 1555 2371 quae

115 2378 188 2411 iam
221 2380 304 2410 ante
341 2376 464 2408 multis
491 2374 639 2408 indiciis
673 2373 864 2406 hominum
896 2373 1044 2406 istorum
1075 2373 1347 2415 perversitatem
1381 2378 1420 2407 et
1441 2372 1555 2405 malas

116 2429 211 2457 artes
236 2422 356 2466 magni
380 2422 480 2455 ducis
506 2421 767 2460 coniectasset‚
792 2419 962 2465 nihilque
985 2418 1086 2450 aliud
1122 2418 1225 2451 illum
1258 2429 1383 2452 curare
1399 2443 1410 2460 ,
1446 2429 1554 2464 quam

116 2475 159 2503 ut
183 2470 280 2503 solus
308 2469 346 2501 in
378 2479 415 2501 re
440 2467 586 2511 publiea
609 2467 878 2507 dominaretur,
908 2477 952 2499 ex
975 2465 1032 2498 his
1061 2469 1181 2497 autem
1205 2465 1325 2499 verbis
1350 2466 1428 2499 eius
1454 2465 1556 2499 inso-

116 2516 267 2550 lentiam
295 2514 492 2548 clarissime
518 2515 757 2559 perspiceret,
791 2523 870 2546 cum
901 2523 975 2545 non
1002 2510 1180 2551 haberet,
1211 2511 1427 2557 quibuscum
1451 2522 1555 2546 sensa

119 2574 183 2595 sua
219 2562 521 2599 communicaret,
556 2559 641 2602 (alii
675 2560 772 2593 enim
795 2558 939 2592 nobiles
966 2562 1004 2591 et
1030 2558 1288 2602 consanguinei
1314 2557 1556 2592 Cantacuzeni

119 2609 350 2653 imperatoris
383 2606 585 2640 carceribus
614 2617 736 2640 omnes
767 2610 831 2640 aut
865 2604 1034 2638 domibus
1074 2605 1149 2637 suis
1173 2604 1303 2638 inclusi
1326 2605 1557 2643 tenebantur,

123 2666 215 2701 quos
241 2666 260 2688 e
285 2653 440 2688 vinculis
466 2654 616 2686 emissos
649 2652 845 2686 benevolos
871 2651 942 2683 sibi
972 2651 1049 2683 fore
1074 2661 1149 2683 nou
1173 2650 1411 2697 confidebat‚)
1435 2662 1558 2685 rursus

124 2701 250 2741 bello,
276 2701 436 2746 quamvis
464 2699 598 2739 invita,
621 2698 848 2743 subscripsit.
896 2696 1126 2730 Potissimum
1153 2701 1297 2739 autem«,
1333 2698 1432 2742 quod
1460 2698 1559 2730 Can-

122 2753 332 2782 tacuzennm
366 2759 386 2779 a
419 2757 545 2790 magno
579 2745 669 2778 duce
701 2745 853 2789 imperio
884 2755 922 2776 se
958 2742 1129 2777 abdicare
1166 2748 1203 2777 et
1230 2743 1364 2789 privati
1392 2744 1559 2778 habitum

124 2804 303 2833 resumere
334 2797 497 2828 coactum
520 2790 683 2829 audierat
698 2816 707 2832 ,
733 2791 863 2829 senaim
889 2788 1076 2826 annuebat
1097 2795 1136 2825 et
1159 2790 1197 2825 in
1216 2790 1380 2830 fraudem
1404 2790 1559 2824 maxime
