1800 3132
524 156 898 199 ms'romARUM
938 161 1009 199 111.
1043 159 1112 203 56.
1424 140 1535 207 343

106 254 284 311 ἀνέγνω,
314 256 438 298 οὐδὲν
466 257 589 297 πλέον
625 253 884 311 ἀπεκρίνατο.
941 258 994 296 ου’
1019 254 1116 310 περί
1141 257 1344 308 βασιλέως
1382 257 1427 297 δὲ
1455 254 1729 310 ⁸uzi-A.C.1342·

105 338 176 364 νον
203 324 356 371 ἐκεῖνος
373 319 506 362 πολλὰ
538 323 712 362 τοιαῦτα
742 318 1035 375 προηγόρευεν,
1070 320 1175 362 ἀλλά
1201 323 1274 363 καί
1299 321 1395 377 περὶ
1422 323 1538 363 ἰδιω-

102 389 183 429 τῶν
218 403 341 430 τινων
377 387 453 428 οὐκ
491 388 623 440 ὀλίγα.
680 386 911 441 Βρυεννίου
945 386 1022 441 γάρ
1049 388 1123 427 τοῦ
1152 386 1358 441 ΙΙΙιχαὴλ,
1406 391 1537 440 Παμ-

103 453 226 506 φίλου
273 447 494 507 ἄρχοντος,
549 452 914 504 έπιβουλευθέντος
968 467 1012 492 τε
1058 449 1141 492 ὑπὸ
1177 453 1252 493 τοῦ
1290 451 1425 506 δήμου
1465 451 1578 494 καιῚ)

78 516 316 569 5δεσμώτου
357 517 415 565 εἷς
455 514 689 568 Βυζάντιον
729 517 1019 570 ἀπαχθέντος,
1060 514 1339 572 δεσμωτήριόν
1380 533 1423 559 τε
1450 516 1533 558 ὑπὸ

102 583 185 622 τῶν
225 577 441 636 ἀρχόντων
483 582 608 622 οἰκεῖν
644 581 1036 636 κατεψηφισμένου,
1083 579 1174 623 ἐπεὶ
1196 579 1336 639 χρόνῳ
1366 578 1537 638 ὕστερον

100 649 252 701 μικρᾶς
279 662 388 696 τινος
423 647 542 688 ἕνεκα
578 647 716 695 αἰτίας
744 645 767 687 ὅ
799 647 872 700 τῆς
914 649 1106 701 φρουρᾶς
1149 641 1293 702 ἅρχων
1337 647 1418 689 ὑπὸ
1452 665 1537 701 μα-

101 713 192 760 νίας
216 709 369 765 ἀλόγου
403 714 475 753 καί
500 712 644 764 θυμοῦ
691 712 750 760 εἰς
795 713 987 753 τοσοῦτον
1015 712 1180 767 ᾐκίσατο
1211 713 1428 769 σφοδρῶς,
1479 713 1538 763 ὥς

101 779 353 831 νομισθῆναι
380 779 452 819 καί
480 778 728 827 ἀποθανεῖν,
758 775 864 832 πρὸς
892 774 990 825 τούς
1019 775 1191 825 οἰκείους
1216 778 1260 818 έν
1290 779 1538 831 Διδυμοτεί-

52 857 159 898 ιοχῳ
187 845 262 897 τῆς
293 842 433 898 φήμης
463 839 807 898 διαδραμούσης,
845 842 1040 883 κάκείνων
1067 843 1141 882 τοῦ
1176 844 1406 896 ἀρχιερέως
1444 845 1536 884 δεο-

97 910 233 959 μένων
270 907 540 961 ἀπαγγέλλειν
570 909 618 963 τῇ
653 906 820 960 γυναικί
856 907 932 948 τοῦ
959 900 1112 959 ἀνδρὸς
1135 905 1209 961 την
1237 905 1455 962 τελευτὴν,
1485 907 1535 949 ἵν’

99 969 181 1012 ὑπὸ
219 975 295 1026 τῆς
327 972 434 1027 πρὸς
473 974 629 1014 ἐκεῖνον
668 973 813 1022 αἰδοῦς
848 972 1125 1026 κατεχομένη,
1167 971 1225 1026 μὴ
1267 970 1344 1026 την
1394 972 1537 1028 ψυχὴν

101 1033 317 1092 ἀπορρήξῃ
345 1036 449 1092 πρὸς
475 1035 551 1092 την
579 1037 796 1091 ἀγγελίαν,
826 1037 978 1085 ἐκεῖνος
1007 1036 1060 1076 ου’
1078 1038 1408 1091 τετελευτηκέναι
1429 1035 1536 1093 ἔφα-

98 1117 169 1144 σκε
218 1103 468 1158 Βρυέννιον,
520 1100 626 1144 ἀλλά
669 1104 762 1158 ζῇν·
817 1100 1022 1158 τετύφθαι
1053 1102 1194 1154 μέντοι
1238 1103 1298 1150 εἰς
1336 1103 1658 1159 τοσοῦτονΡ.54ο

52 1166 424 1223 ι5ἀπανθρωπιάς,
459 1165 516 1216 ὥς
556 1169 627 1209 καί
657 1168 770 1210 ἁλῶν
805 1169 1034 1223 δεηθῆναι,
1075 1165 1151 1215 τὰς
1193 1165 1423 1221 σηπεδόνας
1465 1168 1538 1209 καί

101 1231 335 1290 φλεγμονὰς
373 1231 447 1282 τοὶς
475 1234 522 1274 ὲκ
556 1235 639 1275 τῶν
668 1233 883 1288 μαστίγων
925 1229 1294 1274 καταστελούντων.
1341 1233 1400 1287 μη
1434 1233 1536 1285 μέν-

101 1314 164 1340 τοι
191 1315 235 1353 γε
275 1299 529 1352 ἀποθανεῖν,
577 1296 683 1340 ἀλλὰ
734 1301 807 1355 ζῇν
867 1297 939 1338 καί
977 1296 1054 1353 την
1108 1298 1411 1350 ἀπανθρωπίαν
1453 1299 1536 1338 τῶν

101 1365 377 1416 αἰκισαμένων
431 1359 567 1406 ἄλλων
609 1364 655 1406 τέ
697 1379 821 1405 τινων
865 1359 1210 1418 ἇπορῥητοτέρων
1256 1365 1372 1403 ἕνεκα
1420 1358 1536 1418 αὐτῷ

100 1429 396 1484 ἐπενεχθῆναι,
426 1427 496 1469 καὶ
523 1429 595 1483 τῆς
625 1429 684 1478 εἷς
713 1430 866 1477 παῖδας
894 1429 968 1469 καί
990 1433 1164 1480 γυναῖκα
1184 1427 1387 1469 ἐπανόδου
1421 1427 1534 1468 αἰτία

48 1494 280 1546 2ομάλιστα
312 1493 444 1547 ἐκείνη
477 1490 607 1534 ἔσται.
662 1494 739 1533 τοῦ
771 1492 1052 1546 δεσμωτηρίου
1081 1490 1158 1545 γὰρ
1191 1488 1415 1541 ἀπολυθείς
1465 1490 1538 1533 ε’πί

102 1560 158 1616 τῷ
197 1559 347 1600 ἰᾶσθαι
388 1557 463 1606 τὰς
511 1555 692 1612 πληγὰς,
740 1556 919 1610 διαδρὰς
957 1553 1153 1611 ἀφίξεται
1181 1555 1345 1598 ἐνθάδε.
1396 1555 1534 1613 χρόνῳ

104 1625 151 1665 δὲ
199 1621 375 1678 ὕστερον
413 1623 485 1664 καί
533 1623 738 1675 βασιλέως
781 1620 1012 1674 παρόντος,
1065 1627 1252 1661 πεσεῖται
1296 1618 1534 1673 μαχόμενος

100 1688 207 1743 ὑπὲρ
241 1687 390 1729 αὐτοῦ.
454 1684 483 1728 ἂ
511 1684 647 1728 πάντα
691 1683 864 1741 ὕστερον
906 1683 1011 1726 κατὰ
1051 1682 1127 1738 την
1159 1685 1314 1727 ἐκείνου
1345 1681 1535 1740 πρόῤῥη-

100 1769 167 1794 σιν
217 1752 454 1806 ἀπέβαινεν.
525 1748 702 1808 ἀφεθείς
739 1750 817 1806 γὰρ
859 1752 935 1791 τοῦ
975 1750 1261 1804 δεσμωτηρίου
1301 1748 1322 1790 ὃ
1370 1751 1533 1805 Βρυέν-

53 1826 193 1867 25νιος
223 1819 294 1859 έπί
323 1820 381 1874 τῷ
400 1817 595 1873 προνοίας
616 1815 728 1866 τινὸς
758 1821 901 1870 τυχεῖν
920 1813 1036 1872 παρὰ
1065 1817 1148 1857 τῶν
1177 1815 1354 1870 ἰατρῶν,
1383 1817 1566 1871 καιροῦΒ

101 1949 200 1983 baud
223 1960 336 1996 pauca
360 1951 576 1985 vaticinatus
602 1953 665 1984 est.
713 1949 803 1983 Cum
830 1948 926 1982 enim
952 1947 1112 1982 Michael
1129 1947 1336 1991 Bryenniu3‚
1351 1945 1531 1992 Pamphili

101 1997 324 2040 praefectus,
357 1997 500 2031 insidiis
528 2007 548 2028 a
574 1995 708 2042 populo
747 2001 843 2028 esset
878 1996 1063 2039 appetitus
1092 2000 1128 2028 et
1150 1995 1363 2038 Byzantium
1389 1994 1428 2026 in
1453 1993 1533 2025 vin·

104 2043 195 2074 culis
229 2042 424 2084 adductus,
453 2049 490 2077 et
513 2041 558 2076 ab
583 2040 816 2075 archontibus
864 2051 1004 2074 carcere
1030 2040 1218 2074 damnatus
1243 2040 1425 2085 pauloque
1449 2043 1532 2082 post

103 2098 123 2120 a
148 2088 328 2133 praefecto
363 2089 546 2123 custodiae
579 2098 686 2134 parva
723 2087 768 2120 de
806 2098 912 2120 causa
949 2098 1013 2132 per
1047 2088 1211 2120 insanum
1248 2086 1404 2120 furorem
1439 2083 1530 2117 adeo

102 2134 254 2179 flagellis
290 2135 484 2175 laceratus,
523 2141 565 2168 ut
587 2145 651 2179 pro
679 2139 819 2167 mortuo
850 2133 1065 2173 haberetur,
1107 2133 1200 2165 sama
1236 2130 1532 2175 Didymotichum

102 2181 150 2213 ad
174 2182 251 2214 eius
276 2181 499 2227 propinquos
522 2181 664 2214 vetante
690 2186 728 2214 et.
749 2179 825 2213 iltis
851 2181 1058 2224 episcopum
1085 2178 1336 2223 rogitantibus,
1362 2182 1402 2210 ut
1425 2177 1531 2209 uxori

100 2237 225 2260 necem
261 2227 380 2261 mariti
415 2228 591 2272 aperiret,
623 2237 719 2271 que,
744 2227 946 2259 reverentia
984 2230 1021 2259 et
1058 2225 1195 2270 pudore
1228 2225 1326 2257 illius
1358 2222 1531 2262 cohibita,

100 2272 211 2305 vitam
255 2273 326 2306 sibi
357 2272 404 2306 ad
435 2273 602 2306 nuntium
633 2278 707 2305 tam
750 2271 933 2305 funestum
970 2281 1014 2304 ne
1052 2271 1307 2315 abrumperet,
1342 2270 1530 2314 episcopus

102 2318 321 2363 Bryennium
353 2329 427 2351 non
468 2330 545 2353 esse
576 2324 756 2352 mortuum
793 2318 906 2359 dixit,
937 2328 1077 2350 caesum
1104 2322 1174 2349 tam
1200 2317 1388 2357 atrociter,
1420 2319 1461 2347 ut
1483 2314 1532 2348 ad

104 2366 241 2398 saniem
278 2371 314 2398 et
347 2364 649 2399 inflammationes
675 2376 719 2398 ex
751 2364 993 2408 flagellatione
1020 2362 1233 2396 coercendas
1258 2363 1332 2395 sale
1356 2371 1446 2405 opus
1471 2361 1530 2394 fu-

104 2412 182 2444 erit.
233 2411 493 2445 Verumtamen
517 2410 634 2443 adhuc
661 2411 779 2443 vivere
801 2435 809 2450 ‚
845 2416 882 2443 et
905 2416 974 2443 tam
1000 2409 1243 2442 inhumaniter
1268 2408 1346 2441 aliis
1374 2406 1419 2439 de
1442 2417 1528 2440 cau-

104 2457 152 2490 sis
177 2457 389 2502 quibusdam
415 2456 671 2489 secretioribus
696 2456 914 2500 flagellatum
942 2467 1042 2494 esse,
1075 2456 1282 2500 reditusque
1308 2453 1353 2486 ad
1381 2463 1527 2488 uxorem

105 2508 142 2535 et
178 2502 311 2536 liberos
347 2503 443 2535 illam
481 2505 670 2546 prat-cipue
706 2513 846 2535 causam
872 2503 958 2535 sore.
1009 2502 1200 2534 Dimissnm
1227 2500 1321 2533 euim
1347 2511 1366 2533 e
1391 2509 1530 2533 carcere

104 2548 150 2580 ad
182 2550 301 2594 plagas
334 2549 529 2589 curandas,
573 2549 870 2592 Didymotichum
906 2548 1026 2592 sugam
1065 2552 1301 2590 arrepturum.
1349 2547 1531 2591 Tempore

108 2599 228 2627 autem
267 2595 484 2639 procedente
527 2599 563 2628 et
597 2595 813 2638 imperatore
847 2598 1052 2638 praesente,
1097 2604 1162 2637 pro
1197 2592 1284 2637 ipso·
1306 2593 1344 2626 in
1367 2593 1445 2626 acie
1470 2603 1532 2625 oc—

108 2641 329 2674 cubiturum.
376 2641 479 2685 Quae
511 2641 628 2675 omnia
666 2641 782 2673 exitus
814 2639 946 2672 docuit.
1004 2639 1198 2672 Absolutus
1230 2649 1383 2683 namque
1409 2650 1427 2671 a
1454 2649 1532 2671 car·

109 2698 188 2719 cere
226 2688 445 2730 Brycnnius,
484 2692 524 2719 ut
561 2698 580 2718 a
612 2686 760 2720 medicis
797 2689 999 2724 curaretur,
1037 2685 1342 2730 opportunitatem
1368 2684 1531 2728 fugiendi

107 2738 259 2774 unctus,
293 2733 436 2768 domum
475 2731 664 2770 incolumis
687 2733 870 2779 pervenit:
897 2735 1022 2780 postea
1050 2731 1088 2764 in
1116 2741 1235 2778 pugna
1258 2736 1378 2766 contra
1401 2730 1530 2767 Mouri-
