1800 3146
497 200 868 245 ms‘ronmssnm
906 203 978 242 111.
1008 204 1076 247 71⁸.
1411 177 1522 250 457

87 309 252 362 finum»
295 306 368 347 καὶ
394 302 701 359 συκοφαντιῶν,
741 298 846 343 ἀλλὰ
875 300 948 342 καί
972 299 1077 354 μετὰ
1107 299 1184 354 τὴν
1209 296 1414 354 τοσαύτην
1438 300 1612 341 τῶνΔ.ῦ.
1632 303 1718 348 ι343

95 371 288 427 αἱμάτων
322 368 447 424 χύσιν
483 371 556 411 καί
578 367 652 423 την
684 368 974 421 αἰχμαλωσίαν
1000 369 1080 408 τῶν
1108 365 1324 418 δυστυχῶν
1344 363 1527 416 Ῥωμαί-

90 454 149 479 ων
186 438 259 478 καί
296 435 372 484 τοὶς
411 433 646 489 διαρπαγὰς
688 431 760 474 καί
795 430 870 480 τὰς
913 431 1133 486 λεηλασίας
1170 433 1242 472 καί
1278 430 1355 485 τὴν
1388 427 1526 484 κοινὴν

92 500 400 554 πανωλεθρύιν,
441 497 498 548 ὥς
527 499 678 551 εἰπεῖν,
721 499 774 539 ου’
804 496 908 551 πρὸς
934 496 1046 538 ἔλεον
1083 493 1383 551 κατεκοίμφθη,
1428 497 1526 538 οὐδὲ

65 564 226 611 5οἶκτον
252 564 381 618 ἔλαβέ
409 581 503 607 τινα
531 567 613 606 τῶν
641 563 925 618 ἀτυχούντων,
955 561 1062 604 α’λλὰ
1091 561 1228 604 πάντα
1254 564 1414 615 μᾶλλον
1447 575 1525 617 φο-

91 630 291 688 ρητότερα
310 630 444 688 αὐτῷ,
477 625 546 686 ἢῆ
572 629 677 684 πρὸς
705 630 779 681 ἐμὲ
807 628 964 683 εἰρήνη.
1020 628 1112 669 ἀλλ’
1137 626 1237 675 ἴσως
1264 629 1365 682 ἐρεῖ,
1383 623 1525 681 ὥσπερ

100 700 206 753 δῆτα
233 695 500 749 πυνθάνομαι
528 697 599 737 καί
624 696 768 749 λέγειν,
796 691 1047 746 βουλόμενος
1073 694 1269 745 βασιλίδα
1297 694 1455 745 μᾶλλον
1484 693 1528 732 ἑ-

92 765 276 819 ρεθίζειν
303 760 409 816 πρὸς
434 760 506 803 τὸν
530 759 721 812 πόλεμον,
752 757 823 813 ὥς,
851 761 929 807 ἓως
954 761 1032 812 μὲν
1061 757 1203 812 ὀρθοῖς
1230 755 1342 812 ἑώρα
1369 757 1441 798 καί
1466 757 1528 798 δι-

92 832 224 878 καίοις
251 829 326 881 ἐμὲ
351 827 571 882 χρεόμενον
599 829 809 880 λογισμοῖς
849 826 921 865 καί
963 822 1014 865 τοὶ
1053 824 1295 866 συνοίσοντα
1339 828 1424 870 τοῖς
1448 825 1528 875 βα-

47 896 240 943 ιοσιλέως
277 890 577 946 βουλευόμενον
614 892 785 944 παισίν,
812 885 956 938 εὔνους
999 884 1052 944 ἦν
1078 887 1151 930 καί
1177 886 1303 937 αὐτὸς
1348 888 1420 929 καὶ
1445 889 1533 930 ἐνέ-

91 974 190 1012 μενε
217 964 304 1007 τοῖς
334 954 484 1012 ὅρκοις.
515 955 608 998 ἐπεὶ
634 957 672 997 δ’
699 954 924 1011 ἐξετράπην
952 956 1035 996 τῶν
1062 953 1238 996 δεόντων
1263 955 1335 994 καί
1360 951 1529 1008 εἱλόμην

93 1024 278 1075 α’δικεῖν,
323 1021 462 1063 δίκαια
506 1025 634 1064 ποιῶν
674 1019 799 1070 αὐτὸς
837 1019 1044 1073 α’μύνεται
1077 1019 1183 1074 ὑπὲρ
1213 1022 1296 1061 τῶν
1322 1022 1574 1072 βασιλέωςῑ)

93 1089 267 1134 παίδων,
322 1087 395 1129 καί
432 1090 493 1137 τίς
520 1086 679 1129 τούτων
706 1087 730 1141 ἦ
762 1085 998 1138 ἀπόδειξις,
1040 1081 1075 1128 αἶ
1102 1086 1247 1140 ’yet-36¹3
1275 1087 1315 1126 εἰ
1344 1087 1422 1137 μὲν
1447 1085 1527 1139 γάρ

95 1151 220 1208 ἅρκεῖ
240 1151 363 1206 μόνον
390 1155 532 1206 εἰπεῖν,
561 1154 636 1194 καί
660 1154 771 1194 τοῦτ’
801 1148 942 1207 ἀρκεῖν
970 1150 1165 1206 ἡγεῖσθαι
1193 1149 1299 1205 πρὸς
1317 1148 1531 1201 ἀπόδειξιν

48 1220 174 1262 15τοιῖ
202 1217 467 1273 πράγματος,
508 1218 564 1267 ὥς
592 1215 783 1272 λαμπρὸς
810 1214 851 1258 εἶ
895 1219 967 1259 καί
991 1216 1042 1258 τὰ
1071 1219 1244 1270 μέγιστα
1273 1214 1528 1271 εὖτύχηκας,

97 1280 230 1333 οὕτως
266 1279 430 1332 ἀπόνως
446 1286 527 1325 τῶν
559 1285 726 1339 ἐχθρῶν
759 1283 1078 1337 περιγινόμενος.
1107 1283 1199 1323 α’λλ’
1221 1282 1268 1322 οὐ
1301 1280 1658 1337 συγχωρή·Ἶ.486

95 1364 218 1391 σουσι
242 1347 293 1390 τὰ
315 1351 559 1404 καθημὲραν
580 1348 806 1401 πλάσματα
832 1349 905 1388 καί
933 1345 980 1388 τὸ
1004 1345 1110 1402 πρὸς
1140 1346 1190 1389 τὰ
1233 1350 1378 1402 φαῦλα
1405 1346 1535 1388 κατά-

97 1428 240 1470 φωρον
256 1416 340 1454 τῶν
378 1411 523 1469 ἔργων,
545 1413 741 1468 τοιαύτην
766 1411 879 1466 ἔχειν
909 1410 1034 1463 δόξαν
1050 1412 1166 1468 παρὰ
1184 1418 1269 1462 τοῖς
1290 1416 1469 1461 πολλοῖς.
1499 1414 1539 1455 εἰ

99 1481 147 1520 δὲ
164 1480 284 1520 τοῦτο
308 1479 386 1530 μὲν
405 1479 744 1531 μελαγχολῶντος
761 1477 842 1531 οὐχ
863 1474 928 1519 ὅτι
948 1480 1106 1531 λέγειν,
1137 1478 1243 1520 ἄλλα
1263 1481 1336 1521 καί
1353 1477 1536 1531 οἴεσθαι,

45 1541 243 1589 αολοιπὸν
286 1545 423 1584 τοίνυν
460 1541 757 1597 χωρεῖνπρός
783 1542 881 1591 τούς
909 1544 1112 1596 ἐλέγχους.
1169 1545 1209 1585 εἴ
1232 1547 1310 1596 μὲν
1338 1541 1414 1586 οὖν
1442 1543 1545 1598 ἐμοί

95 1625 140 1650 τι
167 1605 357 1649 σύνοιδεν
385 1605 512 1655 αὖτὸς
538 1609 738 1660 τοιοῦτον,
767 1608 1010 1660 ἐξελεγχέτω
1040 1611 1254 1663 φανερῶς·
1311 1611 1350 1652 εἶ
1378 1612 1417 1651 δ’
1441 1607 1655 1658 ἓτέ-Ρ.607

98 1689 185 1728 ρων
229 1671 359 1729 φησὶν
387 1672 630 1727 ἀκηκοέναι,
667 1674 887 1727 παραγέτω
916 1670 1017 1722 τούς
1051 1671 1284 1728 μάρτυρας.
1341 1672 1433 1716 ἀλλ’
1462 1675 1537 1716 οὐκ

100 1734 153 1780 ἂν
181 1737 290 1792 ἔχοι,
334 1739 373 1779 εἰ
405 1736 465 1792 μη
497 1744 772 1794 συκοφαντεῖν
804 1733 929 1788 αὖθις
956 1740 1219 1793 ἀνεξέλεγκτα
1247 1740 1400 1781 ἐθέλοι.
1454 1739 1535 1793 ἐγώ

101 1806 148 1846 δὲ
192 1802 273 1858 τήν
315 1802 398 1845 dn&
427 1806 510 1846 τῶν
538 1803 670 1860 ἔργων
698 1805 930 1860 παρέξομαι
958 1803 1258 1860 ἐναργεστάτην
1283 1806 1535 1860 μαρτυρίαν.

100 1904 221 1938 medio
245 1903 407 1938 tolleret:
430 1915 498 1938 nec
522 1915 636 1950 usque
661 1904 771 1938 hodie
794 1904 1007 1938 insidiarum
1033 1910 1071 1939 et
1101 1905 1404 1939 obtrectationum
1438 1907 1527 1940 sati-

104 1956 182 1984 etas
206 1951 309 1983 illum
334 1951 450 1996 capit:
474 1952 565 1997 quin
586 1956 669 1997 post
693 1956 828 1984 tantam
856 1952 1066 1985 effusionem
1093 1953 1290 1996 sanguinis,
1314 1958 1396 1997 post
1418 1953 1528 1987 mise-

105 2008 165 2031 ros
190 1997 366 2031 Romanos
403 1997 443 2030 in
477 1999 685 2031 servitutem
709 1997 925 2038 abstractos,
954 2003 1035 2044 post
1060 1998 1285 2044 direptiones
1311 2009 1352 2031 ac
1377 2000 1534 2044 popula-

101 2045 241 2083 tiones,
266 2054 528 2090 communeque
554 2049 590 2077 et
615 2045 806 2086 ultimum,
835 2055 947 2089 prope
972 2044 1125 2077 dixerim
1141 2070 1151 2085 ,
1187 2045 1336 2078 exitium
1353 2070 1362 2084 ‚
1388 2056 1462 2078 non
1487 2046 1534 2079 ad

102 2091 452 2124 commiserationem
478 2092 590 2124 flexus
615 2097 770 2132 est,non
794 2091 953 2136 aliquam
977 2091 1210 2124 humanitatis
1234 2092 1534 2136 significationem

107 2146 191 2180 erga
221 2135 381 2180 perditos
421 2137 545 2171 dedit:
584 2137 648 2170 sed
679 2138 798 2171 omnia
829 2138 908 2179 illi,
946 2149 1051 2183 quam
1079 2148 1150 2181 pax
1176 2147 1333 2178 mecum,
1359 2139 1535 2172 tolerabi-

103 2182 197 2214 liora
231 2182 390 2221 suerunt,
445 2184 557 2230 Atqui
594 2183 690 2217 dicet
719 2185 885 2224 fortasse,
927 2184 1244 2230 (quemadmodum
1278 2184 1398 2217 dicere
1430 2185 1535 2218 illum

103 2227 237 2268 audio,
263 2234 304 2261 ut
327 2230 546 2274 imperatrici
571 2230 616 2263 ad
640 2230 776 2264 bellum
803 2231 917 2264 calcar
941 2230 1076 2271 addat‚)
1101 2242 1152 2269 se,
1179 2231 1349 2275 quamdiu
1376 2237 1472 2265 recta
1497 2237 1535 2265 et

101 2275 197 2307 iusta
224 2275 439 2318 cogitantem
464 2282 501 2310 et
528 2277 612 2311 filiis
638 2278 863 2320 imperatoris
889 2277 1094 2310 studentem
1119 2276 1264 2316 viderit,
1286 2277 1377 2311 mihi
1405 2278 1534 2312 favisse

103 2326 141 2354 et
171 2321 287 2353 iurata
322 2322 514 2364 factitasse,
527 2324 574 2356 ab
610 2323 718 2356 officii
757 2328 878 2356 autem
903 2325 1029 2357 semita
1052 2323 1192 2356 detorto
1216 2334 1274 2356 me
1298 2329 1336 2357 et
1358 2325 1395 2357 in
1418 2325 1532 2358 scelus

102 2366 285 2407 abeunte,
319 2367 398 2402 iure
427 2380 473 2402 -ac
507 2371 637 2404 merito
675 2370 903 2414 imperatoris
940 2370 1034 2402 fiiios
1071 2375 1194 2403 eontra
1226 2379 1284 2402 me
1321 2369 1530 2407 defendere.

102 2413 262 2454 Verum,
293 2423 314 2445 o
347 2413 442 2448 bone
477 2416 552 2457 vir,
587 2427 743 2461 quonam
776 2417 870 2449 istuc
905 2415 1143 2460 argumento?
1197 2416 1236 2449 Si
1273 2418 1370 2450 enim
1404 2417 1533 2452 sufficit

104 2463 244 2492 tantum
285 2459 478 2502 affirmare,
511 2467 548 2496 et
579 2462 649 2495 hoc
674 2462 721 2496 ad
754 2474 828 2496 rem
856 2463 1168 2496 demonstrandam
1191 2463 1277 2495 satis
1303 2473 1378 2496 esse
1404 2464 1532 2497 existi-

103 2505 194 2538 mari
231 2505 361 2547 debet,
391 2517 460 2540 nae
492 2512 530 2541 tu
563 2508 671 2542 homo
697 2509 846 2554 insignis
885 2510 1066 2555 longeque
1100 2509 1328 2543 felicissimus
1369 2520 1434 2551 es,
1469 2511 1534 2556 qui

104 2550 196 2585 adeo
229 2552 318 2584 citra
354 2553 515 2587 laborem
540 2555 716 2588 *hostibus
751 2557 822 2588 tuis
848 2555 974 2588 evadas
998 2556 1174 2600 superior.
1221 2556 1267 2588 At
1290 2557 1384 2590 enim
1410 2559 1534 2603 quoti-

106 2597 215 2630 diana
236 2598 403 2641 figmenta
427 2605 489 2633 tua
514 2606 551 2635 et
573 2613 761 2647 perversae
787 2603 970 2641 actiones,
998 2603 1035 2634 in
1060 2602 1192 2646 quibus
1216 2601 1458 2646 deprehensus
1482 2614 1533 2644 es,

108 2643 204 2687 apud
234 2645 367 2677 multos
401 2645 493 2680 hanc
523 2652 559 2680 te
598 2649 733 2682 habere
771 2649 979 2691 opinionem
1017 2659 1089 2681 non
1125 2649 1255 2682 sinent.
1313 2650 1376 2682 Sin
1413 2656 1534 2683 autem

107 2689 201 2723 istuc
236 2701 310 2724 non
347 2692 463 2724 solum
500 2693 626 2739 loqui,
663 2694 726 2728 ned
764 2700 800 2727 et
824 2699 950 2738 putare
973 2695 1180 2727 insanorum
1206 2700 1278 2734 est,
1301 2697 1533 2741 relinquitur,

106 2740 148 2770 ut
169 2736 403 2780 probationes
432 2739 634 2774 afferendae
658 2742 740 2774 sint.
792 2740 914 2784 Quare
943 2741 971 2772 si
1001 2741 1187 2786 quippiam
1210 2740 1459 2775 huiuscemodi
1488 2742 1532 2774 de

105 2791 163 2816 me
188 2783 311 2825 novit,
336 2784 456 2830 palam
479 2797 536 2822 me
561 2786 767 2832 redarguat:
797 2788 852 2821 sin
878 2786 923 2821 ab
952 2787 1025 2823 alio
1052 2798 1089 2822 se
1117 2789 1294 2835 accepisse
1318 2788 1439 2831 dicat,
1475 2793 1531 2822 te-
