1800 3132
534 177 916 221 msTomARUM
957 180 1032 220 ιη.
1071 180 1117 224 6.
1466 157 1540 232 47

106 278 265 332 αὐτόν,
308 273 385 319 οὔκ
431 274 615 333 ἔφασκεν
655 278 810 328 ἐκεῖνος
854 273 1106 333 ἀγαπήσειν,
1154 273 1216 320 εἷ’
1231 274 1292 332 μή
1334 273 1407 318 καὶ
1449 274 1549 332 περὶ
1559 283 1739 332 Α.<Ξ.ι34ι

104 343 259 388 τούτου
305 342 492 386 πείθοιτο
531 339 649 401 αὐτῷ
684 344 769 386 ταῖν
796 337 935 386 ἄλλων
968 346 1131 396 μᾶλλον
1161 345 1279 386 ἕνεκα
1317 339 1345 398 ἢ
1385 342 1546 398 αὐτῆς,

105 407 216 454 ὥστε
242 409 313 452 δια
356 407 520 451 πάντων
558 410 703 459 αὐτοῖς
743 408 1096 466 οἷποφρὰττεσθαι
1131 408 1210 458 τὰς
1247 406 1438 463 γλώσσας
1473 410 1548 450 καί
1555 425 1597 460 ν,
1609 438 1679 473 299

104 475 164 532 μὴ
212 473 426 532 πρόφασιν
469 477 516 517 ἐκ
550 473 703 516 τούτου
745 478 994 531 κακουργίας
1041 477 1116 517 καί
1156 477 1353 530 διαβολῆς
1388 477 1583 528 λαβεῖν.Β

77 537 443 596 δάπαγορευοόσης
464 541 510 582 δὲ
528 536 657 596 αὖτῆς
683 539 756 582 καὶ
781 542 857 582 οὐκ
885 538 1113 596 ἐθελούσης
1130 543 1380 593 πείθεσθαι,
1408 538 1551 582 ἔπεισε

103 604 236 649 πολλοὶ
263 603 420 660 εἰπών,
448 602 506 655 ὥς
532 607 631 661 περὶ
656 605 910 660 οἷναγκαίου,
948 601 1134 648 ἄκουσαν
1163 607 1241 659 μὲν
1269 604 1342 647 καί
1367 603 1462 660 τόγε
1489 605 1552 655 εἷς

105 671 236 727 αὕτὴν
281 667 380 728 ἧκον
407 673 489 714 τῶν
515 670 718 714 τοιούτων
751 670 811 728 μή
842 674 1037 727 δεομένην
1065 669 1330 728 ζητημάτων·
1358 670 1550 714 ἐπειθετο

104 740 146 781 δ’
175 734 252 780 οὖν
290 740 409 781 ἕνεκα
445 738 589 780 αὐτοῦ.
644 737 716 780 ἐπὶ
746 738 909 788 τούτοις
951 740 998 780 δὲ
1026 738 1100 780 καί
1141 737 1272 786 αὐτὸς
1299 737 1447 793 ἡσθείς
1477 735 1552 779 καὶ

104 806 246 846 πᾶσαν
287 805 497 859 λογισμῶν
533 803 793 860 ἀμφιβολίαν
835 800 1120 858 ἀποθέμενος,
1159 805 1325 860 χαίρων
1367 801 1549 859 ἔφασκεν

55 865 185 926 ιοῆδη
212 869 544 927 παραλήψεσθαι
569 869 647 925 τήν
674 869 836 927 α’ρχῆν,
877 872 918 913 εἰ
943 869 1017 912 καί
1042 872 1098 912 δι’
1127 867 1264 926 ὅρκων
1290 871 1448 924 γε’νοιτο
1475 886 1547 910 πι-

99 934 182 979 στοὶ
219 934 272 978 τοὶ
309 937 520 991 εἰρημένα.
574 935 649 978 καὶ
684 932 835 979 αὐτίκα
872 937 1087 979 ἐτελοῦντο
1130 935 1205 978 καί
1231 935 1271 978 οἱ
1299 933 1419 991 ὅρκοι
1445 937 1548 991 παρ’

97 997 303 1057 ἑκατέρων
340 1000 413 1043 ε’πί
455 1002 530 1043 τοῦ
555 998 835 1058 πατριάρχου.
889 1003 984 1044 ἐπεὶ
1009 1003 1056 1045 δὲ
1084 999 1256 1050 ου’δενὸς
1285 1000 1426 1050 αὐτοῖς
1455 1001 1548 1042 ἐνέ-

98 1069 166 1109 δει
191 1065 252 1110 ἔτι
278 1066 381 1123 πρὸς
407 1066 482 1117 τοὶς
509 1066 723 1118 διαλύσεις
743 1099 755 1120 ,
792 1069 960 1122 βασιλὶς
986 1069 1065 1122 μὲν
1090 1066 1196 1110 οἴκοι
1222 1065 1464 1108 ὑπελείπετο
1478 1099 1492 1119 ‚
1520 1062 1546 1106 ὅ

97 1131 229 1187 μέγας
255 1134 302 1175 δὲ
330 1134 572 1186 δομέστικος
599 1128 680 1190 ἤδη
720 1136 862 1176 πᾶσαν
906 1132 981 1190 την
1021 1132 1159 1190 ἀρχὴν
1197 1133 1379 1187 βεβαίως
1407 1130 1543 1186 ἔχων,

51 1197 271 1255 ιδὲξῄεσαν
301 1195 391 1252 ἅμα
418 1196 672 1256 πατριάρχῃ.
727 1201 800 1242 καί
839 1198 943 1255 πρὸς
969 1201 1028 1258 τῷ
1053 1199 1140 1257 ναῷ
1167 1198 1244 1241 τοῦ
1270 1196 1584 1253 μεγαλομάρ-Ε
1619 1242 1621 1245 ,

97 1279 223 1320 τυρος
264 1263 479 1319 γενόμενοι
517 1267 794 1322 Δημητρίου,
835 1261 883 1315 ὃς
911 1267 994 1307 τῶν
1032 1265 1257 1319 βασιλείων
1299 1260 1547 1321 ᾠκοδόμητο

98 1328 240 1383 ἐντὸς,
276 1329 407 1372 πολλὰ
436 1329 510 1373 καί
538 1329 639 1386 πρὸς
668 1328 933 1388 πατριάρχην
960 1329 983 1371 ὅ
1009 1331 1143 1385 μέγας
1168 1329 1412 1383 δομὲοτικος
1440 1329 1546 1370 διει-

98 1395 247 1452 λέχθη.
289 1394 371 1453 ἔφη
398 1395 505 1452 γάρ,
533 1400 761 1439 πεπεῖσθαι
785 1399 865 1451 μὲν
883 1397 956 1439 καί
983 1392 1110 1439 αὐτὸν
1138 1398 1315 1452 σαφῶς,
1345 1394 1403 1444 ὥς
1432 1394 1546 1444 οἴους

98 1460 126 1516 ἦ
153 1461 318 1515 βασιλὶς
345 1463 579 1519 ἐφθέγξατο
607 1460 776 1517 λόγους,
806 1463 994 1505 τοιοῦτον
1014 1464 1087 1504 καί
1112 1460 1158 1504 τὸ
1189 1459 1388 1518 φρόνημα
1415 1458 1546 1515 ἔχειν,

42 1529 377 1582 ποθορυβεῖσθαι
405 1529 452 1569 δὲ
481 1523 611 1577 αὖθις
638 1524 687 1570 οὗ
712 1529 873 1585 μικρῶς
890 1560 903 1582 ,
943 1526 1018 1583 τήν
1047 1528 1272 1570 ἀσθένειαν
1297 1529 1370 1582 τῆς
1396 1541 1546 1581 γυναι-

99 1593 215 1640 κείας
244 1590 413 1648 φύσεως
439 1592 608 1647 εἰδότα,
638 1591 695 1643 ὥς
722 1594 1028 1650 εὐμετάβλητος
1057 1591 1128 1636 διὰ
1158 1594 1344 1646 δειλίαν,
1373 1591 1448 1634 καί
1473 1593 1544 1633 δε-

98 1657 306 1711 δοικέναι,
343 1656 401 1712 μή
445 1653 570 1708 α’ὖτὸς
605 1661 685 1711 μὲν
722 1657 996 1712 α’ναγκάζοιτο
1023 1659 1200 1701 πάντοτε
1226 1663 1409 1713 μακραῖς
1436 1653 1542 1698 oino-

97 1724 268 1777 δημίαις
307 1725 502 1779 χρῆσθαι
542 1721 612 1765 διὰ
640 1721 738 1773 τούς
768 1722 870 1779 πρὸς
898 1722 997 1773 τούς
1023 1726 1258 1779 περιοίκους
1297 1721 1545 1778 βαρβάρους

96 1789 331 1842 πολέμους,
359 1787 398 1830 οἱ
423 1788 684 1846 συκοφάνται
706 1791 754 1831 δὲ
777 1790 1062 1846 οἰκουροῦντες
1083 1790 1264 1832 πείσωσί
1283 1803 1382 1831 ποτε
1409 1786 1545 1844 αὐτὴν

97 1906 328 1950 quieturum,
353 1904 572 1939 domesticus
600 1903 862 1949 respondebat,
886 1905 958 1939 nisi
984 1911 1022 1940 et
1054 1905 1094 1939 in
1117 1904 1188 1939 hoc
1219 1904 1291 1938 sibi
1315 1903 1544 1949 obsequere-

95 1957 175 1992 tur,
222 1952 374 1985 aliorum
404 1962 510 1984 causa
540 1952 672 1996 magis,
699 1962 807 1996 quam
833 1963 913 1986 sua:
950 1959 991 1986 ut
1025 1952 1077 1985 sic
1114 1962 1180 1996 per
1210 1951 1332 1985 omnia
1370 1951 1444 1983 illis
1481 1962 1544 1984 ora

97 1998 372 2032 obstruerentur
394 2005 432 2032 et
454 2009 500 2032 ne
523 1997 610 2031 hinc
633 1997 791 2043 maligue
817 1998 1067 2032 calumniandi
1093 1998 1320 2032 occasionem
1346 2001 1542 2030 sumerent.

95 2044 289 2078 necusanti
323 2054 407 2078 vero
439 2051 477 2079 et
510 2046 664 2084 invitae,
708 2044 806 2090 quod
845 2055 884 2077 se
918 2044 1131 2078 huiusmodi
1165 2042 1441 2090 quaestionibus
1465 2054 1542 2077 non

97 2102 202 2136 egere
232 2091 396 2133 diceret,
435 2091 558 2125 multis
593 2089 714 2125 verbis
738 2096 780 2124 ut
802 2102 878 2125 rem
901 2092 1140 2125 necessariam
1166 2091 1357 2136 persuasit.
1408 2090 1543 2123 Dome-

95 2139 178 2171 stici
210 2139 321 2183 igitur
354 2148 459 2171 causa
495 2139 657 2171 assensit-
716 2138 897 2183 Quocirca
936 2142 974 2172 et
1004 2139 1084 2183 ipse
1119 2138 1342 2171 exhilaratus
1367 2137 1542 2182 omnique

93 2185 354 2230 cogitationum
377 2185 620 2230 perplexitate
644 2185 822 2230 deposita,
842 2196 880 2219 se
906 2186 978 2218 iam
1005 2196 1086 2219 cum
1111 2184 1243 2229 gaudio
1268 2182 1314 2216 ad
1346 2182 1542 2228 imperium

93 2230 352 2265 moderandum
391 2242 470 2265 esse
503 2241 746 2277 regressurum
771 2230 886 2273 dixit,
911 2232 942 2265 si
969 2231 1080 2266 etiam
1105 2236 1325 2264 sacramento
1352 2230 1450 2263 dicta
1474 2229 1563 2262 fir-¹

94 2283 299 2311 marentur:
326 2275 426 2324 qnod
449 2289 532 2312 mox
561 2278 605 2310 ab
630 2283 788 2323 utroque
814 2288 933 2312 coram
959 2277 1163 2323 patriarcha
1186 2278 1322 2311 factum
1352 2280 1416 2309 est.
1453 2276 1540 2309 Per-

92 2323 188 2357 fecta
228 2324 339 2367 igitur
369 2324 621 2368 pacificatione
657 2325 870 2369 imperatrix
904 2323 1004 2358 domi
1040 2325 1183 2358 mansit.
1242 2323 1391 2366 Magnus
1416 2327 1540 2356 autem

93 2370 335 2412 domesticus,
368 2373 480 2404 totius
506 2371 651 2415 imperii
676 2371 942 2415 gubernatione
968 2370 1040 2405 sibi
1066 2371 1298 2409 confirmata,
1322 2379 1402 2402 eum
1425 2370 1543 2414 patri-

92 2417 201 2451 archa
226 2418 374 2451 recessit
399 2423 437 2450 et
460 2417 556 2463 apud
581 2417 708 2451 aedem
738 2419 861 2462 magni
885 2418 1056 2463 martyris
1082 2416 1263 2450 Demetrii
1287 2417 1383 2449 intra
1417 2416 1539 2448 aulam

91 2463 201 2508 longo
227 2473 308 2496 eum
334 2474 499 2498 sermone
524 2463 706 2498 detinuit:
732 2474 863 2509 nempe
887 2463 970 2502 hoe.
1018 2465 1093 2509 Ego
1119 2472 1288 2509 quoque,
1322 2473 1397 2495 non
1430 2462 1540 2496 aliter

91 2521 202 2556 quam
227 2509 398 2551 sentiret,
432 2511 694 2556 imperatricem
719 2510 879 2544 locutam
914 2521 1012 2553 esse,
1044 2511 1151 2555 plane
1177 2508 1294 2543 credo.
1344 2508 1541 2542 Per-turbor

90 2562 215 2590 tamen
254 2567 329 2590 non
373 2557 631 2598 mediocriter,
677 2557 776 2603 quod
818 2561 968 2591 naturae
1006 2556 1198 2591 muliebris
1236 2554 1542 2596 imbecillitatem,

93 2615 199 2649 quam
233 2603 374 2636 sciiicet
408 2604 506 2636 varia
542 2609 579 2637 et
621 2602 668 2636 ob
706 2603 944 2637 timiditatem
981 2602 1170 2637 mutabilis
1206 2603 1255 2636 sit
1278 2612 1475 2647 cognosco:
1502 2606 1541 2634 et

91 2650 187 2682 male
221 2656 362 2690 metuo,
401 2661 448 2683 ue
480 2658 545 2693 ego
578 2649 726 2695 quidem
761 2661 905 2694 semper
937 2656 1086 2695 propter
1118 2649 1219 2683 bella
1252 2659 1334 2691 cum
1372 2647 1538 2681 finitimis

88 2694 254 2729 barbaris
287 2697 412 2730 abesse
444 2696 586 2741 longius
624 2707 749 2741 cogar,
786 2696 1028 2741 sycophantae
1054 2701 1173 2730 autem
1199 2695 1299 2729 domi
1330 2694 1537 2728 desidentes

90 2742 288 2787 aliquando
330 2743 430 2776 illam
462 2749 679 2786 pervertant.
740 2742 851 2787 Quod
887 2749 924 2776 et
955 2743 1040 2776 viris
1066 2742 1105 2776 in
1129 2753 1248 2788 pugna
1274 2740 1535 2775 imbellissimis

89 2788 251 2824 accidere
286 2789 474 2831 videmus,
502 2789 565 2835 qui
601 2800 623 2823 a
657 2788 863 2823 domesticis
888 2789 1064 2835 probrose
1086 2788 1259 2835 increpiti
1285 2793 1322 2823 et
1347 2792 1535 2822 contume-
