1812 3146
1463 177 1489 190 Ν

538 191 916 234 msTofflARUM
958 195 1028 234 ιιι.
1062 194 1132 238 83.
1444 193 1565 247 009

117 290 365 350 ἇνατρέπειν
392 292 465 335 καί
491 295 757 350 διαφθείρειν
785 293 932 348 ἔγνως,
978 298 1051 338 καί
1083 297 1168 338 τῶν
1187 294 1338 352 ’φόνων
1377 297 1455 337 καιἱ
1483 295 1656 337 τῶνΑ,0.
1675 301 1760 347 ι345

116 356 468 414 άνδραποδισμιόν
507 361 660 402 ου’δένα
701 364 802 417 ποιῇ
843 362 992 415 λόγον,
1048 359 1180 412 οὕτως
1221 363 1568 415 ε’κπεπολέμωμαι

121 427 195 466 καί
221 423 351 474 αὐτὸς
397 427 470 466 καί
493 424 595 480 πρὸς
637 429 836 468 τοσοῦτον
874 425 999 481 ἔχθος
1029 427 1255 483 ἕξηγόμην,
1293 424 1398 469 ὥσθ’
1433 428 1568 482 ἡδέως

128 486 180 533 ἂν
216 489 336 540 εἴτις
363 492 646 547 ἀποσφάττειν
680 488 900 549 ἧδυνήθη,
946 491 1023 549 τήν
1060 498 1186 550 χεῖρα
1213 494 1465 549 κατεφίλουν
1500 496 1575 536 καί

94 561 284 603 §noman
327 560 496 613 σωτῆρα
534 560 608 599 καί
647 559 864 615 εὐεργέτην
905 555 959 600 (ἲν
998 558 1220 614 ἐνόμιζον,
1257 561 1309 600 ου’
1335 558 1461 612 μόνον
1491 559 1563 602 διὰ

119 621 196 678 την
222 623 494 679 γεγενημένην
520 622 603 666 ὑπὸ
622 625 698 666 τοῦ
714 627 897 678 πολέμου
920 624 1091 682 φθοράν
1117 627 1162 667 ἐν
1203 625 1383 684 τοσούτῳ
1426 626 1566 685 χρόνῳ

119 689 194 732 καί
227 689 303 744 τὴν
326 689 511 745 μεγάλην
542 691 825 746 κακοπραγίαν
851 693 934 733 τῶν
967 692 1206 746 Ῥωμαίων,
1236 686 1288 747 ἧς
1319 690 1569 734 αἰτιώτατον

119 753 228 798 εἶναι
253 755 576 810 ὑπελάμβανον,
617 754 708 799 ἀλλ’
727 753 793 798 ὅτι
833 759 906 799 καί
943 756 1071 806 αὐτὸς
1109 759 1156 800 ἐκ
1178 759 1373 812 Σαβωΐας
1400 754 1460 800 ὢν
1486 762 1598 813 τῆςΟ

119 822 317 879 πατρῴας
352 822 486 878 ἀρχῆς
526 825 580 880 τῇ
620 822 831 876 βασιλίδι,
877 824 1053 879 φίλτρον
1087 840 1128 865 τι
1163 825 1306 880 τρέφω
1334 823 1441 880 πρὸς
1469 823 1569 873 τους

70 891 281 943 ιοέκείνης
312 890 468 938 παῖδας
509 889 580 931 διά
608 888 683 944 την
721 891 766 931 ἐκ
793 891 871 930 τοῦ
899 890 1045 943 γένους
1071 891 1317 945 κοινωνίαν,
1356 889 1431 932 καὶ
1466 890 1570 946 πρὸς

118 955 194 1010 τήν
224 957 509 1010 κακοπραγίαν
533 954 608 997 καί
638 954 768 1004 αυ’τὸς
795 953 1081 1010 συνάχθομαι.
1127 957 1264 998 καίτοι
1291 971 1338 1010 γε
1367 956 1418 997 οὗ
1451 961 1567 1012 παρὰ

119 1024 202 1064 τῶν
245 1024 379 1077 φίλων
408 1021 561 1074 μόνον,
602 1019 710 1063 ἄλλά
741 1020 814 1063 καί
839 1022 922 1063 τῶν
949 1021 1134 1075 μάλιστά
1171 1038 1237 1064 σοι
1278 1019 1573 1075 πολεμούντων

122 1087 300 1137 πολλοὺς
341 1087 415 1129 καί
458 1088 728 1139 θαυμασίους
769 1088 966 1136 ἐπαίνους
1004 1083 1156 1140 ἤκουον
1198 1089 1444 1139 διεξιόντων.
1499 1087 1575 1130 καὶ

120 1153 195 1208 τήν
226 1171 270 1195 τε
311 1153 442 1209 φύσιν
482 1150 539 1202 ὥς
575 1152 827 1206 θαυμασίαν
881 1153 953 1195 καί
988 1152 1064 1208 την
1106 1148 1283 1209 ἄσκησιν
1320 1154 1573 1210 ἑξαιρόντων

71 1218 194 1273 ιότην
222 1217 326 1273 πρὸς
352 1219 403 1260 τὰ
435 1218 540 1261 καλά
559 1253 574 1272 ‚
603 1219 660 1267 ὥς
687 1221 827 1275 πολλῷ
854 1222 911 1276 τῷ
938 1222 1053 1277 μέσῳ
1081 1219 1180 1268 τούς
1208 1216 1362 1269 ἄλλους
1390 1220 1574 1275 ὑπερβέ-

120 1289 248 1340 βληκε
271 1285 533 1338 Ῥωμαίους,
561 1279 622 1334 οἷς
653 1285 729 1325 οὐκ
759 1282 952 1338 ἐνόμιζον
980 1289 1200 1341 προσέχειν
1228 1288 1340 1338 δεῖν,
1381 1293 1469 1336 τοῖς
1494 1289 1574 1339 μὲν

124 1351 196 1394 διὰ
250 1353 420 1407 φιλίαν,
461 1357 548 1400 τοῖς
590 1353 637 1393 δὲ
681 1353 738 1393 δι’
779 1349 942 1406 ἔχθραν
986 1351 1244 1407 ἀμφοτέροις
1283 1354 1574 1406 ψευδομένοις.

123 1414 215 1458 ἔστι
254 1415 333 1472 γάρ
381 1415 451 1458 ὅτε
486 1419 560 1458 καί
603 1413 725 1459 afim*
771 1415 810 1458 οἱ
852 1419 1131 1470 πολεμοῦντες
1171 1412 1350 1469 αὔξουσι
1389 1424 1477 1467 τοῖς
1503 1420 1570 1473 ὲγ-
1585 1435 1707 1472 ν,5,ο

125 1485 296 1535 κωμίοις
342 1481 439 1531 τούς
477 1481 687 1538 ἐχθρούς,
727 1483 777 1525 ἵν’
807 1481 835 1538 ἢ
874 1482 1123 1538 ἧττηθέντες
1163 1482 1247 1524 ὑπὸ
1288 1483 1481 1538 μεγάλων
1493 1519 1506 1538 ,
1550 1477 1576 1541 ἢ

71 1548 376 1604 αονικήσαντες,
404 1550 580 1603 μέγιστα
610 1546 760 1599 δόξωσι
790 1551 1130 1604 κατωρθωκέναι.
1185 1547 1282 1591 νυνὶ
1307 1552 1355 1591 δέ
1382 1566 1456 1603 μοι
1479 1552 1573 1592 τοῦ·

123 1618 286 1657 ναντίον
313 1613 425 1656 ἅπαν
456 1617 667 1671 περιέστη.
720 1620 807 1665 τοῖς
849 1630 896 1656 τε
926 1614 1008 1671 γὰρ
1038 1613 1370 1668 ἐγκωμιάζουσιν
1398 1618 1612 1667 ἑκείνοιςο

125 1684 202 1722 οὐκ
232 1682 352 1735 ὀλίγα
378 1683 633 1737 μέμφομαι,
663 1680 722 1730 ὥς
760 1679 807 1722 τό
849 1680 954 1722 πολύ
1001 1680 1317 1736 συγκρύπτουσι
1353 1683 1437 1723 τῶν
1471 1683 1576 1736 ἄγα-

124 1749 239 1798 θῶν,
287 1750 360 1789 καί
405 1748 574 1803 ἐμαυτῷ
613 1748 688 1802 τῆς
733 1747 949 1802 α’κρισίας.
1004 1744 1078 1787 καί
1114 1744 1163 1801 δη
1196 1746 1445 1800 μεταβαλών
1483 1744 1579 1791 οἷντί

125 1814 290 1870 ἐχθροῦ
316 1815 388 1856 καί
431 1812 663 1869 κατηγόρου
706 1815 788 1855 τῶν
814 1828 858 1854 τε
885 1809 1069 1866 μάλιστα
1086 1812 1307 1869 γεγένημαι
1328 1815 1579 1870 φιλούντων,

126 1953 205 1982 tere
228 1958 270 1980 ac
295 1946 503 1992 disperdere
527 1946 759 1980 constitueris
789 1950 827 1979 et
846 1945 974 1979 caedes
1002 1945 1268 1991 servitutesque
1292 1946 1400 1980 nihili
1417 1947 1577 1992 pendas:

126 1995 184 2028 his
210 1994 380 2027 omnibus
407 1995 585 2039 cognitis,
615 1998 688 2025 tam
717 1993 842 2028 hostili
870 1993 954 2026 odio
979 1994 1035 2026 tui
1065 1993 1235 2026 incensus
1290 2005 1389 2034 sum,
1416 2000 1457 2027 ut
1483 1995 1577 2028 mul-

126 2046 246 2075 torum
284 2047 498 2074 servatorem
543 2051 584 2072 ac
625 2039 669 2073 de
703 2051 741 2073 re
776 2039 927 2083 publica
963 2039 1058 2072 bene
1098 2040 1268 2072 meritum
1307 2041 1578 2074 existimaturus

130 2086 323 2134 eidemque
349 2099 492 2121 manum
521 2087 744 2121 osculaturus
767 2087 910 2126 fuerim,
937 2087 1000 2131 qui
1030 2092 1067 2119 te
1091 2086 1256 2130 iugulare
1281 2087 1478 2131 potuisset:
1505 2099 1580 2120 non

130 2135 247 2168 solum
285 2140 432 2180 propter
466 2135 605 2169 cladem
640 2144 680 2166 ac
705 2138 843 2178 pestem
868 2138 970 2165 tanto
999 2132 1089 2165 belli
1116 2138 1277 2177 tempore
1314 2134 1482 2167 Romanis
1510 2135 1579 2166 im·

130 2187 338 2226 portatam,
374 2181 475 2215 cuius
510 2187 544 2214 te
579 2181 834 2226 primigeniam
878 2190 1019 2212 causam
1054 2179 1275 2220 credebant,
1313 2180 1377 2213 sed
1411 2180 1511 2226 quod
1545 2186 1583 2216 et

131 2229 232 2274 ipse,
268 2238 348 2260 cum
372 2227 563 2260 Sabaudus
597 2227 687 2267 sim,
711 2238 731 2260 e
757 2231 908 2271 paterno
935 2226 1072 2259 scilicet
1096 2226 1302 2271 principatu
1327 2228 1584 2271 imperatricis,

134 2275 181 2310 ob
219 2274 509 2308 communionem
554 2273 717 2319 generis,
758 2275 870 2318 ipsam
906 2278 944 2306 et
976 2274 1053 2306 eius
1090 2273 1225 2306 liberos
1262 2283 1343 2306 amo
1384 2285 1583 2320 eorumque

132 2321 346 2354 infortuniis
371 2321 539 2354 similiter
563 2321 683 2354 doleo.
731 2321 891 2354 Tametsi
918 2330 993 2352 non
1017 2320 1062 2352 ab
1092 2319 1216 2352 amicis
1241 2320 1312 2352 tuis
1339 2325 1494 2362 tantum,
1521 2320 1586 2353 sed

135 2374 171 2402 et
198 2367 441 2401 infestissimis
466 2367 632 2401 hostibus
669 2367 800 2400 multas
840 2367 1066 2412 eximiasque
1091 2365 1218 2399 laudes
1243 2371 1324 2399 tuas
1351 2367 1486 2408 audivi,
1506 2378 1586 2400 cum

135 2421 174 2449 et
196 2419 344 2448 naturae
374 2414 628 2458 praestantiam
652 2419 689 2447 et
712 2413 947 2447 honestarum
973 2423 1091 2446 rerum
1117 2412 1428 2454 exercitationem,
1453 2414 1586 2460 quibus

132 2461 304 2496 Romanis
331 2461 507 2494 universis
532 2461 640 2506 longo
666 2461 857 2494 intervallo
882 2460 1062 2501 antestes,
1088 2461 1126 2492 in
1153 2463 1190 2493 te
1214 2460 1443 2499 extollerent,
1492 2460 1587 2506 Qui·

137 2508 207 2543 bus
246 2507 364 2541 nihilo
399 2507 519 2540 minus
557 2507 642 2542 ideo
673 2518 748 2540 non
775 2519 853 2540 sum
876 2517 1041 2540 assensus
1058 2531 1067 2547 ,
1093 2506 1192 2551 quod
1219 2512 1417 2552 utrosque,
1443 2512 1480 2541 et
1504 2509 1587 2540 illos

140 2567 183 2588 ex
221 2565 343 2588 amore
378 2558 416 2586 et
442 2553 528 2586 istos
567 2565 611 2588 ex
643 2553 728 2587 odio
754 2554 902 2587 mentiri
930 2554 1186 2590 existimarem.
1234 2553 1296 2586 Est
1320 2553 1415 2586 enim
1440 2555 1587 2600 quando

141 2607 178 2635 et
212 2600 335 2634 hostes
367 2599 532 2634 hostibus
571 2601 714 2634 illustre
745 2599 981 2645 praeconium
1021 2600 1257 2643 impertiunt,
1293 2604 1335 2632 ut
1365 2605 1429 2633 aut
1461 2602 1588 2634 victia

141 2649 303 2691 maguis,
337 2653 399 2680 aut
436 2646 590 2681 victores
615 2658 825 2691 magnorum
852 2647 953 2678 beati
977 2656 1018 2678 ac
1053 2646 1179 2679 felices
1217 2646 1435 2685 habeantur,
1483 2647 1589 2680 Nunc

142 2694 232 2728 mihi
268 2705 414 2738 prorsus
451 2700 576 2727 contra
610 2693 781 2738 contigit:
817 2705 897 2725 nam
923 2698 960 2726 et
986 2693 1060 2725 illis
1086 2693 1322 2726 laudantibus
1348 2705 1421 2727 non
1444 2694 1587 2727 medio-

144 2742 253 2774 criter
294 2751 509 2781 succenseo,
543 2745 613 2773 tam
649 2742 763 2772 multa
802 2749 893 2784 quae
927 2739 965 2770 in
997 2744 1033 2772 te
1068 2745 1153 2772 sunt
1175 2738 1271 2774 bona
1296 2740 1524 2774 tacentibus:
1551 2745 1588 2772 et

144 2786 235 2821 mihi
270 2787 493 2832 imperitiam
529 2787 848 2833 temeritatemque
885 2785 1014 2820 iudicii
1050 2785 1239 2832 exprobro.
1289 2788 1335 2823 Et
1358 2787 1430 2821 iam
1456 2797 1589 2820 immu-
