1820 3152
289 170 402 239 554
811 191 1179 235 οΑΝΤΑευΖΕΝι

91 296 278 343 Α.β.ι346
291 288 405 347 ἥκειν
431 289 538 347 πρὸς
569 291 721 334 αὐτόν·
763 294 992 337 δεδοικέναι
1030 294 1110 351 γὰρ
1157 295 1467 353 ἀπερισκέπτως
1503 292 1611 340 οὕτω
1651 297 1723 340 καὶ

235 363 268 396 D
283 358 416 412 χωρίς
435 353 570 413 ὅρκων
588 357 693 413 πρὸς
713 358 841 402 αὕτὸν
860 362 1021 404 ἐλθεῖν·
1055 362 1154 404 ου’δὲ
1170 361 1250 418 γαρ
1276 361 1481 419 ἐξηρνεῖτο
1510 362 1556 405 τὸ
1576 366 1627 421 τῇ
1641 367 1720 418 βα-

282 424 413 465 σιλίδι
442 426 540 479 περὶ
560 427 638 465 τοῦ
664 433 926 481 προσχωρεῖν
955 427 1063 485 αὐτῇ
1091 429 1398 484 διαλεχθῆναι,
1429 427 1537 481 μετὰ
1571 427 1720 486 μικρὸν

283 489 332 531 δὲ
363 490 626 545 ἐπηγγέλλετο
650 489 754 546 πρὸς
772 493 949 546 βασιλέα
975 495 1179 548 πέμψειν,
1205 489 1355 549 ὅρκους
1380 493 1563 550 αἰτήσων
1586 496 1720 550 α’μνη-

282 555 402 604 στίας
437 554 538 611 περὶ
575 558 649 611 τῆς
678 556 947 608 ἃποστασίας.
986 562 1136 603 ,ταῦτα
1165 561 1212 602 δὲ
1238 558 1415 615 σκήψεις
1448 561 1521 602 καί
1549 557 1745 616 προφά-5

281 637 371 671 σεις
397 617 528 678 ἦσαν·
557 621 663 666 ἄλλα
693 622 768 679 τὴν
795 625 842 666 ἐκ
871 626 1040 675 Λυδίας
1067 628 1298 681 περιμένων
1328 623 1554 682 στρατιὰν,
1588 641 1720 682 φενα-

281 686 409 738 κίζειν
435 689 667 746 ἐπεχείρει,
701 684 826 746 ἄχρις
853 685 907 732 οὗ
937 690 1119 744 δύναμιν
1143 690 1395 747 κτησάμενος
1412 693 1609 745 βεβαίαν,
1641 705 1719 732 πο-

281 753 451 808 λεμήσει
478 754 583 809 πρὸς
610 757 765 798 ἐκεῖνον
792 760 993 814 φανερῶς.
1047 755 1248 811 βασιλευς
1282 758 1327 799 δὲ
1354 754 1596 810 ποιούμενος
1622 757 1720 812 περὶ

280 821 478 862 πλείστου
496 819 717 877 Βατὰτζην
756 820 892 877 ἔχειν,
932 819 1002 880 (ἦν
1029 821 1108 878 γὰρ
1147 821 1272 877 λόγου
1300 818 1414 873 ἄξιος
1446 821 1468 863 ὅ
1499 820 1606 878 ἀνὴρ
1625 855 1637 875 ,
1667 821 1718 863 οὖ

280 887 447 927 συνέσει
484 885 636 941 μόνον,
675 887 783 930 α’λλοὶ
819 889 893 931 καί
923 891 1117 945 ἐμπειρίᾳ
1153 890 1230 930 καί
1262 886 1388 945 τόλμῃ
1428 889 1482 945 τῇ
1512 889 1617 930 κατὰ
1645 885 1773 936 frigio

281 949 425 1004 μάχας
435 954 468 1009 ,)
496 951 570 994 καί
594 955 733 995 πᾶσαν
760 953 948 1010 σπουδὴν
978 956 1295 996 ἐπιδείκνυσθαι
1322 956 1409 996 δεῖν
1435 950 1620 1007 οἰόμενος
1645 954 1721 995 τοῦ

281 1015 342 1071 μὴ
371 1016 593 1074 Βατάτζην
620 1020 724 1076 πρὸς
750 1019 847 1071 τούς
883 1023 1108 1074 πολεμίους
1135 1020 1390 1076 ἀποστῆναι,
1431 1022 1537 1077 (τοῖς
1561 1017 1642 1074 γάρ
1676 1019 1722 1060 ἐν

202 1142 205 1145 ⁸
282 1084 502 1142 Βυζαντίῳ
531 1080 652 1128 οὖσιν
679 1082 862 1142 ἄρχουσι
889 1085 1042 1143 πολλὴν
1067 1083 1236 1144 συνῄδει
1264 1086 1464 1139 α’τολμίαν
1490 1086 1564 1127 καί
1602 1086 1722 1126 α’πει-

154 1148 270 1194 Ρ.’664
286 1149 382 1204 ρίαν
409 1148 515 1192 κατὰ
545 1150 623 1200 τὰς
657 1151 801 1207 μάχας
820 1155 853 1208 ,)
885 1152 1130 1209 Νικηφόρον
1157 1151 1337 1206 ἔπεμπεν
1363 1147 1492 1201 αὖθις
1526 1150 1600 1193 τὸν
1624 1153 1721 1193 Με-

276 1216 464 1270 τοχίτην,
507 1214 555 1266 ὃς
580 1217 657 1272 τήν
688 1218 868 1272 μεγάλου
897 1220 1118 1273 λογοθέτου
1147 1215 1322 1273 ὕστερον
1348 1220 1540 1272 τετίμητο
1573 1217 1694 1268 ἀξίαν
1704 1211 1772 1270 ,15

277 1276 427 1334 ὅρκους
459 1284 680 1334 κομίζοντα
712 1284 968 1338 α’μνηστίας,
1018 1285 1090 1325 καί
1128 1286 1248 1340 ἕτερα
1291 1278 1392 1325 ἅττα
1421 1280 1721 1336 ἐπαγγελλόμε-

275 1360 367 1401 νον,
421 1343 448 1387 ἃ
477 1348 630 1397 ἐκεῖνος
661 1346 819 1404 ἔφασκε
850 1349 1082 1403 βούλεσθαι
1110 1351 1283 1402 πέμψας
1311 1349 1440 1390 αἰτεῖν
1467 1346 1572 1402 πρὸς
1598 1350 1722 1401 βασι-

275 1413 366 1472 λέα.χ
423 1413 660 1468 Μετοχίτης
690 1416 735 1457 δὲ
766 1417 859 1457 έπεί
885 1417 1035 1470 σαφῶς
1074 1413 1177 1468 ἔγνω
1218 1412 1443 1468 Βατάτζην
1480 1409 1721 1455 α’ποστάντα

275 1480 505 1532 βασιλέως,
538 1474 636 1534 (ἤδη
664 1478 745 1535 γάρ
780 1480 853 1522 καί
879 1478 1110 1536 ἧΠερσικὴ
1142 1477 1319 1534 στρατιὰ,
1349 1478 1452 1521 κατὰ
1484 1478 1560 1534 τὴν
1593 1479 1718 1533 Τηρί-

278 1556 429 1585 στασιν
457 1545 663 1598 διέβαινεν
693 1547 738 1588 ἐκ
766 1548 842 1600 τῆς
867 1546 1011 1595 Ἀσίας
1029 1579 1042 1598 ,
1071 1543 1124 1601 ἢν
1151 1545 1369 1600 Βατάτζης
1400 1543 1472 1586 ἐπὶ
1500 1540 1775 1600 συμμαχίᾳ20

278 1611 605 1667 μετεπέμπετο,)
635 1610 812 1665 τάχιστα
844 1612 1134 1667 ἀναστρέψας,
1164 1607 1390 1666 ἀπήγγελλε
1418 1609 1493 1666 τὴν
1539 1610 1721 1651 duom-a-

280 1675 376 1715 σίαν
400 1678 587 1729 βασιλεῖ,
631 1676 702 1718 καὶ
741 1677 796 1726 ὥς
833 1673 914 1733 ἤδη
946 1680 1020 1720 καί
1045 1678 1292 1731 συμμαχίαν
1333 1674 1444 1731 ἔχων
1474 1674 1720 1730 Περσικὴν,

245 1740 358 1782 Bw&
384 1745 568 1795 πολέμου
599 1739 770 1796 ἅψαιτο.
823 1747 993 1798 βασιλεῖ
1030 1745 1077 1786 δὲ
1107 1740 1244 1785 ἐδόκει
1273 1745 1352 1797 μὲν
1376 1736 1504 1791 αὖθις
1535 1741 1723 1798 ἆναφαί-
1768 1782 1783 1796 ,

380 1821 436 1855 23.
459 1822 532 1867 μὲν
556 1833 626 1856 om.
648 1822 695 1855 M.

289 1903 366 1939 rot,
400 1898 599 1942 facturum,
631 1911 723 1947 quae
760 1906 902 1947 rogaret
935 1903 1067 1936 omnia.
1130 1903 1291 1935 ssatatzes
1323 1911 1361 1936 se
1394 1912 1588 1941 excusare,
1626 1899 1726 1945 qnod

289 1946 559 1981 inconsiderate
600 1953 637 1981 et
682 1950 760 1982 sine
791 1950 959 1983 cautione
999 1948 1194 1982 iuramenti
1229 1949 1330 1981 iilius
1370 1949 1494 1981 venire
1526 1949 1725 1979 metueret:

290 2003 374 2026 nam
413 2005 493 2027 cum
533 1996 759 2039 imperatrice
794 1996 839 2029 de
864 2007 927 2030 sua
951 1994 996 2030 ad
1021 1996 1122 2029 illam
1152 1996 1368 2029 transitione
1395 1996 1509 2039 egisse
1535 1993 1634 2027 haud
1656 2004 1725 2026 ne-

293 2041 421 2084 gabat:
458 2043 644 2088 pauloque
678 2046 760 2088 post
799 2042 844 2074 ad
878 2044 1132 2087 imperatorem
1164 2042 1354 2075 missurum
1385 2047 1423 2075 et
1458 2044 1721 2074 sacramentum

291 2099 402 2131 super
436 2087 622 2122 oblivione
658 2089 886 2122 discessionis
928 2100 1014 2123 suae
1046 2090 1246 2134 petiturum
1288 2087 1534 2132 promittebat.
1591 2088 1724 2120 Verum

291 2135 353 2168 hic
389 2140 531 2170 tantum
562 2137 666 2170 fucus
701 2141 794 2170 erat:
836 2137 970 2170 etenim
996 2148 1016 2171 e
1042 2135 1156 2181 Lydia
1186 2134 1306 2179 copias
1340 2134 1585 2179 praestolans,
1613 2132 1723 2167 verba

293 2183 328 2214 ei
364 2181 449 2215 dare
485 2184 695 2223 conabatur,
736 2182 864 2224 donec,
895 2188 992 2216 certo
1025 2182 1178 2216 conflato
1208 2181 1394 2222 exercitu,
1431 2181 1529 2214 bello
1563 2191 1643 2213 cum
1678 2189 1722 2213 eo

293 2233 420 2272 aperto
453 2228 675 2264 decerneret.
733 2224 934 2274 Imperator
966 2228 1062 2263 nihil
1098 2233 1170 2261 tam
1204 2229 1375 2272 cupiens,
1413 2238 1520 2281 quam
1553 2228 1725 2261 Batatzen

292 2286 413 2308 secum
445 2274 596 2318 habere,
627 2277 732 2322 (erat
767 2276 946 2320 siquidem
978 2277 1032 2309 vir
1063 2275 1127 2308 ille
1161 2284 1236 2307 non
1269 2274 1460 2319 prudentia
1500 2273 1630 2314 modo,
1658 2272 1724 2305 sed

292 2322 536 2366 experientia,
570 2325 657 2358 item
682 2327 719 2355 et
754 2322 888 2356 bellica
915 2321 1131 2356 fortitudine
1153 2320 1434 2364 memorabilis,)
1455 2325 1492 2354 et
1516 2320 1614 2355 omni
1639 2319 1727 2353 dili-

295 2369 416 2413 gentia
450 2371 647 2403 curandum
675 2380 844 2409 censens,
872 2379 919 2402 ne
953 2379 1032 2401 cum
1060 2368 1227 2401 hostibus
1255 2378 1332 2401 sese
1364 2368 1613 2411 coniungeret,
1644 2365 1724 2412 (qui

296 2415 392 2447 enim
427 2421 528 2450 erant
562 2416 725 2461 Byzantii
759 2416 1066 2450 administratores
1104 2414 1268 2460 imperii,
1315 2424 1375 2448 eos
1410 2413 1557 2448 timidos
1597 2419 1635 2447 et
1671 2412 1725 2446 rei

295 2461 464 2495 militaris
488 2463 596 2497 rudes
623 2474 701 2498 esse
725 2462 963 2507 cognoveram
985 2460 1227 2506 Nicephorum
1252 2459 1493 2502 Metochiten,
1518 2460 1580 2507 qui
1605 2459 1724 2503 magni

296 2508 505 2551 logothetae
541 2516 667 2556 postea
701 2508 911 2553 dignitatem
932 2507 1131 2548 obtinuit,
1166 2518 1305 2541 rursum
1340 2506 1440 2540 misit
1485 2508 1724 2542 iuramentum

292 2553 503 2599 ιῖμνηστίας
543 2563 580 2590 et
604 2557 675 2590 alia
708 2557 1004 2601 promittentem,
1040 2566 1133 2600 quae
1157 2555 1220 2588 illc
1245 2554 1442 2599 petiturum
1472 2565 1510 2587 se
1536 2552 1724 2587 confirma-

295 2606 359 2634 rat.
407 2601 453 2634 At
476 2603 713 2643 Metochites‚
738 2602 835 2647 quod
864 2602 1052 2648 perspicue
1077 2601 1225 2643 sciebat,
1247 2602 1414 2634 Batatzen
1441 2600 1486 2633 ab
1510 2600 1726 2644 imperatore

298 2648 501 2689 descivisse,
538 2651 626 2695 (iam
665 2650 761 2683 enim
795 2660 920 2682 manus
954 2648 1091 2682 Persica
1120 2659 1186 2694 pro
1214 2647 1378 2681 subsidio
1410 2645 1545 2680 abillo
1580 2649 1726 2679 evocata

298 2696 498 2729 Teristasin
529 2707 572 2729 ex
592 2698 675 2730 Asia
698 2695 917 2737 transierat‚)
934 2695 1103 2730 citissime
1131 2705 1290 2728 reversus
1313 2693 1347 2727 ei
1374 2692 1613 2727 defectionem
1642 2702 1725 2723 nar-

297 2748 373 2782 rat,
399 2746 435 2775 et
459 2742 529 2774 iam
554 2743 692 2777 Persico
720 2742 889 2776 fidentem
913 2742 1051 2777 auxilio
1074 2741 1120 2775 ad
1145 2740 1281 2775 benum
1309 2739 1466 2784 aggredi.
1515 2739 1722 2783 Imperatori

297 2789 479 2823 calamitas
504 2788 739 2835 redintegrari
765 2789 975 2829 videbatur:
1001 2799 1071 2827 una
1096 2788 1190 2825 enim
1219 2799 1298 2829 cum
1324 2787 1466 2824 Batatze
1492 2797 1564 2821 non
1587 2795 1723 2836 paucae
