1812 3132
517 175 895 220 msTomAnnM
935 179 1009 219 111.
1037 182 1106 224 23.
1449 177 1466 212 ι
1480 157 1554 226 43

111 282 275 324 σασθαι
302 276 541 333 ἔπικαιρὸν,
570 277 629 326 ὥς
658 280 711 320 δι’
738 279 895 334 ἐκείνης
925 279 1198 333 δυνησόμενος
1226 278 1464 335 ἀνατρέψαι
1483 279 1557 320 καί
1568 282 1752 330 Δ.0.ι34ι

115 347 297 399 συγχέαι
331 341 432 391 τούς
470 341 569 398 περὶ
605 342 772 398 εἰρήνης
799 344 960 398 λόγους.
1013 347 1088 385 καί
1116 342 1302 394 α’ναστὰς
1328 341 1461 392 εὔθύς
1486 344 1565 383 τοῦ

119 410 340 466 συνεδρίου
362 409 436 450 καί
450 409 501 466 τῇ
514 410 633 464 χειρί
647 409 901 457 κατασείσας
918 408 1094 464 σιωπήν,
1125 411 1224 462 πρίν
1242 426 1281 451 τι
1296 413 1511 464 προειπεῖν
1531 404 1563 463 ἢ

114 476 191 532 τὴν
210 476 362 527 αἰτίαν,
382 476 427 524 ἐξ
454 469 502 529 ἧς
519 475 578 524 εἷς
594 476 764 516 τοιαῦτα
783 473 964 530 ὥρμητο,
984 478 1232 529 προσθεῖναι
1244 508 1255 526 ,
1283 474 1437 524 πολλὰς
1455 473 1564 516 κατά
1579 478 1616 516 Ρ.
1631 478 1698 523 423

88 538 296 596 5μεγάλου
315 539 560 593 δομεστίκου
578 536 724 594 ὕβρεις
744 537 912 596 διεξῄει,
934 543 1130 593 πολέμιον
1150 539 1288 582 κοινὸν
1305 542 1378 582 καί
1391 535 1564 582 ἄπιστον

113 609 369 661 βασιλεῦσιν,
391 603 584 661 ἑπίορκόν
601 620 644 645 τε
658 606 731 646 καί
746 604 1007 658 ψευδόμενον
1022 604 1080 654 ὥς
1097 604 1150 646 τά
1169 604 1299 647 πολλά
1313 608 1467 655 καλῶν,
1491 604 1568 647 καὶ

114 676 352 714 τελευταῖον
372 672 433 720 εἰς
452 667 634 725 αἰσχρὰς
664 671 739 711 καί
757 670 1059 726 ἀνελευθέρους
1089 673 1307 726 κατέληγεν
1334 670 1566 724 ἐπιτιμίας.

115 735 224 790 ἔχων
244 737 290 778 δὲ
309 738 408 792 περί
428 732 559 777 αι’τόν
582 733 762 784 πολλοὺς
779 735 934 788 ὁμοίως
957 751 1003 777 τε
1021 734 1229 791 ὑβριστάς
1259 738 1336 778 καί
1353 736 1460 792 πρὸς
1478 738 1565 778 πᾶν

117 803 335 851 ἀναιδείας
358 807 515 855 χωρεῖν
537 797 712 853 ἓτοᾲιως
733 802 1168 856 παρεσκευασμένους,
1191 802 1379 844 ἐκέλευεν
1395 803 1567 858 ἐρεσχε-

67 871 204 916 mast»
219 866 319 917 τούς
333 868 538 922 πρέσβεις.
568 866 642 908 καί
655 869 732 908 τοῦ
747 869 941 920 μοναχοῦ
954 868 1034 920 μὲν
1055 864 1281 921 ἁπτόμενοι
1298 870 1492 923 θρασέως
1509 866 1567 921 „o‘

116 935 192 975 τοῦ
221 935 578 988 Καντακουζηνοῦ
611 931 902 988 πατριάρχης”
928 930 1114 986 ἐπεβόων
1147 933 1362 987 ,,οὖτοσί,”
1398 948 1569 988 χριστε-

115 1000 328 1054 μπαίκτην
342 999 415 1040 καί
428 997 659 1053 ὑποκριτήν
671 997 746 1039 καὶ
754 1000 932 1040 τοιαῦτα
948 993 1049 1040 ἅττα
1065 997 1278 1053 δεινότερα
1291 999 1570 1054 προσαγορεύ-

121 1080 246 1114 οντες.
259 1062 580 1120 Σγουρόπουλόν
594 1080 641 1105 τε
659 1063 816 1117 ὅμοίως
832 1062 965 1105 πολλὰ
986 1067 1332 1120 περιυβρίσαντες
1347 1064 1421 1106 καί
1433 1065 1572 1106 λοιδο-

119 1131 364 1185 ρησάμενοι,
392 1126 481 1172 εἶτα
509 1129 796 1185 ἀμφοτέρους,
821 1129 884 1178 εἰς
911 1127 964 1184 ἢν
990 1129 1212 1181 ἐξενίζοντο
1234 1131 1380 1182 οἰκίαν,
1413 1125 1572 1185 ἐφρού-

69 1208 222 1252 «5ρουν
254 1195 492 1251 α’προῖτους.
546 1195 714 1250 βασιλὶς
739 1196 812 1246 δὲ,
856 1194 940 1238 εἴτε
978 1198 1050 1238 καί
1072 1192 1180 1250 αὕτη
1209 1193 1312 1251 πρὸς
1338 1192 1390 1236 τά
1419 1198 1614 1249 παρα-Β

119 1264 251 1316 γμένα
278 1263 410 1316 μηδὲν
437 1257 760 1316 ἆγανακτοῦσα,
791 1260 871 1303 εἴτε
897 1256 979 1317 ἤδη
1008 1259 1080 1303 καί
1107 1254 1374 1303 ἀναστέλλειν
1393 1258 1470 1308 τὰς
1486 1262 1571 1302 ταῖν

120 1326 435 1379 στασιαζόντων
474 1325 608 1383 ὁρμάς
645 1323 696 1369 οὗ
727 1328 935 1382 δυναμένη
955 1359 967 1381 ,
1006 1321 1152 1382 ἤνεγκε
1180 1327 1290 1382 σιγῇ.
1346 1325 1386 1368 οἱ
1414 1328 1461 1367 δὲ
1489 1327 1572 1367 τῶν

123 1390 375 1448 πραγμάτων
403 1387 602 1449 ἄρχοντες
628 1395 684 1450 τῇ
708 1392 893 1448 μεγάλου
913 1394 1159 1446 δομεστίκου
1196 1391 1329 1448 μητρὶ
1363 1390 1467 1434 κατὰ
1494 1389 1572 1446 τήν

122 1459 259 1501 οἰκίαν
287 1461 487 1516 διαγούσῃ
516 1455 607 1512 ἅμα
637 1461 695 1518 τῷ
723 1458 875 1517 ἐγγόνῳ
903 1459 1152 1516 Ἀνδρονίκῳ
1182 1455 1352 1500 πλείονά
1369 1473 1415 1499 τε
1434 1473 1573 1513 φρου-

70 1523 205 1579 αορὰν
232 1524 428 1579 ἐφίστουν
456 1523 530 1565 καί
555 1525 865 1580 ἀσφαλέστερον
891 1524 1082 1580 ἐτήρουν.
1142 1525 1237 1567 έπεί
1266 1525 1313 1565 δὲ
1343 1522 1365 1564 ὅ
1397 1521 1574 1576 πόλεμος

63 1637 71 1650 ι
126 1593 174 1632 έν
205 1591 424 1647 Βυζαντίῳ
455 1584 533 1645 ἤδη
563 1593 767 1646 λαμπρῶς
795 1590 982 1646 ἀνήφθη,
1012 1589 1147 1632 ἐδόκει
1177 1591 1264 1632 δεῖν
1291 1588 1366 1630 καί
1392 1588 1470 1639 τὰς
1498 1584 1573 1630 ἄλ-

125 1661 205 1705 λας
240 1654 381 1704 πόλεις
421 1655 494 1697 καί
529 1654 700 1709 μείζους
730 1659 803 1697 καί
828 1654 1033 1705 ἐλάσσους
1058 1656 1456 1712 προσεταιρίζεσθαι
1482 1669 1575 1697 πει-

225 1768 275 1791 ιι.
293 1756 595 1802 χριστεπέμκτην
617 1755 667 1790 Μ.
691 1766 760 1800 mg.
834 1766 889 1790 οι.
917 1746 1095 1802 λαμπρὸς
1120 1753 1156 1788 Ρ.

127 1846 264 1892 quibus
288 1846 335 1879 ‹le
359 1855 447 1890 pace
471 1853 653 1879 sermones
679 1842 904 1876 confundere
929 1849 1041 1890 atque
1068 1846 1231 1879 evertere
1265 1848 1407 1889 posset,
1440 1854 1574 1889 oppor-

128 1899 218 1927 tune
256 1903 404 1926 usurum
431 1902 468 1924 se
507 1890 738 1924 existimavit.
800 1890 845 1922 Et
867 1889 968 1923 illico
994 1890 1034 1923 in
1064 1901 1232 1924 consessu
1266 1901 1413 1935 surgens
1445 1902 1575 1924 manu-

131 1950 205 1985 que
230 1939 416 1973 silentium
442 1938 629 1976 indicens,
654 1937 866 1982 priusquam
890 1937 1116 1981 praefaretur
1140 1942 1204 1970 aut
1238 1947 1382 1970 causam
1414 1937 1574 1970 adduce-

131 1992 206 2026 ret,
245 1986 291 2019 ob
325 1996 432 2031 quam
466 1985 538 2018 huc
569 1984 749 2023 ferretur,
780 1983 894 2016 multa
930 1984 1097 2017 adversus
1135 1994 1303 2027 magnum
1337 1982 1597 2022 domesticum,

131 2031 324 2066 maledicta
355 2031 595 2076 congerebat,
633 2041 858 2064 communem
891 2029 1057 2071 hostem,
1089 2029 1369 2075 imperatoribus
1403 2028 1575 2072 infidum,

131 2080 339 2124 periurum,
365 2077 680 2123 mendaciloquum
708 2077 899 2110 nominans
923 2076 1143 2123 tandemque
1166 2078 1207 2110 in
1230 2076 1339 2110 foeda
1374 2081 1411 2109 et
1447 2076 1578 2110 illibe-

133 2126 225 2159 ralia
250 2125 411 2159 convicia
437 2125 617 2158 desinens.
666 2124 711 2155 Et
733 2123 819 2168 quia
844 2123 992 2157 comites
1027 2122 1207 2164 habehat,
1246 2120 1320 2156 sibi
1351 2123 1576 2158 maledicen-

133 2172 185 2205 tia
205 2172 342 2206 nimiles
363 2177 400 2205 et
426 2170 471 2204 ad
495 2181 640 2204 omnem
663 2170 955 2203 inverecundiam
983 2170 1163 2214 proiectos
1179 2195 1189 2209 ,
1213 2169 1406 2214 imperavit
1428 2169 1503 2203 illis
1533 2171 1576 2205 in

134 2219 272 2263 legatos
297 2223 466 2264 torquere
491 2222 694 2250 scommata.
746 2218 795 2250 Ac
827 2217 1042 2250 monachum
1075 2217 1224 2262 quidem
1256 2214 1486 2259 impudenter
1519 2216 1576 2249 la-

137 2269 320 2306 cerantes,
345 2264 612 2298 acclamabant:
638 2263 698 2296 bic
722 2269 778 2297 est
802 2263 1044 2297 Cantacuzeni
1069 2261 1289 2308 patriarcha,
1315 2262 1445 2296 illusor
1469 2262 1576 2297 Chri-

136 2312 184 2345 sti
213 2316 250 2344 e't
273 2310 484 2355 hypocrita,
526 2315 564 2344 et
587 2310 667 2343 aliis
692 2310 834 2343 demum
855 2309 1240 2344 contumeliosioribus
1275 2308 1460 2342 vocabulis
1492 2319 1575 2344 eum

134 2357 426 2403 proscindebant.
474 2357 715 2402 Sguropulum
741 2368 886 2402 quoque
910 2358 1019 2390 variis
1045 2357 1186 2402 probris
1207 2365 1381 2400 perquam
1398 2356 1575 2390 iniuriose

137 2404 354 2437 lacerabant.
412 2403 553 2437 Deinde
585 2403 711 2436 ambos
745 2403 784 2435 in
817 2402 990 2444 aedibus,
1016 2403 1080 2436 ubi
1108 2403 1408 2443 diversabantur,
1435 2403 1487 2436 ita
1513 2414 1578 2437 cu-

139 2450 370 2489 stodierunt,
402 2453 443 2481 ut
477 2449 599 2495 egredi
637 2460 813 2495 nusquam
848 2454 1004 2494 possent.
1069 2450 1117 2483 At
1152 2449 1385 2493 imperatrix,
1419 2461 1466 2482 an
1490 2451 1577 2503 quia

139 2496 269 2530 horum
306 2497 361 2530 illi
388 2495 496 2529 etiam
529 2495 624 2530 nihil
647 2495 816 2536 dolebat,
839 2507 885 2529 an
910 2498 996 2543 quia
1032 2495 1286 2529 seditiosorum
1321 2494 1477 2539 impetus
1503 2506 1577 2529 lam

142 2545 337 2588 reprimere
371 2548 407 2575 et
431 2552 594 2576 coercere
623 2554 697 2577 non
722 2548 889 2588 poterat,
914 2543 1062 2577 silentio
1087 2543 1158 2588 ista
1180 2541 1328 2575 ferebat.
1378 2542 1578 2576 Archontes

145 2600 207 2622 seu
245 2589 420 2635 primores
455 2589 533 2629 illi,
565 2589 604 2621 in
644 2601 797 2635 quorum
827 2590 993 2623 manibus
1028 2589 1097 2621 iam
1127 2593 1205 2621 erat
1232 2599 1288 2621 res
1310 2588 1479 2632 publica,
1502 2600 1579 2622 ma-

145 2642 236 2669 trem
264 2636 384 2680 magni
415 2634 603 2668 domestici
628 2647 706 2669 cum
731 2641 864 2679 nepote
888 2635 1093 2669 Andronico
1119 2633 1216 2667 domi
1242 2634 1437 2674 inclusam,
1472 2642 1579 2668 aucta

142 2682 330 2723 custodia,
358 2682 472 2715 tutius
499 2680 699 2717 servabant.
749 2681 820 2715 Ubi
845 2683 935 2716 belli
963 2683 1103 2715 flamma
1128 2681 1292 2724 Byzantii
1318 2681 1391 2714 iam
1415 2682 1580 2722 emicuit,

146 2729 234 2762 alias
258 2740 405 2776 qnoque
431 2728 562 2769 urbes,
586 2730 739 2762 maiores
765 2729 1019 2775 minoresque,
1043 2727 1089 2760 ad
1114 2726 1192 2760 eius
1219 2728 1427 2761 societatem
1454 2727 1579 2761 dedita

142 2785 252 2820 opera
276 2775 462 2810 traducere
488 2779 654 2822 oportere
681 2774 881 2810 iudicatum
909 2779 972 2809 est.
1001 2775 1092 2818 Ergo
1115 2774 1161 2808 ad
1179 2783 1301 2808 omnes
1324 2775 1578 2820 imperatoriae
