1800 3132
527 199 905 249 Hls‘r'omARUM
946 212 1017 251 111.
1046 213 1114 257 521.
1438 186 1568 246 '323

135 306 239 364 πρὸς
276 306 354 363 τὴν
390 304 615 361 ἐπάνοδον,
650 308 708 358 αἱς
742 312 825 351 τῶν
855 309 958 352 κατὰ
985 308 1288 366 Διδυμότειχον
1313 307 1659 367 πράγματωνᾼᾪ.
1679 317 1766 362 ¹34²

134 376 292 416 ἐκείνου
330 369 441 414 πάνυ
483 374 702 426 δεομένων.
770 375 970 429 βασιλεῦς
1006 378 1053 418 δὲ
1090 379 1163 419 καί
1197 375 1400 432 πρότερον
1426 378 1504 430 μὲν
1529 377 1575 419 ἐν

131 438 289 495 μεγάλῃ
337 437 502 480 §uasto
549 442 738 495 φροντίδι
775 439 821 482 τὰ
869 440 976 496 πρὸς
1015 443 1322 496 Διδυμότειχον
1359 443 1575 497 ἀπαίρειν,

133 507 207 546 καί
230 501 318 546 τότε
347 505 393 546 δὲ
421 501 500 545 ὑπὸ
531 506 609 545 τοῦ
641 505 962 561 Ταρχανειώτού
989 510 1285 562 παρακληθείς,
1314 509 1472 560 μᾶλλον
1499 505 1695 562 fvij-528

113 566 344 611 δὲπάνοδον
377 571 605 612 ἐπέσπευδε
634 573 704 612 καί
730 569 907 627 Κράλην
934 571 1006 613 ἐπὶ
1028 570 1078 614 τοὶ
1114 571 1186 614 ι”σα
1212 573 1450 627 παρεκάλει.
1504 573 1578 613 καί

130 632 444 690 παρεσκεύαστο
487 629 568 690 ἤδη
608 635 634 690 ἧ
678 635 854 692 στρατιά
893 637 919 691 ἡ
958 638 1168 688 μέλλουσα
1207 640 1483 692 συναίρεσθαι
1515 639 1573 692 τῷ

130 702 300 753 βασιλεῖ
325 697 430 755 πρὸς
462 699 535 755 τήν
577 700 789 743 ἐπάνοδον.
845 704 919 743 καί
951 699 1264 758 Ταρχανειώτης
1289 704 1368 756 μὲν
1395 704 1573 756 βασιλέα

129 778 176 806 τε
203 768 274 807 καί
299 764 396 814 τούς
423 766 519 820 περί
548 766 675 808 αὐτὸν
702 770 857 823 πολλῆς
886 769 1103 822 ἐμπλήσας
1130 769 1281 823 ἡδονῆς
1311 767 1384 809 καί
1407 770 1573 822 προθυ-

131 831 257 884 μίας,
287 832 405 889 (οὕδὲ
432 830 512 886 γὰρ
547 834 590 881 ἐξ
619 830 720 874 ὅτου
754 832 956 888 βασιλεύς
982 835 1042 883 εἰς
1078 832 1315 889 Τριβαλούς
1342 828 1452 887 ἧκεν,
1483 833 1572 883 ἀ’ξιε

84 895 291 952 Ιοόχρειός
317 913 382 946 τις
421 896 584 939 οἴκοθεν
614 899 766 954 α’φῖκτο
795 897 902 954 πρὸς
929 897 1060 940 αὐτὸν
1090 900 1175 940 δέει
1203 901 1287 940 τῶν
1315 892 1573 951 κατεχόντων

130 960 208 1010 τοὶς
234 959 392 1019 (weng)
423 956 550 1022 αὖθις
573 964 746 1019 ἐπανῆκε
772 962 878 1019 πρὸς
903 962 1209 1018 Αιδυμότειχόν
1238 959 1453 1005 διαλαθών
1479 961 1574 1012 τούς

130 1030 375 1080 πολεμίους,
406 1029 481 1070 καί
505 1029 732 1083 α’πήγγελλε
759 1031 1014 1085 σαφέστερον
1042 1027 1091 1071 τοὶ
1121 1030 1219 1084 περὶ
1242 1030 1448 1082 βασιλέως
1500 1027 1577 1070 καί

131 1093 188 1142 ὥς
213 1093 276 1149 εἴη
303 1097 691 1149 παρεσκευασμένος
728 1092 945 1149 ἐπανήκειν
974 1091 1063 1148 ἅμα
1090 1096 1270 1150 στρατιᾷ
1298 1093 1420 1150 ὄλίγῳ
1449 1090 1574 1135 ὕστε-

72 1212 75 1214 v
133 1170 220 1214 ρον.
272 1158 526 1208 Ἀπόκαυκος
547 1161 593 1200 δὲ
612 1156 633 1199 ὃ
656 1160 787 1213 μέγας
817 1158 917 1210 δοῦξ
945 1158 1050 1215 πρὸς
1066 1158 1240 1214 Κράλην
1270 1161 1454 1211 πέμψας,
1484 1153 1613 1212 {dvj-13

84 1221 206 1265 ῐ5λου
235 1239 279 1265 τε
307 1220 374 1265 ὅτι
400 1218 490 1279 ἥξει
517 1223 644 1267 ναυσὶ
672 1223 776 1280 πρὸς
804 1223 879 1280 τήν
909 1226 1181 1267 Μακεδονίαν
1208 1226 1281 1266 καί
1309 1223 1366 1272 ὥς
1381 1221 1574 1277 βούλοιτο

130 1295 352 1343 συντυχεῖν
379 1290 513 1347 αὐτῷ,
549 1290 763 1345 συνθήκας
791 1286 1086 1344 ποιησόμενος,
1127 1291 1176 1331 αἳ
1196 1287 1381 1342 μάλιστα
1410 1286 1573 1329 ἔσονται

132 1354 246 1412 αὐτῷ
273 1357 372 1396 καθ’
399 1353 567 1409 ἡδονήν.
622 1355 797 1410 Κράλης
826 1357 873 1396 δὲ
901 1356 999 1410 περὶ
1022 1357 1094 1408 τῆς
1121 1356 1346 1408 συντυχίας
1372 1353 1572 1407 πρότερον

131 1416 348 1474 ἐρόμενος,
377 1423 416 1462 εἰ
441 1421 667 1475 ἐπιτρέπει,
695 1423 884 1474 βασιλέα,
912 1421 969 1469 ὥς
995 1423 1070 1461 οὔκ
1097 1419 1300 1478 ἐκώλυεν,
1331 1417 1437 1460 ἄλλα
1464 1421 1572 1470 μᾶλὲ

133 1488 204 1526 λον
221 1485 423 1537 ἐνεδίδου,
451 1483 558 1540 πρὸς
579 1482 836 1540 Ἀμφίπολιν
856 1487 1093 1527 συντέθειτο
1119 1482 1311 1539 ἀλλήλοις
1340 1491 1572 1537 συντυχεῖν,

81 1547 158 1591 2οό
195 1550 273 1603 μὲν
307 1552 456 1591 ναυσίν
491 1551 538 1591 ἐκ
566 1552 638 1604 τῆς
665 1550 885 1605 θαλάττης,
911 1543 1021 1606 ἵππῳ
1051 1552 1097 1592 δὲ
1126 1548 1147 1590 ὃ
1181 1550 1354 1605 Κράλης
1382 1551 1426 1598 ἐξ
1454 1546 1571 1603 ἧπεί-

132 1630 223 1671 ρου.
277 1613 428 1663 σκοπὸς
456 1616 502 1657 δὲ
541 1611 592 1670 ἦν
626 1616 700 1668 τῆς
737 1615 965 1668 συντυχίας
992 1616 1272 1670 ἀμφοτέροις,
1301 1611 1452 1668 Κράλῃ
1478 1616 1571 1665 μὲν,

132 1683 173 1722 εἰ
199 1680 370 1722 δυ’ναιτο
403 1679 661 1723 Ἀπόκαυκον
698 1678 769 1721 τὸν
795 1681 927 1733 μέγαν
950 1681 1081 1720 δοῦκα
1111 1680 1295 1733 ζωγρεῖν,
1325 1674 1568 1734 ἀμυνομένῳ

132 1748 207 1788 τοῦ
236 1745 340 1801 πρὸς
367 1748 544 1799 βασιλέα
567 1745 685 1788 ἕνεκα
706 1747 908 1798 πολέμου·
965 1742 1202 1800 Ἀποκαύκῳ
1227 1745 1285 1796 δὲ,
1314 1740 1422 1784 α’)’στε
1447 1742 1570 1796 Κρά-

133 1815 206 1867 λην
233 1813 417 1863 πείθειν,
457 1811 633 1865 πόλεμόν
658 1826 704 1853 τε
729 1807 788 1865 μὴ
819 1810 922 1865 πρὸς
951 1808 1078 1852 αὐτόν
1105 1814 1252 1861 κινεῖν,
1277 1805 1610 1862 ,Παλαιολὸγονῦ

224 1909 259 1943 8.
286 1904 410 1942 αιῖτῶν
433 1908 469 1942 Ρ.
572 1915 626 1941 20.
652 1907 714 1948 τῆς
738 1905 818 1939 add.
843 1898 894 1938 M.

137 2002 282 2035 doceat:
318 2002 451 2046 partim
484 2002 526 2032 int
558 1998 605 2033 ad
637 1998 815 2039 reditum,
849 2001 956 2044 quem
994 1998 1189 2031 necessitas
1222 1996 1380 2042 flagitet,
1413 1997 1568 2043 amplius

137 2048 313 2093 impellat.
362 2049 558 2091 Imperator
586 2051 622 2079 et
653 2052 758 2079 antea
791 2056 1006 2089 magnopere
1044 2043 1334 2087 Didymotichum
1375 2043 1568 2087 cogitabat,

134 2099 172 2126 et
195 2100 281 2126 tunc
302 2104 322 2127 a
337 2093 577 2127 Tarchauiota
603 2092 856 2132 inflammatus,
875 2092 988 2124 multo
1015 2093 1146 2135 magis,
1172 2090 1384 2134 Cralemque
1408 2090 1453 2123 de
1477 2090 1569 2122 sub-

73 2162 76 2163 ⁷
135 2140 228 2172 sidio
253 2140 484 2173 hortabatur:
522 2140 667 2184 iamque
706 2139 851 2183 copiae,
885 2148 978 2182 quae
1009 2149 1086 2170 cum
1114 2135 1177 2169 illo
1209 2136 1376 2176 abirent,
1411 2137 1567 2169 instrue-

135 2186 280 2221 bantur.
319 2188 364 2220 Et
385 2185 624 2220 Tarchan'ibta
650 2185 797 2230 quidem
817 2210 826 2226 ‚
851 2185 1066 2228 imperatore
1092 2183 1229 2228 quique
1266 2194 1346 2214 cum
1386 2192 1429 2214 eo
1464 2183 1568 2214 erant

133 2233 327 2277 plurimum
352 2232 557 2266 exhilaratis
592 2235 629 2265 et
653 2230 838 2271 excitatis,
862 2236 949 2278 (nec
972 2232 1068 2263 enim
1097 2230 1286 2275 quisquam
1303 2253 1313 2268 ‚
1348 2228 1391 2262 ex
1422 2240 1494 2274 quo
1519 2227 1566 2261 ad

137 2278 319 2311 Triballos
344 2278 506 2318 abierat,
531 2278 684 2320 alicuius
709 2280 866 2311 nominis
897 2276 1003 2309 domo
1029 2276 1075 2308 ad
1101 2286 1183 2308 eum
1220 2276 1348 2308 timore
1386 2276 1461 2308 vias
1498 2273 1566 2308 ob·

138 2324 335 2358 sidentium
364 2324 527 2368 venerat)
558 2323 852 2366 Didymotichum
888 2323 1079 2368 repetivit,
1111 2322 1233 2355 hostes
1268 2321 1383 2354 latens
1420 2325 1457 2353 et
1494 2325 1566 2366 quo*

136 2371 217 2405 loco
244 2382 299 2404 res
324 2371 546 2415 imperatoris
572 2372 663 2404 sitae
681 2376 820 2410 essent,
844 2370 1028 2415 pauloque
1057 2374 1140 2413 post
1162 2378 1240 2400 cum
1265 2367 1410 2399 auxiliis
1435 2367 1566 2400 affutu-

138 2429 216 2450 rum
250 2421 346 2450 certo
384 2418 577 2451 nuntiavit.
624 2416 862 2461 Apocauchus
889 2416 1006 2448 missis
1035 2414 1159 2459 legatis
1186 2413 1282 2446 Crali
1317 2413 1504 2457 significat,
1527 2416 1565 2446 se'

136 2465 177 2496 in
205 2463 452 2497 Macedoniam
486 2464 735 2508 navigaturum
769 2468 971 2507 cupereque
998 2460 1152 2494 foederis
1178 2458 1249 2492 sibi
1282 2459 1427 2504 quidem
1464 2465 1566 2504 opta-

137 2509 267 2544 tissimi
295 2509 450 2544 faciendi
476 2520 575 2542 causa
606 2521 687 2542 cum
713 2520 755 2543 eo
782 2508 953 2553 colloqui.
1001 2507 1121 2551 Crales
1148 2517 1190 2539 ex
1216 2507 1430 2549 imperatore
1463 2505 1562 2549 prius

139 2558 304 2603 quaerit,
329 2567 374 2589 an
397 2567 434 2589 se
459 2566 538 2588 cum
563 2556 629 2590 illo
653 2555 820 2599 congredi
849 2555 1043 2599 permittat.
1094 2552 1175 2596 Quo
1208 2563 1281 2584 non
1318 2550 1563 2591 dissuadente,

139 2604 247 2636 immo
272 2606 452 2635 annuente
477 2602 618 2647 potius,
641 2600 867 2646 Amphipolis
895 2610 1069 2632 consensu
1098 2598 1287 2641 deligitur,
1314 2609 1386 2643 quo
1411 2598 1474 2631 ille
1499 2609 1564 2630 na-

140 2649 244 2682 vibus
270 2660 290 2682 e
336 2648 445 2688 mari,
487 2647 547 2680 hic
580 2649 743 2694 equitatu
782 2659 825 2680 ex
859 2646 1066 2680 continente
1100 2644 1230 2677 veniat.
1279 2643 1412 2688 Scopas
1435 2645 1472 2676 in
1497 2644 1566 2677 hoc

142 2705 331 2739 congressu
359 2697 436 2728 erat
462 2695 629 2740 utrique,
653 2694 749 2728 Crali
774 2693 922 2737 nempe,
950 2695 990 2723 ut
1014 2688 1265 2735 Apocauchum
1304 2691 1424 2723 vivum
1457 2701 1566 2734 cape-

142 2747 223 2782 ret,
248 2743 277 2774 si
313 2746 457 2786 posset,
482 2750 633 2786 eumque
658 2745 805 2784 propter
829 2738 962 2771 bellum
989 2738 1155 2770 adversus
1189 2738 1438 2781 imperatorem
1471 2736 1565 2768 ulci-

144 2794 319 2823 sceretur:
343 2786 580 2834 Apocaucho,
608 2791 647 2821 ut
671 2786 769 2822 Gran
794 2785 1045 2832 persuaderet,
1072 2794 1118 2817 ne
1142 2793 1202 2824 se,
1226 2782 1405 2819 volentem
1428 2782 1566 2816 Anam-
