1806 3152
266 140 375 195 610
740 206 744 208 v
792 157 1158 201 CANTACUZENI

75 261 152 296 ΑΕ,
170 263 253 307 ι347
269 261 553 314 αἰωρουμένην
603 255 631 313 ἢ
673 260 745 299 καὶ
770 256 848 299 find
878 261 961 301 τῶν
989 259 1196 301 συνόντων
1224 262 1568 317 ἐξαπατωμένην,
1611 259 1691 304 οἴε-

267 329 371 367 σθαι
409 321 671 378 α’ντισχήσειν
710 322 770 367 ἔτι
812 323 916 378 πρὸς
957 323 1265 378 τὸν,πο’λεμον.
1305 321 1399 367 οὔτε
1428 325 1508 382 γάρ
1532 325 1692 383 >ἔξωθέν

266 393 397 431 ποθεν
424 386 537 442 ἥξειν
563 387 646 442 χρὴ
677 388 923 442 συμμαχίαν
961 392 1202 446 προσδοκᾷν.
1259 391 1309 431 οὕ
1336 390 1412 445 γάρ
1444 393 1578 444 ἐστιν,
1618 388 1691 433 οὖκ

268 455 381 497 ἔστιν
408 455 564 505 ου’δείς,
601 450 646 502 ὃς
674 454 878 509 ἀφίξεται
901 453 1207 510 ἐπικουρήσων,
1237 454 1353 514 ἔκοτε
1378 458 1459 498 ταῖν
1478 455 1691 512 παρόντων

268 519 384 568 ἐλπὶς
413 519 590 571 οὐδεμία
619 520 843 571 σώζεσθαι,
873 521 947 560 τοῦ
971 521 1175 575 φρουρίου
1203 523 1281 573 μὲν
1308 523 1380 563 καὶ
1400 520 1555 575 χρόνου
1582 519 1719 569 ‘nvos-5

268 584 343 627 καὶ
371 585 655 636 α’ναλωμάτων
686 585 879 636 δεομένου
915 584 989 626 καί
1027 585 1141 627 ὖλῶν
1168 584 1273 638 πρὸς
1299 585 1543 641 ἐπισκευὴν,
1571 583 1599 628 ἃ
1619 582 1692 628 οὖκ

258 649 402 699 ’ἔξεστι
430 651 699 705 πορίζεσθαι,
738 652 821 692 τῶν
849 651 1058 707 συνόντων
1086 651 1132 691 δὲ
1163 645 1257 692 οὕτε
1289 649 1527 704 ἀξιομάχων
1565 644 1707 692 ὄντων’

270 714 375 770 πρὸς
404 712 607 768 τοσαύτην
636 710 842 767 δύναμιν,
871 711 967 757 οὔτε
996 716 1078 756 τῶν
1109 716 1348 770 ἐπιτηδείων
1385 714 1688 770 εὐπορούντων,

232 776 377 822 (Σιὸστε
404 781 620 835 διαφέρειν
650 778 726 834 τήν
767 781 1003 834 πολιορκίαν
1032 780 1241 835 εὐμαρῶς.
1295 783 1350 822 δι’
1379 777 1406 821 ἃ
1433 778 1563 821 πάντα
1589 779 1693 833 πρὸς

266 845 496 898 συμβάσεις
539 845 645 901 αὔτῇ
675 846 947 898 συνεβούλευε
974 850 1149 900 χωρεῖν,
1194 848 1267 887 καί
1290 844 1348 900 μή
1380 845 1486 901 αὐτῇ
1512 847 1589 898 μὲν
1624 846 1745 887 naim

265 911 417 959 τέκνοις
445 909 496 951 τὰ
535 907 736 964 ἀνήκεστα
766 910 973 964 προξενεῖν
1001 911 1044 960 ἐξ
1073 909 1272 964 α’βουλιῖις
1290 943 1302 964 ,
1339 910 1475 952 αὐτοῦ
1502 912 1548 951 δὲ
1580 912 1696 964 μεγί-

266 993 367 1030 στην
395 973 607 1031 πρόφασιν
635 975 824 1025 εὐδοξίας
854 972 1062 1032 οἷφαιρεῖν.
1117 980 1236 1018 τοῦτο
1265 975 1345 1031 γάρ
1384 974 1484 1017 κατὰ
1515 972 1587 1017 τόν
1623 977 1695 1017 τοῦ

265 1042 447 1094 πολέμου
474 1038 628 1095 χρόνον
653 1039 725 1082 καὶ
752 1041 981 1094 βούλεσθαι
1024 1042 1094 1083 αἐἰ
1133 1042 1207 1083 καί
1242 1036 1448 1095 εὔχεσθαι
1485 1034 1695 1096 πρόφασίν

268 1122 358 1149 τινα
383 1104 429 1147 τὸ
461 1109 577 1147 θεῖον
603 1112 861 1160 παρασχεῖν,
890 1107 934 1155 ἐξ
961 1101 1010 1161 ἧς
1040 1105 1165 1155 αὐτὸς
1190 1107 1262 1161 τὴν
1289 1108 1511 1151 ἐπιείκειαν
1538 1108 1608 1147 καί
1621 1103 1694 1159 τὴν

269 1169 582 1225 εὐγνωμοσύνην
610 1172 881 1224 ἐπιδείξεται,
909 1173 982 1213 καί
1005 1170 1049 1214 τὸ
1077 1171 1182 1226 πρὸς
1206 1172 1379 1224 βασιλέα
1410 1171 1600 1226 φίλτρον,
1639 1169 1746 1219 ὦςιό

269 1235 464 1290 οἷκέραιον
502 1238 578 1277 νῦν
614 1231 715 1290 ἄχρι
756 1232 976 1287 διασώζει,
1015 1235 1089 1277 καί
1127 1238 1248 1281 ου’δὲν
1284 1232 1404 1290 ἧττον
1442 1231 1470 1289 ἢ
1499 1235 1697 1290 πρότερον

267 1300 473 1357 κήδεσθαι
511 1303 591 1343 τῶν
630 1300 792 1342 παίδων
831 1303 1078 1354 διανοεῖται,
1123 1299 1241 1356 λόγον
1277 1301 1518 1352 ποιούμενος
1549 1299 1697 1340 ου’δένα

269 1366 351 1408 τῶν
381 1361 460 1407 ὅσα
490 1364 596 1420 πρὸς
620 1364 744 1407 αὐτὸν
774 1367 875 1408 κατά
904 1365 979 1407 τὸν
1006 1364 1186 1418 πόλεμον
1211 1362 1498 1419 ἤγνωμονήθη,

227 1436 275 1469 Ι),
379 1429 434 1485 ρ’.
491 1429 543 1472 Οἱ
571 1432 650 1483 μὲν
679 1426 754 1471 οὖν
786 1433 980 1484 πρέσβεις
1007 1431 1079 1471 καί
1105 1428 1143 1471 οἱ
1170 1426 1288 1470 ἄλλοι
1317 1427 1355 1470 οἱ
1375 1425 1574 1483 παρόντες
1600 1425 1699 1476 τούς

135 1504 176 1540 V.
188 1503 255 1539 556
268 1495 472 1550 βασιλέως
500 1493 644 1548 λόγους
672 1494 745 1535 καί
783 1493 858 1550 τὴν
890 1491 1060 1545 άξίωσιν
1088 1493 1317 1546 α’κούοντες,
1347 1490 1486 1547 ὀλίγον
1513 1494 1599 1534 δεῖν
1627 1491 1747 1538 araizo

269 1563 470 1616 η’πίστουν
500 1559 570 1601 διὰ
599 1558 677 1613 την
705 1558 956 1616 ὑπερβολήν.
1009 1558 1054 1603 τὸ
1083 1558 1162 1616 γὰρ
1186 1563 1368 1601 τοσαῦτα
1389 1555 1589 1614 πρότερον
1613 1555 1693 1598 ὑπὸ

142 1633 255 1678 P.698
271 1628 353 1668 τῶν
388 1626 683 1677 πολεμούντων
724 1623 1004 1677 ὑπομείναντα
1059 1627 1145 1667 καίχ
1164 1623 1361 1680 μυριάκις
1389 1626 1433 1666 ἐν
1464 1623 1574 1680 α’κμῇ
1610 1638 1697 1668 κιν-

269 1689 395 1732 δύνου
420 1689 711 1742 καταστάντα,
744 1687 883 1735 ἔπειτα
911 1687 1171 1746 κρατήσαντα
1203 1695 1286 1738 τοῖς
1315 1685 1456 1737 ὅπλοις
1488 1687 1697 1742 καὶπερι-

240 1780 245 1782 ·
269 1755 487 1809 γενόμενον
516 1758 599 1797 τῶν
626 1754 843 1810 πολεμίων,
861 1754 920 1811 μὴ
954 1754 1057 1812 πρὸς
1077 1754 1230 1812 φόνους
1250 1756 1322 1797 καί
1351 1753 1518 1810 σφαγὰς
1545 1757 1697 1808 χωρεῖν

361 1858 392 1890 7.
414 1844 496 1880 ἔστι
519 1845 566 1879 Μ,

267 1923 461 1957 auxilium:
498 1935 573 1957 non
608 1925 703 1958 enim
735 1935 812 1959 esse
844 1925 1024 1970 profecto,
1054 1927 1116 1971 qui
1143 1930 1311 1959 venturus
1336 1926 1383 1958 sit
1409 1925 1562 1960 auxilio:
1587 1927 1624 1957 et
1647 1933 1692 1956 ex

266 1980 305 2003 re
330 1972 512 2014 praesenti
548 1971 685 2003 nullam
723 1982 821 2016 spem
853 1972 976 2006 salutis
1001 1973 1181 2017 affulgere,
1204 1983 1283 2005 cum
1307 1972 1527 2006 munitiones
1551 1974 1588 2004 et
1609 1980 1695 2013 pro—

256 2017 469 2060 ‚pugnacula
495 2022 535 2050 ut
561 2018 825 2058 instaurentur,
850 2024 887 2051 et
907 2023 1070 2063 tempore
1096 2019 1219 2063 aliquo
1249 2024 1286 2053 et
1308 2022 1451 2062 sumptu
1477 2021 1514 2049 et
1543 2016 1693 2049 materia

268 2061 479 2107 indigeant,
510 2074 601 2108 quae
625 2075 721 2097 nunc
746 2066 940 2108 comparari
969 2076 1042 2098 non
1064 2067 1214 2109 possint.
1260 2065 1359 2110 Quos
1383 2068 1502 2096 autem
1520 2074 1616 2096 nunc
1636 2071 1694 2096 se·-

269 2118 348 2142 cum
374 2108 527 2150 habeat,
571 2120 638 2142 nec
670 2121 773 2154 pares
802 2122 878 2144 esse
911 2111 989 2145 eius
1022 2113 1158 2156 copiis,
1181 2122 1248 2144 nec
1276 2109 1459 2143 abundare
1483 2112 1695 2150 commeatu,

268 2159 309 2187 ut
331 2154 575 2188 obsessionem
596 2156 699 2190 facile
722 2156 849 2190 ferant.
899 2156 955 2191 Ob
987 2157 1076 2190 haec
1113 2158 1253 2196 omnia,
1290 2160 1330 2188 ut
1355 2166 1472 2188 secum
1498 2156 1695 2199 paciscatur

266 2206 411 2242 monet,
437 2212 483 2234 ne
521 2202 593 2234 sibi
626 2213 667 2235 ac
704 2202 829 2236 liberis
865 2214 929 2247 per
964 2203 1182 2237 dementiam
1214 2204 1368 2235 immane
1391 2202 1524 2235 malum
1551 2200 1694 2240 conflet,

267 2251 304 2279 ct
339 2247 394 2279 illi
422 2247 695 2291 pulcherrimam
721 2249 856 2292 gloriae
882 2250 1104 2283 occasionem
1127 2247 1318 2293 praecidat.
1372 2248 1449 2281 Hoc
1474 2246 1569 2280 enim
1594 2246 1693 2279 bello

266 2297 302 2325 et
326 2293 483 2327 voluisse
508 2305 662 2339 semper,
680 2300 728 2328 'et
750 2307 770 2328 a
794 2297 870 2328 Deo
895 2297 1031 2339 optimo
1060 2296 1212 2329 maximo
1237 2299 1419 2339 precatum
1448 2305 1535 2333 esse,
1561 2293 1614 2326 uti
1629 2293 1696 2326 ali-

265 2348 373 2382 quam
397 2340 468 2382 sibi
481 2351 602 2378 ansam
617 2340 728 2381 daret,
743 2341 839 2374 unde
860 2340 1072 2382 bonitatem,
1097 2346 1134 2374 et
1156 2341 1385 2374 elementiam
1408 2341 1447 2373 in
1470 2340 1579 2379 vivos,
1597 2343 1634 2373 et
1654 2350 1696 2372 a-

263 2394 399 2417 morem
417 2387 456 2419 in
479 2385 689 2420 defunctum
714 2387 956 2421 demonstrare
981 2392 1114 2432 posset:
1130 2398 1236 2432 quem
1262 2398 1374 2431 usque
1398 2397 1494 2419 nunc
1517 2386 1694 2429 integrum

267 2430 518 2476 sincerumque
539 2438 742 2467 conservet:
769 2446 836 2467 nec
858 2444 895 2465 se
919 2435 1034 2467 minus
1060 2434 1166 2466 modo
1195 2445 1299 2478 quam
1325 2438 1431 2466 antea
1458 2431 1503 2464 de
1526 2441 1694 2476 procura-

266 2476 366 2508 tione
400 2477 598 2512 liberorum
632 2481 708 2512 eius
742 2482 920 2524 cogitare,
957 2479 1065 2514 nihili
1088 2480 1325 2527 pendentem,
1349 2489 1441 2525 quae
1466 2488 1531 2523 per
1556 2476 1695 2511 bellum

267 2521 432 2556 adversus
456 2536 493 2557 se
528 2526 691 2569 improbe
715 2531 853 2569 patrata
879 2526 962 2560 sint.
1361 2559 1364 2562 ,
1396 2562 1399 2564 ,
1611 2558 1615 2561 ,

364 2579 436 2601 ιοο.
472 2571 592 2614 Legati
612 2573 796 2618 ceterique
821 2577 1025 2616 praesentes
1040 2571 1148 2605 verba
1172 2571 1400 2615 imperatoris
1427 2574 1464 2603 et
1477 2570 1692 2614 postulatio-

264 2624 346 2647 nem
364 2615 550 2650 audientes
563 2643 572 2657 ,
594 2625 739 2662 propter
758 2618 1072 2656 admirabilitatem
1095 2617 1154 2651 vix
1167 2616 1273 2650 fidem
1293 2615 1579 2651 commodabant.
1600 2615 1691 2649 Nam

265 2661 355 2694 adeo
386 2662 495 2694 multa
522 2664 674 2697 antehac
697 2663 741 2697 ab
766 2664 930 2698 hostibus
961 2674 1167 2710 perpessum
1196 2674 1283 2704 esse,
1311 2669 1347 2697 et
1377 2664 1457 2707 plus
1482 2662 1612 2696 millies
1638 2662 1693 2694 in-

264 2712 319 2742 ter
347 2717 483 2742 sacrum
515 2721 710 2756 saxumque
740 2712 881 2745 stetisse
898 2737 906 2753 ‚
932 2718 1057 2758 postea
1085 2710 1188 2745 armis
1213 2710 1344 2755 adepta
1373 2709 1535 2750 victoria,
1559 2719 1632 2744 non
1647 2706 1692 2742 ad
