1812 3132
475 193 856 236 HISTORIARUM
898 198 971 238 111.
1014 202 1080 246 19-
1399 167 1512 236 1'23'

55 297 215 350 μᾶλλον
245 293 521 351 αἱρετώτερον
550 294 820 351 ἡγήσασθαι,
852 297 982 339 αὑτὸν
1000 298 1076 341 καὶ
1100 295 1254 354 παῖδας
1279 297 1389 355 ὑπὲρ
1423 295 1548 341 uzi-A.
1561 303 1699 352 0434:

57 364 165 414 ταῖν,
211 361 253 402 εἰ
283 360 400 413 δέοι,
442 364 729 415 πολεμοῦντας
756 363 896 420 ἐκείνῳ
939 362 1246 418 ἀποθνήσκειν,
1284 361 1314 419 ἢ
1351 364 1512 416 αὔτούς

59 427 213 476 ἀδίκως
254 426 330 480 τὴν
369 424 505 481 ἀρχὴν
533 427 880 483 ἀφαιρουμένους
908 425 936 483 ἢ
968 428 1038 471 καί
1065 429 1408 484 ἀποθνήσκοντας
1435 446 1510 473 πε-

59 493 222 547 ριιδεῖν.
261 486 322 541 οἷς
349 492 532 547 ἐκείνην,
561 490 699 548 ὥσπερ
731 491 867 546 εἰκὸς,
896 496 1141 536 πεισθεῖσαν
1172 493 1252 537 ὑπὸ
1284 497 1407 546 δέους
1435 496 1513 555 ῥᾷ-

33 554 139 602 5στά
167 571 212 598 τε
239 557 400 598 ἐκείνου
431 557 734 613 διαστήσεσθαι
762 560 836 599 καί
861 557 936 600 τὸν
965 558 1144 612 πόλεμον
1174 560 1276 615 ἡμῖν
1304 561 1376 604 τὸν
1403 562 1512 618 πρὸς
1528 571 1570 606 V.
1587 572 1654 608 333

61 623 216 664 ἐκεῖνον
248 623 505 678 ἐπιτρέψειν.
560 624 709 666 τούτου
739 627 786 667 δὲ
816 624 1114 679 γεγενημένου,
1155 628 1278 669 οὐδὲν
1314 625 1431 670 ἔσται
1464 618 1511 670 vd

63 690 246 740 κωλῦον,
286 685 336 728 οὗ
375 691 457 731 ταῖν
484 692 844 744 προσδοκωμένων
888 693 1036 733 δεινῶν
1064 691 1336 747 ἀπηλλάχθαι
1361 692 1514 748 μόνον,

63 753 174 795 ἀλλὰ
202 753 277 796 καί
303 752 434 810 τύχης
461 752 629 812 ἀγαθῆς
668 755 873 814 ἀφορμήν
901 755 974 800 τὸν
1006 756 1111 811 πρὸς
1154 759 1309 801 ἐκεῖνον
1333 757 1514 814 πόλεμον

62 816 337 874 ποιήσασθαι.
362 816 428 862 ὅτι
457 824 503 863 δὲ
533 818 607 863 οὐκ
637 823 780 878 ἀληθῆ
804 821 854 864 rc}
887 824 1112 878 εἰρημένα,
1144 824 1193 865 οὐ
1218 823 1303 880 χρή
1332 832 1518 879 σκοπεῖν,

17 887 163 941 ιοπερί
188 886 357 933 ἐκείνου,
413 888 468 929 ου’
491 886 571 944 γὰρ
615 888 718 944 περὶ
743 888 943 944 ἀληθείας
969 891 1042 930 καί
1068 887 1255 942 ψεύδους
1285 890 1384 945 ἡμῖν
1415 891 1518 947 πρό-

65 967 199 994 κειται
228 954 302 995 νῦν
328 952 463 1008 ἀγών,
494 951 586 995 ἀλλ’
604 954 687 996 εἴτε
710 956 782 1011 ζῇν
799 955 1001 1007 εὐκλεῶς,
1032 955 1323 1012 καθῃρηκότας
1351 957 1554 1011 ε’κείνουζῦ

64 1015 140 1072 τήν
176 1015 341 1075 ὄφρὺν,
381 1021 465 1062 εἴτε
506 1018 793 1076 ἀποθνήσκειν
821 1019 975 1073 ὁμοίως
1003 1027 1090 1069 τοῖς
1123 1023 1195 1064 ἑπί
1221 1024 1371 1072 δεινοῖς
1410 1038 1522 1065 τισιν

65 1081 323 1140 ἑαλωκόσιν,
354 1085 428 1128 ἐὰν
457 1086 610 1135 ἐκεῖνος
640 1085 705 1129 ἔτι
733 1088 817 1128 τῶν
844 1085 1103 1142 πραγμάτων
1125 1081 1253 1144 ἄρχῃ.
1311 1087 1377 1129 διὸ
1406 1089 1521 1146 πάσῃ

64 1152 268 1205 χρηστέον
298 1154 473 1208 μηχανῇ
498 1151 572 1193 καί
596 1151 727 1196 navve?
751 1154 938 1205 πολέμου
960 1150 1062 1193 εἴδει
1081 1155 1328 1209 προσεκτέον
1346 1155 1524 1206 μᾶλλον,

20 1211 95 1271 ι5ἢ
125 1218 225 1270 περὶ
261 1218 475 1260 τοιούτων
501 1220 854 1276 μικρολογητέον,
897 1218 926 1260 ἃ
963 1221 1174 1274 μηδεμίαν
1212 1218 1372 1274 βλάβην
1412 1217 1525 1274 ἔχει,

69 1277 122 1324 ἂν
163 1277 244 1325 ὧδε
280 1278 308 1340 ἢ
338 1281 487 1340 ἑτέρως
524 1283 696 1340 ἔχωσι.”
752 1283 918 1335 τούτοις
944 1286 1024 1338 μὲν
1052 1280 1129 1327 οὖν
1156 1282 1298 1327 ἔπειθε
1327 1286 1528 1330 κάκεῖνον.-

69 1352 143 1391 καί
167 1351 296 1405 πέρας
326 1346 404 1407 ἤδη
433 1347 546 1406 εἶχεν
572 1352 597 1406 ἡ
628 1349 845 1406 ἐπιβουλή.
902 1350 1039 1392 ἐδόκει
1068 1352 1114 1393 δὲ
1145 1352 1232 1392 δεῖν
1261 1349 1335 1392 καί
1359 1351 1442 1392 τῶν
1468 1351 1528 1392 οἷ-

70 1417 297 1458 κειοτάτων
332 1419 521 1470 βασιλίδι
560 1417 678 1467 τινὰς
716 1417 1150 1473 προσεταιρίσασθαι,
1193 1417 1324 1458 ε’κεῐνο
1354 1417 1527 1470 ἐννοῶν,

71 1480 129 1530 ὥς
147 1480 243 1532 τούς
272 1484 350 1534 μὲν
379 1477 530 1531 ἄλλους
555 1482 657 1532 ἴσως
686 1480 739 1526 ἂν
766 1481 1067 1525 ὑποπτεύσειεν
1098 1481 1121 1538 ἧ
1148 1483 1327 1535 βασιλίς,
1356 1478 1384 1536 ἢ
1414 1480 1530 1540 φόβῳ

19 1543 100 1602 2οῆ
134 1545 275 1606 φθόνῳ
303 1550 480 1590 τοιαῦτα
508 1551 861 1604 ἑσκαιωρηκέναι,
889 1551 971 1590 τῶν
1009 1548 1272 1591 οἰκειοτάτων
1314 1549 1360 1590 δὲ
1397 1549 1531 1602 μηδὲν

74 1617 296 1670 καταγνοίη
327 1610 380 1656 ἂν
401 1619 605 1658 τοιοῦτον.
645 1614 719 1657 καί
745 1617 805 1672 τῷ
834 1617 1039 1667 Ζαμπέας
1064 1614 1167 1670 υἱῷ,
1194 1612 1223 1669 ἢ
1251 1615 1298 1655 ἐκ
1327 1615 1565 1667 Σαβωῖαςῦ

74 1681 266 1732 βασιλίδι
291 1682 424 1723 εἵπετο
446 1713 457 1734 ,
486 1683 641 1736 πολλῆς
668 1681 742 1722 καί
767 1678 884 1735 παρὰ
918 1681 1127 1733 βασιλέως
1159 1678 1221 1720 ἔτι
1245 1680 1397 1731 ζῶιτος
1416 1678 1523 1720 ἀπο-

75 1744 246 1788 λαύοντι
273 1749 347 1801 τῆς
384 1746 600 1800 εὐμενείας
636 1745 688 1789 τά
716 1762 760 1789 τε
788 1741 895 1788 ἄλλα
923 1747 999 1787 καί
1029 1744 1101 1787 διά
1132 1743 1208 1800 τήν
1236 1746 1281 1786 ἐν
1318 1750 1411 1793 ταῖς
1438 1740 1524 1798 puk-

147 1863 203 1887 21.
230 1854 406 1891 τοιοῦτος
431 1853 466 1886 P.

76 1963 142 1999 pro
167 1954 259 1998 ipsis
279 1954 472 1999 pugnando
506 1959 706 2000 oppetere,
738 1963 848 1998 quam
873 1953 1036 1999 perpeti,
1072 1957 1114 1986 ut
1145 1962 1212 1997 per
1234 1950 1337 1985 nefas
1369 1951 1524 1997 imperio

77 2005 142 2033 aut
165 2001 274 2034 etiam
307 2003 383 2034 vita
409 2002 623 2046 spolientur.
671 2000 813 2045 Quibus
844 2000 1048 2035 rationibus
1074 1997 1251 2033 credibile
1285 1998 1376 2038 fieri,
1408 2001 1529 2043 ipsam-

77 2046 322 2081 tremefactam
346 2060 387 2081 ac
405 2059 635 2092 persuasam,
670 2048 772 2080 nullo
799 2047 946 2092 negotio
978 2047 1023 2080 ab
1054 2047 1119 2079 illo
1146 2046 1404 2085 discessuram,
1443 2045 1529 2078 bela

78 2093 225 2138 lumque
250 2100 372 2128 contra
400 2094 566 2129 eumdem
593 2095 685 2141 ipsis
719 2094 981 2128 mandaturam.
1032 2092 1115 2136 Quo
1141 2092 1315 2130 obtento,
1346 2103 1422 2125 non
1444 2096 1528 2124 tan-

78 2145 154 2173 tum
190 2141 440 2186 ingruentibus
484 2143 590 2176 malis
629 2140 827 2181 liberatos,
884 2152 1008 2175 verum
1049 2141 1159 2173 etiam
1211 2138 1382 2172 felicitati
1422 2138 1528 2183 quasi

78 2191 221 2232 portam
245 2188 463 2232 patefactam
495 2189 583 2223 fore.
633 2187 744 2233 Quod
770 2191 892 2221 autem
917 2187 1008 2220 haec
1032 2186 1077 2219 de
1114 2187 1179 2220 illo
1218 2195 1302 2217 vera
1332 2195 1406 2218 non
1431 2185 1530 2225 sint,

80 2233 279 2267 curandum
301 2246 376 2279 non
405 2246 500 2279 esse3
536 2246 611 2269 non
636 2236 735 2267 enim
758 2246 856 2267 nunc
887 2233 932 2267 de
958 2233 1110 2267 veritate
1146 2231 1382 2276 falsitateque
1410 2235 1529 2264 certa-

79 2290 162 2313 men
181 2283 347 2326 proponi,
371 2281 435 2314 sed
458 2289 590 2324 utrum,
606 2282 707 2315 illius
732 2281 929 2325 supercilio
953 2280 1136 2325 depresso,
1157 2291 1237 2314 cum
1266 2278 1379 2321 gloria
1402 2287 1528 2322 super-

81 2327 172 2370 sint3
201 2337 268 2368 an,
301 2328 332 2360 si
357 2330 551 2373 imperium
575 2336 700 2364 tenere
731 2332 960 2373 perseveret,
997 2327 1163 2361 similiter
1194 2325 1420 2359 nefariorum
1452 2323 1528 2357 cri-

80 2375 219 2408 minum
248 2374 428 2417 confictis,
453 2377 570 2420 capite
594 2376 810 2421 plectantur.
850 2373 987 2408 Idcirco
1013 2373 1187 2407 tentanda
1213 2371 1340 2406 omnia
1364 2376 1403 2404 et
1418 2381 1528 2404 omne

82 2433 193 2467 genus
221 2432 363 2468 pugnae
387 2423 651 2468 experiundum
683 2423 828 2467 potius,
865 2433 973 2467 quam
997 2420 1042 2452 de
1080 2419 1215 2454 talibus
1250 2417 1364 2452 anxie
1401 2416 1529 2462 dispu-

82 2469 255 2509 tandum,
292 2479 385 2515 quae
421 2469 494 2503 sive
521 2470 591 2505 hoe
624 2471 699 2503 sive
724 2469 796 2502 alio
821 2468 929 2501 modo
955 2479 992 2500 se
1029 2466 1208 2506 habeant,
1247 2463 1346 2499 nihil
1381 2463 1529 2501 obsunt..

84 2514 144 2548 Sic
167 2515 269 2548 illum
294 2526 439 2562 quoque
462 2515 600 2555 illexit,
625 2527 698 2562 quo
723 2514 850 2548 voluit.
900 2515 1095 2559 Hucusque
1120 2512 1282 2546 insidiae.
1308 2509 1438 2554 Visum
1467 2510 1528 2544 in-

85 2573 192 2606 super
220 2563 329 2596 etiam
354 2561 398 2596 de
430 2562 720 2596 familiarissimis
749 2561 987 2606 imperatricis
1021 2559 1195 2605 quosdam
1219 2558 1265 2592 ad
1287 2557 1363 2591 hoc
1388 2556 1528 2590 sodali-

84 2609 177 2642 tium
201 2610 385 2650 asciscere,
410 2620 490 2642 eum
514 2608 815 2655 cogitaret‚alios
842 2609 994 2642 forsitan
1021 2605 1139 2640 eidem
1163 2610 1355 2650 suspectos,
1374 2603 1528 2644 futuros,

85 2655 190 2700 quasi
214 2655 278 2702 qui
309 2655 365 2690 vel
403 2660 527 2697 metu,
562 2657 620 2689 vel
660 2655 862 2689 invidentia
900 2654 1064 2699 quadam>
1090 2662 1255 2695 perversa
1291 2656 1329 2684 et
1358 2650 1530 2694 improba

85 2702 319 2743 molirentur,
353 2713 434 2735 cum
469 2701 514 2735 de
545 2703 686 2736 intimis
721 2701 926 2735 domesticis
961 2700 1036 2733 suis
1068 2698 1142 2732 tale
1178 2697 1354 2745 quiddam
1394 2697 1529 2730 sentire

86 2758 160 2781 nou
184 2749 309 2793 possit.
358 2749 509 2782 Proinde
536 2750 651 2783 filium
676 2749 874 2793 Zampeae,
908 2757 1000 2792 quae
1027 2745 1127 2778 illam
1150 2756 1170 2779 e
1197 2743 1386 2778 Sabaudia
1408 2747 1530 2776 secuta

86 2794 228 2836 fuerat,
261 2795 428 2832 Artotum
453 2795 599 2832 nomine
631 2799 759 2843 (quem
790 2801 827 2830 et
851 2795 1047 2840 imperator
1072 2802 1152 2827 eum
1187 2792 1274 2827 aliis
1312 2790 1356 2824 de
1395 2789 1532 2829 causis,
