1800 3146
560 155 938 199 msTomAan
981 160 1054 199 111.
1087 158 1155 204 75.
1454 137 1561 212 471

121 257 359 299 α’ποδέουσα
403 257 486 298 τῶν
529 257 574 297 ἐν
612 257 882 314 δεσμωτηρίῳ
925 255 1163 310 διαγόντων.
1230 253 1372 310 τίγὰρ
1401 255 1570 298 ἐκείνων
1581 269 1763 313 A,c,.343

121 323 380 377 διενήνοχεν,
418 324 458 363 εἰ
481 322 615 376 μηδὲν
640 319 747 375 μήτε
775 317 1119 375 βουλεύσασθαι,
1159 321 1260 375 μήτε
1294 323 1451 375 πρᾶξαι
1483 322 1567 362 τῶν

123 385 302 430 δεόντων
331 387 509 430 δύναται
531 419 544 440 ,
586 383 695 428 ιῖλλοὶ
725 393 811 437 τοῖς
847 389 1152 443 ἐψηφισμένοις
1180 383 1262 427 ὑπὸ
1298 389 1381 428 τῶν
1410 384 1567 442 ἀρχόν-

120 469 204 495 των
231 456 410 496 ἕπεσθαι
439 451 617 506 ἀνάγκην
644 451 734 506 ἔχει
758 470 773 505 ,-
801 451 876 500 τάς
903 468 949 493 τε
976 450 1118 501 πόλεις
1147 448 1466 505 οἷπολωλέκατε,
1492 450 1569 499 τὰς

92 521 195 571 ὃμὲν
237 518 383 566 αὐτοῖς
425 520 595 566 Μυσοῖς
646 517 1017 572 παραδεδωκότες,
1068 518 1122 574 ἵν’
1149 515 1274 572 ἔχητε
1314 514 1608 570 συμμιξχουςῦ

116 584 302 637 ἐπ’ἑμὲ,
340 585 424 624 τῶν
460 580 602 624 δ’ὖπό
638 586 859 639 Τριβαλοῖς
900 584 1241 635 δεδουλωμένων.
1297 581 1369 623 καὶ
1406 581 1450 622 αἱ
1479 586 1565 622 λει-

113 649 293 702 πόμεναι
322 650 392 700 δὲ,
440 647 507 691 ἔτι
530 648 637 705 πρὸς
672 650 747 702 ἐμέ
774 664 819 690 τε
847 650 920 691 καί
943 649 1056 701 ὑμᾶς
1084 649 1333 706 διῃρημέναι
1353 680 1366 701 ,
1403 645 1457 689 τά
1485 650 1564 700 μὲν

113 713 246 755 αιῖταὶ
274 711 528 770 ἐφ’ἑαυταῖς
566 713 870 765 στασιάζουσαι
909 713 983 756 καί
1010 713 1396 771 διαφθειρόμεναι,
1438 712 1490 754 τὰ
1522 717 1563 754 δ’

111 779 190 835 ὑφ’
223 779 342 834 ἡμῶν
386 776 544 829 ἔξωθεν
583 779 931 835 πολιορκούμεναι
989 779 1063 821 καί
1109 775 1563 834 ἐξανδραποδιζόμεναι

64 846 185 890 noma*
211 843 262 886 τοὶ
295 843 508 887 δεινότατα
537 845 848 899 ὑπομένουσαι,
878 846 939 894 εἰς
965 842 1145 900 ἐσχάτην
1165 844 1345 901 ἅπορίαν
1373 839 1561 898 ἤλασαν,

111 909 185 952 καί
212 909 353 964 ὀλίγου
392 910 624 953 ἀποδέουσι
657 913 740 952 τῶν
776 909 858 952 ὑπὸ
900 913 1116 963 πολεμίοις
1153 911 1397 965 γενομένων.
1454 925 1561 964 χρη-

107 975 256 1029 μάτων
281 992 327 1017 τε
364 976 494 1031 πόρος
532 973 797 1029 οὐδαμόθεν·
828 974 895 1018 Υτοί
925 992 969 1018 τε
996 975 1079 1031 γάρ
1110 972 1361 1029 ἆποκεᾴιενα
1392 971 1559 1016 α’νάλω-

108 1057 209 1094 ται,
250 1043 324 1083 καί
362 1039 415 1083 τὰ
445 1039 640 1096 κειμήλια
669 1042 915 1083 ἀποδέδοται
945 1042 996 1084 τὰ
1025 1041 1223 1095 βασιλικὰ
1254 1042 1313 1091 εἰς
1355 1039 1454 1090 τούς
1482 1056 1558 1081 κα-

107 1106 206 1156 λοὺς
233 1107 511 1160 ἀποστόλους,
556 1104 658 1149 ὅθεν
687 1104 829 1162 ὄνησις
860 1108 1038 1161 οὐδεμία
1065 1108 1322 1164 περιγίνεται
1339 1115 1370 1133 ··
1390 1108 1449 1148 ἐῶ
1477 1103 1580 1160 γὰρ,

57 1171 157 1218 15τά
179 1172 362 1228 ἡμέτερα
383 1175 568 1215 τοσαῦτα
586 1168 687 1215 ὄντα
716 1175 849 1227 λέγειν
862 1190 875 1201 ·
915 1174 989 1215 καί
1007 1171 1052 1216 αἱ
1071 1172 1270 1229 πρόσοδοι
1279 1173 1599 1227 ,ἐκλελοίπασιῆ
1614 1180 1683 1214 6ι5

97 1241 184 1292 ,τῶν
212 1241 359 1280 κοινῶν
396 1239 470 1293 τῆς
495 1238 642 1294 χώρας
684 1241 1009 1295 διεφθαρμένης.
1065 1237 1171 1293 πρὸς
1208 1236 1373 1288 τούτοις
1409 1239 1456 1279 δὲ
1483 1238 1558 1279 καὶ

103 1302 141 1345 οἱ
171 1306 279 1358 μέγα
308 1303 532 1357 δυνάμενοι
559 1303 634 1346 καί
657 1307 833 1358 βασιλεῖ
853 1303 1190 1360 συμπράττοντες
1228 1301 1333 1358 πρὸς
1370 1302 1447 1358 την
1475 1302 1555 1358 α’ρ-

99 1368 184 1423 χην
233 1369 374 1421 οἱμὲν
424 1368 494 1410 διὰ
528 1368 606 1425 τήν
652 1371 711 1419 εἰς
751 1371 831 1423 ,ἐμὲ
863 1365 1034 1412 εὔνοιαν
1058 1366 1289 1425 χρημάτων
1321 1367 1554 1423 ἀποστερη-

102 1437 246 1484 θέντες
280 1433 357 1475 καὶ
397 1433 504 1489 πρὸς
530 1440 681 1489 πεῖραν
705 1437 869 1479 πολλῶν
906 1435 1110 1492 πρότερον
1145 1435 1287 1476 κακῶν
1327 1432 1529 1484 ἐλθόντες
1539 1466 1555 1487 ,

47 1502 177 1546 αονῦν
222 1501 383 1542 οἰκοῦσι
430 1501 723 1554 δεσμωτήρια,
766 1499 806 1541 οἱ
854 1502 895 1542 δ’
935 1498 1001 1542 ὅτι
1042 1500 1314 1555 ἐμνήσθησαν
1362 1496 1550 1553 εἰρήνης,

98 1565 275 1620 ὁρῶντες
319 1560 364 1608 οἷ
404 1566 543 1606 κακῶν
581 1564 604 1605 ὅ
633 1564 812 1617 πόλεμος
847 1565 1065 1621 χωρήσει,
1103 1568 1240 1607 καίτοι
1277 1580 1324 1619 γε
1368 1565 1552 1606 κάκεῖνοι

97 1629 246 1673 τούτου
286 1629 522 1672 αἰτιώτατοι
551 1631 840 1686 γεγενημένοι,
884 1626 1095 1685 ἄπρακτοι
1132 1631 1340 1684 κάθηνται
1384 1630 1430 1671 ἐν
1458 1634 1551 1678 ταῖς

98 1698 252 1745 οἰκίαις
262 1729 275 1749 ,
306 1692 418 1739 οὕτω
447 1695 807 1753 προστεταγμένον
834 1693 917 1738 ὑπὸ
948 1695 1344 1753 παρακοιμωμένου.
1407 1692 1550 1751 ῶσπερ

190 1786 221 1820 5.
250 1784 374 1830 ἔχοιτε
396 1785 433 1819 Ρ.
527 1787 560 1822 8.
583 1778 722 1823 ἑαυτὰς
747 1785 796 1819 Μ.
897 1786 951 1824 ι3.
977 1783 1023 1820 τὰ
1056 1790 1141 1820 ante
1161 1785 1283 1830 βασιλ.
1309 1784 1393 1823 add,
1418 1785 1467 1819 Μ.

97 1867 229 1899 testate
258 1864 304 1896 ub
344 1861 582 1896 archontibus
618 1863 797 1909 spoliata,
828 1865 869 1897 lu
892 1864 1028 1908 palatio
1054 1875 1129 1897 non
1153 1874 1255 1897 secus
1280 1867 1391 1911 atque
1416 1865 1455 1898 in
1479 1876 1547 1898 cu-

95 1910 214 1945 stodia
255 1915 399 1950 manet,
428 1920 627 1956 parumque
670 1910 717 1943 ab
751 1910 798 1944 iis
832 1911 976 1951 differt,
1011 1911 1075 1955 qui
1111 1911 1151 1943 in
1187 1921 1326 1945 carcere
1363 1911 1545 1946 victitant.

95 1956 198 2003 Quid
237 1958 336 1991 enim
371 1956 538 1997 differat,
578 1956 729 1997 amabo,
763 1957 795 1990 si
835 1957 869 1991 ei
894 1956 990 1990 nihil
1014 1966 1134 2002 neque
1169 1958 1393 1999 consultare,
1426 1968 1547 2004 neque

94 2014 200 2049 agere
233 2003 332 2050 quod
375 2014 466 2048 opus
504 2003 553 2036 sit.
586 2003 823 2043 conceditur,
861 2004 925 2037 'sed
961 2003 1108 2036 illorum
1142 2002 1287 2038 decreta
1316 2004 1471 2048 probare
1506 2009 1546 2038 et

95 2049 200 2096 sequi
224 2049 394 2095 cogitur?
441 2049 555 2084 Urbes
579 2054 700 2084 autem
726 2049 957 2094 perdidistis:
982 2060 1064 2083 nam
1091 2050 1179 2083 alias
1204 2050 1275 2094 ipsi
1301 2050 1435 2084 Moesis
1459 2061 1545 2095 pre-

94 2098 188 2132 tium
226 2096 412 2131 societatis
449 2102 575 2130 contra
602 2108 660 2130 me
689 2097 868 2137 dedistis,
895 2097 982 2130 alias
1008 2096 1166 2130 Triballi
1186 2095 1426 2141 subegerunt:
1456 2097 1547 2130 reli-

124 2143 179 2176 uis
217 2144 313 2176 inter
346 2153 404 2177 me
441 2153 577 2189 vosque
613 2143 764 2184 divisis,
808 2154 931 2177 earum
965 2143 1098 2188 partim
1144 2142 1329 2176 intestinis
1362 2144 1546 2188 agitantur

94 2155 287 2223 fliscordiis
304 2194 342 2223 et
369 2188 517 2223 sibimet
540 2191 654 2224 exitio
684 2194 781 2231 sunt,
799 2191 932 2235 partim
947 2201 968 2223 a
986 2188 1093 2222 nobis
1119 2189 1207 2223 foris
1235 2188 1401 2223 obsessae
1419 2192 1543 2233 iugum

93 2237 257 2282 accipere
289 2242 431 2270 coactae
464 2236 757 2283 gravissimisque
799 2239 946 2271 attritae
992 2236 1253 2276 incommodis,
1292 2237 1331 2270 in
1364 2241 1544 2280 extremas

93 2281 324 2318 difficultates
349 2282 532 2317 coniectae
560 2288 667 2324 sunt,
694 2294 763 2317 nec
790 2284 862 2316 alia
890 2283 968 2317 fere
992 2283 1205 2317 conditione
1237 2286 1343 2324 sunt,
1406 2293 1484 2316 uam
1510 2282 1544 2315 si

92 2330 141 2364 ab
177 2329 345 2363 hostibus
378 2328 591 2375 subiugatae
624 2329 755 2367 forent,
825 2329 1005 2364 Pecuniae
1030 2329 1182 2363 facultas
1207 2328 1320 2362 nulla.
1408 2329 1478 2364 ⁷am
1504 2334 1544 2363 et

89 2376 271 2410 aerarium
298 2380 354 2410 est
377 2376 604 2411 exinanitum
634 2380 672 2410 et
695 2376 856 2411 thesauri
879 2376 1089 2422 absumpti,
1113 2381 1400 2421 ornamentaque
1424 2376 1544 2420 impe-

89 2423 226 2458 ratoria
266 2420 470 2463 divendita,
509 2427 548 2457 et
583 2424 624 2457 in
650 2424 810 2469 egregias
843 2424 929 2458 istas
968 2423 1124 2463 classes,
1163 2421 1261 2456 unde
1297 2422 1399 2456 nulla
1430 2421 1542 2456 rediit

89 2470 254 2509 utilitas,
282 2468 446 2513 impensa
471 2475 568 2513 sunt,
585 2469 646 2516 (de
667 2476 792 2504 nostra
811 2471 910 2505 enim
931 2475 1003 2504 tam
1030 2470 1206 2502 immensa
1257 2470 1385 2502 ecunia
1409 2468 1542 2548 tat-‚cog

90 2520 128 2551 et
155 2515 305 2560 publica
340 2515 542 2559 vectigalia,
575 2521 711 2550 vastata
736 2517 884 2562 regione
925 2516 1152 2552 defecerunt.
1184 2481 1287 2548 Afde
1310 2514 1404 2556 huc,
1441 2527 1513 2561 quo

89 2561 260 2608 opulenti
286 2567 323 2596 ct
340 2562 569 2606 imperatoris
591 2562 754 2597 defuncti
781 2564 820 2596 in
842 2561 1078 2610 gubernando
1106 2561 1312 2596 administri
1334 2562 1413 2603 alii,
1441 2560 1541 2609 quod

88 2609 182 2645 mihi
211 2610 371 2649 vellent,
404 2609 568 2653 pecuniis
604 2610 753 2655 spoliati
790 2614 827 2643 et
861 2610 969 2643 variis
994 2615 1100 2643 antea
1124 2609 1246 2642 vexati
1269 2609 1408 2650 modis,
1442 2620 1541 2642 nuuc

89 2666 248 2690 carceres
275 2655 455 2695 incolunt,
483 2656 559 2697 alii,
583 2657 757 2702 quoniam
784 2662 997 2696 cernentes,
1029 2659 1201 2702 quantam
1233 2656 1305 2691 vim
1341 2656 1541 2690 incommo-

90 2702 217 2740 dorum
256 2701 327 2736 hoc
359 2701 497 2736 bellum
529 2707 624 2737 esset
655 2703 888 2748 pariturum,
924 2702 1160 2750 (quamquam
1188 2702 1347 2737 eiusdem
1375 2701 1540 2748 primarii

91 2754 254 2787 ‚auctores
289 2747 404 2784 iidem
439 2749 510 2794 ipsi
541 2747 728 2793 fuissent,)
761 2749 862 2796 pacis
894 2750 1119 2795 ‘mentionem
1162 2749 1395 2792 intulissent,
1442 2748 1539 2784 domi
