1800 3138
535 215 910 258 HISTORIARUM
952 219 1123 263 111.t10.
1193 255 1196 258 ,
1422 200 1532 268 243

105 330 176 371 ρος
206 315 254 358 οὖ
284 313 429 372 ῥᾴδιος
454 314 608 366 αὕτοῖς,
637 313 710 355 καὶ
733 316 816 356 τῶν
843 314 1083 369 ἐπιτηδείων
1111 317 1246 357 δέοιτο
1275 315 1303 372 ἧ
1330 317 1724 372 οτρατιά,Α.ΰ.ι34α

104 377 217 422 ἄκων
243 381 321 433 μὲν
346 381 419 420 καί
443 380 729 434 δυσχεραίνων
756 379 806 420 οὔ
833 382 1011 434 μετρίως
1048 382 1122 421 καί
1162 380 1236 435 τήν
1259 384 1528 437 γεγενημένην
1547 391 1573 424 Β

103 443 303 500 πρότερον
330 445 400 486 ἐπὶ
424 443 496 486 τὸν
516 441 663 498 ’Ἑβρον
689 444 884 499 κωλύμην
907 445 1099 499 στρέφων
1127 447 1198 487 ἐπί
1219 447 1339 498 νοῦν,
1367 445 1439 487 καὶ
1466 449 1535 488 δε-

104 509 271 563 δοικώς,
296 507 355 564 μή
393 510 466 551 καὶ
491 504 618 559 αὖθις
646 509 698 550 τοὶ
729 508 914 565 παρόντα
941 511 1078 551 κακῶν
1107 508 1218 551 αἴτια
1244 509 1434 564 μεγάλων
1459 528 1536 553 κα-

74 577 245 631 5ταστῇ,
273 575 438 629 ἐπέλεγέ
463 591 506 617 τε
533 572 688 631 ἑαυτῷ,
718 573 775 624 ὥς
803 575 847 616 ἐν
875 569 936 623 οἷς
962 575 1039 626 μὲν
1068 573 1090 615 ὃ
1116 573 1215 623 θεὸς
1245 577 1432 628 εὐδοκεῖ,
1462 575 1538 618 καί

102 639 130 695 ἦ
156 640 285 688 κτίσις
311 637 455 682 ἅπασα
480 640 705 695 ὑπηρετεῖ,
762 636 822 689 οἷς
853 641 899 682 δὲ
928 636 1224 693 ἀντιτάττεται,
1253 640 1326 682 καί
1349 639 1374 694 ἦ
1403 643 1534 690 κτίσις

103 703 299 746 δύσκολον
326 702 477 757 ὅμοίως
504 703 657 759 ἑαυτήν
684 706 930 760 παρέχεται,
986 704 1212 760 ἀνέστρεφε
1249 707 1289 746 δ’
1320 700 1394 747 οὖν
1422 702 1534 759 ὅμως

101 770 162 818 εἷς
188 772 228 811 Γ
226 766 558 823 υναικόκαστρον,
586 769 752 824 γνώμην
782 767 915 823 ἔχων,
945 768 1022 820 ὥς,
1048 771 1098 824 τῇ
1127 773 1302 826 στρατιᾷ
1320 771 1437 812 σίτου
1458 786 1534 811 πο-

103 835 327 890 ρισθέντος,
368 829 496 883 αὖθις
523 836 760 876 ἐπανέλθοι.
820 830 966 889 ἤλπιζε
994 833 1088 889 γάρ,
1117 829 1218 890 ἄχρι
1246 834 1336 877 τότε
1363 836 1436 877 καί
1460 834 1533 877 τὸν

56 896 291 952 ιοποταμὸν
331 896 524 941 ἐνδώσειν
562 898 666 955 πρὸς
700 899 771 941 τὸν
811 898 952 954 πόρον.
1006 899 1336 954 πρωτοστρὰτωρ
1380 902 1427 943 δὲ
1462 902 1536 942 καί

104 961 143 1005 οἱ
169 962 309 1005 λοιποὶ
329 961 474 1018 ἥδοντο
501 963 606 1019 πρὸς
621 963 667 1019 τη
675 981 696 1006 ν
712 965 944 1018 ἀποτυχίαν
960 963 1035 1005 καί
1044 963 1260 1019 χαίροντες
1278 965 1527 1023 ἐπανῄεσαν.
1544 980 1571 1013 c

209 1027 266 1081 μ’.
325 1031 408 1083 Τῆς
443 1026 569 1084 αὖτῆς
608 1031 654 1071 δὲ
692 1030 852 1084 ἡμέρας
879 1031 953 1070 καί
971 1027 1225 1079 Ἀπόκαυκος
1244 1030 1264 1071 ὃ
1284 1032 1414 1085 μέγας
1431 1030 1581 1083 δοῦξν.
1592 1047 1661 1082 388

103 1088 379 1147 ἐβδομήκοντα
407 1096 533 1135 ναυσὶ
559 1092 663 1148 πρὸς
679 1095 981 1148 Θεσσαλονίκην
1007 1089 1104 1149 ἧκεν
1132 1096 1176 1145 ἐξ
1204 1096 1402 1149 Εὖβοίας.
1430 1096 1531 1152 πρὸς

101 1158 182 1214 γὰρ
210 1157 281 1200 τὸν
307 1160 510 1212 βασιλέως
539 1159 718 1212 πόλεμον
747 1160 868 1200 οὐδὲν
894 1157 1080 1211 οἰόμενος
1108 1159 1414 1216 λυσιτελήσειν,
1464 1159 1532 1204 οἷα

54 1222 154 1279 ι5δή
187 1225 382 1278 ναυτικῆς
425 1218 551 1279 οὔσης
589 1228 662 1279 τῆς
689 1223 903 1278 δυνάμεως
929 1225 1059 1281 αὐτῷ,
1103 1228 1455 1282 Καντακουζηνοῢ
1483 1230 1531 1269 δὲ

100 1291 176 1332 τοῦ
200 1291 404 1342 βασιλέως
429 1290 473 1340 ἐξ
502 1290 671 1345 ἠπείρου
704 1292 1052 1346 στρατευομένου,
1080 1289 1156 1339 τὰς
1185 1291 1334 1345 νήσους
1359 1291 1553 1346 περιιών

100 1356 359 1397 ἐπεδείκνυτο
399 1353 474 1408 τὴν
515 1353 693 1407 δύναμιν
730 1354 804 1396 καί
841 1357 1047 1411 προῆλθεν
1090 1351 1192 1410 ἄχρι
1226 1359 1298 1410 τῆς
1334 1358 1569 1409 Εὗβοιάς.[)

102 1421 261 1460 ἐκεῖθεν
289 1420 335 1460 δὲ
362 1419 454 1460 ἐπεὶ
479 1422 758 1476 α’ναστρέφειν
785 1414 836 1474 ἦν
863 1418 1021 1474 καιρὸς,
1051 1420 1187 1462 ἐδόκει
1217 1422 1302 1461 δεῖν
1327 1420 1402 1462 καί
1428 1421 1532 1475 πρὸς

107 1483 411 1537 Θεσσαλονίκην
438 1485 575 1526 ἐλθεῖν
591 1518 604 1537 ,
645 1483 947 1537 ἐπιδειξόμενος
974 1486 1096 1526 κιῖκεΐ
1117 1484 1193 1539 τήν
1222 1484 1412 1537 δύναμιν.
1468 1488 1536 1527 έλ-

51 1546 221 1590 2οθόντι
257 1549 303 1589 δὲ
338 1547 470 1597 εὕθύς
496 1547 522 1602 ἦ
551 1548 648 1605 περὶ
672 1549 747 1604 τήν
785 1552 988 1602 βασιλέως
1015 1548 1215 1605 στρατιὰν
1243 1550 1443 1603 ἐμηνύετο
1475 1553 1540 1591 δι’-

101 1614 322 1667 χοστασιόι.
368 1612 447 1654 ὁδ’
464 1613 611 1654 αὐτίκα
650 1612 991 1669 πρωτοστράτορί
1010 1630 1054 1654 τε
1083 1616 1155 1655 καί
1181 1620 1267 1663 τοῖς
1296 1610 1436 1662 ἄλλοις
1461 1614 1537 1668 τήν

104 1674 249 1734 ἄφιξιν
276 1677 406 1720 αὐτοῦ
433 1677 583 1732 ἐδήλου
604 1680 676 1719 καί
691 1680 958 1733 ἐπηγγέλλετο
977 1678 1120 1730 πολλὰ,
1151 1681 1190 1720 εἰ
1206 1681 1407 1731 βασιλέως
1429 1680 1534 1719 α’πο-

102 1748 243 1786 σταῖεν
268 1741 373 1799 πρὸς
400 1742 552 1796 αὐτὸν,
593 1738 621 1796 ἢ
662 1743 712 1785 τὰ
738 1742 896 1798 ἔσχατα
923 1743 1082 1798 η’πείλει
1109 1741 1325 1798 διαθήσειν
1350 1741 1448 1791 τούς
1474 1743 1534 1784 οἷ-

105 1918 232 1952 nolens
256 1922 292 1952 et
322 1929 447 1964 magna
472 1930 549 1953 eum
582 1920 768 1960 molestia,
804 1920 1008 1954 recordatus
1046 1920 1226 1966 quomodo
1255 1922 1342 1955 alias
1367 1922 1529 1956 Hebrum

106 1976 251 2011 quoque
274 1968 428 1999 transire
459 1966 587 1999 fuisset
609 1965 834 2011 prohibitus,
871 1973 908 2000 et
939 1967 1157 2007 formidans,
1192 1978 1238 1999 ne
1270 1968 1356 2001 hinc
1389 1981 1531 2002 rursum

106 2011 232 2055 ingens
258 2013 391 2044 malum
415 2013 587 2053 oriretur,
613 2023 724 2057 seque
751 2013 869 2057 ipsum
892 2013 1002 2046 tacite
1028 2012 1245 2053 admonens,
1273 2013 1405 2059 quibus
1434 2016 1530 2048 Deua

105 2056 201 2090 bene
223 2058 334 2098 velit,
358 2059 403 2091 iis
431 2069 485 2091 res
512 2064 647 2092 creatas
674 2070 794 2092 omnes
818 2060 1011 2103 inservire;
1056 2059 1187 2104 quibus
1211 2065 1333 2092 autem
1360 2060 1532 2094 adverse-

105 2108 188 2143 tur,
213 2102 300 2137 huic
322 2105 489 2138 similiter
513 2111 709 2139 creaturam
741 2116 779 2138 se
810 2105 982 2150 praebere
1024 2104 1217 2139 difficilem.
1266 2106 1436 2139 Reversus
1478 2114 1534 2153 est

106 2154 227 2182 tamen
251 2150 290 2182 in
314 2151 636 2194 Gynaecocastrum
673 2163 714 2184 ea
739 2157 861 2185 mente
876 2177 885 2191 ‚
927 2156 969 2183 ut
992 2152 1195 2197 conquisita
1220 2152 1393 2185 exercitui
1418 2163 1533 2185 anno-

106 2205 154 2227 na
179 2195 337 2228 rediret:
361 2197 525 2231 alebatur
547 2198 642 2230 enim
667 2209 750 2242 spe,
773 2198 906 2231 flumen
931 2197 1070 2230 interea
1094 2197 1200 2230 undis
1220 2198 1416 2231 imminutis
1435 2210 1536 2232 mea·

107 2239 185 2274 bile
212 2241 380 2275 futurum.
429 2244 668 2277 protostrator
691 2245 874 2290 ceterique
900 2254 942 2277 eo
966 2243 1226 2288 impedimento
1250 2244 1360 2285 laeti,
1383 2246 1534 2290 nimium

108 2293 286 2332 quantum
313 2288 468 2322 libentes
493 2289 672 2323 redibant.

200 2333 255 2376 4ο.
304 2333 437 2367 Eodem
463 2335 523 2370 die
539 2336 648 2368 etiam
665 2334 910 2379 Apocauchus,
932 2346 1078 2379 magnus
1094 2334 1176 2375 dux,
1205 2346 1285 2368 cum
1309 2337 1533 2380 septuaginta

107 2378 261 2414 navibus
290 2390 334 2412 ex
356 2380 500 2414 Euboea
525 2381 814 2415 Thessalonicam
841 2381 981 2415 delatus
1006 2387 1069 2415 est.
1106 2381 1196 2413 Nam
1220 2392 1299 2414 cum
1328 2381 1373 2414 ad
1396 2382 1533 2415 bellum

108 2431 232 2460 contra
265 2426 512 2470 imperatorem
539 2424 634 2460 nihil
660 2438 698 2460 se
731 2429 943 2461 collaturum
969 2433 1133 2473 putaret,
1170 2427 1269 2471 quod
1302 2427 1380 2472 ipse
1412 2429 1534 2472 navali

107 2472 271 2517 potentia
299 2472 455 2513 valeret,
489 2474 757 2507 Cantacuzenus
781 2478 901 2507 autem
935 2475 975 2507 in
1008 2479 1103 2506 terra
1140 2472 1292 2506 haberet
1316 2475 1533 2512 exercitum,

108 2518 244 2550 insulas
270 2518 479 2551 circumiens
507 2524 545 2552 et
565 2521 657 2553 vires
682 2531 761 2552 suas
785 2526 990 2560 ostentam,
1014 2519 1199 2552 Euboeam
1222 2519 1394 2564 pervenit.
1442 2520 1534 2553 Inde

110 2565 197 2608 quia
223 2563 381 2596 abeundi
409 2570 547 2608 tempus
571 2572 657 2606 erat,
680 2567 795 2598 visum
811 2566 1101 2600 Thessalonicam
1125 2575 1270 2609 quoque
1297 2566 1534 2610 navigandum

111 2615 149 2642 et
172 2608 226 2643 ibi
253 2611 419 2643 similiter
442 2610 534 2644 vires
567 2612 808 2658 ostentandas.
856 2613 906 2645 Eo
942 2617 982 2644 ut
1004 2611 1122 2651 venit,
1158 2611 1322 2654 protinus
1357 2611 1532 2645 dissensio

111 2657 287 2689 exercitus
310 2657 345 2689 ei
369 2655 567 2698 indicatur,
602 2657 753 2703 ipseque
785 2657 972 2691 confestim
1005 2656 1253 2700 protostrator-i
1285 2662 1322 2690 et
1351 2657 1430 2691 aliis
1466 2658 1533 2690 ad-

110 2705 256 2734 ventum
284 2713 385 2735 suum
410 2703 585 2748 significat
619 2710 656 2738 et
679 2705 862 2749 promissis
896 2714 956 2735 eos
991 2708 1136 2742 onerat,
1174 2703 1204 2735 si
1239 2703 1284 2736 ab
1317 2703 1533 2747 imperatore

114 2746 161 2779 ad
187 2758 224 2780 se
250 2752 449 2782 transeant:
485 2750 523 2781 ni
546 2748 682 2790 faxint,
719 2761 842 2783 eorum
880 2754 1047 2792 cognatos
1085 2747 1274 2782 horrendis
1316 2749 1533 2782 crucialibus

115 2792 355 2828 crudelissime
379 2793 612 2840 perditurum.
649 2796 901 2837 Protostmtor,
928 2795 991 2840 qui
1017 2799 1053 2826 et
1075 2794 1211 2839 alioqui
1237 2795 1392 2828 militare
1416 2796 1533 2839 impe-
