1820 3152
498 163 875 206 HISTORIARUM
919 167 991 206 ιιι.
1031 169 1103 214 92-
1437 142 1547 199 565

101 266 220 306 αὕτα
247 265 475 318 τολμῶντι,
507 267 602 307 ἐπεί
626 265 697 308 καί
723 265 838 321 παρὰ
866 267 949 307 τῶν
977 266 1021 307 ἐν
1048 262 1270 323 Βυζαντίῳ
1290 264 1537 320 ἀρχιερέων,
1554 268 1742 316 A.c;1346

109 329 154 371 οἳ
172 380 174 382 v
194 329 239 372 ἐν
273 336 365 380 ταῖς
395 330 545 380 οἰκίαις
586 329 779 388 ἆπρόϊτοι
825 333 992 386 διῆγον,
1039 333 1307 386 ἐπετρέποντο
1346 330 1550 387 πρότερον

107 391 374 449 ἀποσχέσθαι
414 400 489 451 τῆς
529 398 689 439 ἐκείνου
717 398 955 446 κοινωνιάς·
998 396 1090 439 ἐπεὶ
1120 395 1257 439 ἐδόκει
1283 397 1387 439 πᾶσι
1414 398 1550 446 καλῶς

106 457 219 514 ἔχειν
264 461 527 517 ἀφίστασθαι
577 464 734 505 ἐκείνου
781 465 855 504 καί
904 462 1183 518 ἐπεψηφίζετο
1243 461 1316 504 καὶ
1356 462 1379 504 ὁ
1427 465 1551 516 βασι-

80 521 227 578 5λεύς,
266 529 349 568 τῶν
384 525 508 583 ἱερῶν
552 528 745 570 ἁπάντων
788 530 930 583 ἐξῆγον
963 530 1037 584 τὴν
1069 530 1226 571 ἐκείνου
1252 526 1447 584 μνήμην,
1477 526 1551 570 καὶ

105 593 234 633 πᾶσιν
276 593 475 648 ἀπείρητο
514 595 668 636 ἐκεῖνον
711 594 906 650 ἡγεῖσθαι
939 595 1229 649 πατριάρχην,
1274 595 1347 636 καί
1385 592 1431 636 ἐκ
1468 595 1549 636 τῶν

104 659 328 709 βασιλείων
366 657 520 712 ὁμοίως
561 660 587 714 ἦ
627 661 783 702 ἐκείνου
817 661 957 715 μνήμη
986 658 1238 712 ἑξεβάλλετο.
1291 658 1395 712 μετὰ
1428 661 1549 701 τοῦτο

105 723 152 763 δὲ
182 722 219 763 οἱ
248 724 292 764 ἐν
332 726 439 766 τέλει
484 723 634 774 πάντες
676 727 750 766 καί
786 729 858 781 τῆς
885 729 1082 781 στρατιᾶς
1111 724 1150 767 οἱ
1192 724 1417 781 ἡγεμόνες,
1456 721 1548 777 ἅμα

67 785 70 791 ’
104 789 151 828 δὲ
178 790 253 830 καί
278 789 303 843 ἦ
332 789 539 843 στρατια,
569 790 868 843 προσελθόντες
894 795 1081 845 βασιλεῖ,
1110 793 1274 834 ἐδέοντο
1307 792 1382 832 καί
1409 790 1581 832 Mar-D

53 856 228 895 Ῐοθαῖον
271 853 343 897 τὸν
376 854 472 898 υἱὸν
513 855 809 899 ἀποδεικνύναι
849 859 1055 911 βασιλέα,
1109 858 1161 899 ἵν’
1177 855 1254 900 εἴτι
1283 856 1382 912 περὶ
1420 852 1548 898 αὖτὸν

103 922 316 974 συμβαίη,
346 920 419 962 καί
446 920 586 978 τρόπῳ
609 921 659 976 δή
685 939 767 964 τινι
798 925 841 974 ἐξ
873 921 1108 978 ἀνθρώπων
1138 926 1317 978 γένοιτο,
1346 919 1548 975 βασιλεύ-

104 999 212 1026 οινεο
243 985 317 1026 ὑπ’
334 987 467 1027 αὐτοῦ
483 1003 495 1014 ·
521 993 605 1036 τοῖς
631 986 708 1042 γὰρ
740 988 955 1042 πολεμίοις
984 990 1037 1029 ου’
1060 988 1264 1044 &agni-etv,
1296 989 1476 1043 ἐξαρχῆς
1502 1002 1548 1028 τε

101 1049 210 1106 πρὸς
241 1047 398 1101 αὐτούς
427 1054 675 1106 δυσμένειαν
715 1054 766 1095 ου’
806 1055 883 1109 την
921 1058 1132 1108 τυχοῦσαν
1171 1053 1547 1107 ἐπιδεδειγμένοις,

102 1118 175 1158 καί
204 1117 349 1171 μέχρι
374 1120 447 1160 νῦν
487 1117 564 1172 τὴν
606 1117 700 1173 ἴσην
735 1117 903 1175 γνώμην
941 1122 1204 1175 διατηροῦσι.
1258 1117 1459 1172 βασιλεῦς
1500 1119 1548 1160 δὲ

51 1180 247 1231 ῐόαιῖτοΐς
287 1185 363 1238 τῆς
397 1184 476 1236 μὲν
519 1185 681 1233 εὐνοίας
719 1188 837 1227 ἕνεκα
876 1188 949 1240 τῆς
977 1187 1035 1234 εἷς
1069 1185 1202 1227 αὐτὸν
1228 1186 1358 1240 χάριν
1387 1182 1548 1238 (ὁμολό-

99 1264 190 1303 γει,
222 1247 364 1290 δίκαιά
390 1265 434 1291 τε
462 1247 620 1306 ἔφασκε
646 1253 719 1293 καί
746 1251 1007 1307 προσήκοντα
1037 1253 1191 1305 αἰτεῖν,
1226 1252 1447 1303 δεομένους
1474 1247 1547 1292 τὸν

98 1312 194 1355 υἱὸν
221 1314 518 1357 α’ποδεικνύναι
544 1318 722 1370 βασιλέα
739 1335 748 1344 ·
790 1314 936 1373 πόρῥω
966 1319 1011 1359 δὲ
1040 1315 1304 1359 παντάπασιν
1331 1313 1438 1358 εἶναι
1468 1316 1544 1371 τῆς

99 1381 258 1421 ἐκείνου
300 1380 498 1430 διανοίας.
554 1378 650 1423 οὔτε
687 1381 767 1438 γὰρ
807 1385 989 1439 έξαρχῆς
1026 1389 1111 1431 τοῖς
1150 1383 1357 1436 βασιλέως
1398 1385 1545 1424 παισίν

99 1443 383 1497 ἐπιβουλεύων
415 1447 546 1488 εἵλετο
582 1445 652 1488 τὸν
681 1446 886 1501 πόλεμον,
932 1444 1029 1490 οὔτε
1071 1449 1200 1502 μέχρι
1238 1448 1344 1499 νῦν,
1401 1450 1662 1499 καίτοιΡ.67ι

44 1512 284 1552 αοτοσαῦτα
316 1509 432 1566 παρὰ
461 1512 544 1552 τῶν
572 1511 912 1567 πεπολεμηκότων
943 1513 1172 1565 ὑπομείνας
1198 1511 1251 1554 τὰ
1281 1511 1425 1565 δεινὰ,
1466 1512 1544 1567 τήν

98 1574 205 1630 πρὸς
245 1574 345 1624 τους
384 1578 539 1625 παῖδας
576 1580 783 1630 βασιλέως
819 1573 986 1619 εὔνοιαν
1021 1575 1243 1630 ἀπέβαλεν,
1299 1572 1406 1618 ἄλλα
1453 1576 1544 1619 τότε

97 1641 198 1693 μὲν,
228 1641 394 1683 ἐκείνων
426 1641 581 1691 πολλὰς
611 1646 898 1699 συκοφαντίας
935 1645 1215 1697 πλασαμένων
1242 1642 1317 1684 καί
1342 1642 1543 1697 διαβολὰς

191 1746 245 1769 21.
271 1734 456 1779 ἀπέλαβεν
481 1735 515 1768 Ρ.

97 1813 333 1846 invitationes
360 1812 406 1845 ad
434 1812 511 1847 dies
535 1813 708 1859 plurimos
735 1815 1070 1861 frequentabantur.
1106 1815 1336 1861 Congregatis
1362 1818 1439 1851 illic
1457 1830 1542 1864 pro—

96 1865 179 1905 pter
212 1859 310 1892 diem
341 1859 472 1893 festum
507 1860 607 1894 hunc
635 1862 837 1907 episcopis,
875 1861 920 1894 de
946 1863 1081 1895 Ioanne
1107 1863 1310 1907 patriarcha
1332 1867 1539 1910 quaesitum

99 1910 175 1948 est,
215 1906 349 1951 ecquid
382 1907 460 1940 eius
493 1908 734 1942 sacerdotium
769 1909 924 1942 revereri
969 1914 1006 1942 et
1051 1920 1131 1942 cum
1167 1909 1236 1942 illo
1272 1914 1539 1946 communicare

67 1979 69 1988 ,
100 1958 311 1997 oporteret:
350 1953 497 1999 quando
523 1961 596 1989 tam
629 1956 800 1989 scelerate
826 1957 958 2000 egisset
981 1960 1018 1988 et
1043 1955 1088 1988 ab
1113 1957 1292 2003 episcopis
1318 1959 1539 2004 etiam‚1qui

96 2000 262 2042 Byzantii
295 2002 335 2034 in
365 2001 516 2034 aedibus
554 2001 750 2036 interdicto
783 2013 924 2035 accessu
953 2002 1228 2042 coercebantur,
1266 2003 1311 2036 ab
1338 2007 1415 2038 eius
1441 2015 1539 2040 com-

96 2047 271 2080 munione
303 2047 513 2081 abstinendi
558 2054 718 2093 potestas
757 2049 831 2081 iam
868 2055 952 2082 ante
989 2059 1155 2082 concessa
1192 2055 1296 2084 esset.
1343 2052 1540 2096 Postquam

95 2094 213 2127 visum
249 2095 447 2136 universis,
491 2094 536 2127 ab
574 2097 652 2128 eius
695 2096 868 2129 societate
900 2095 1047 2140 penitus
1083 2095 1346 2138 recedendum,
1386 2107 1540 2143 eamque

95 2140 315 2173 sententiam
345 2142 514 2186 suffragio
550 2152 615 2174 suo
650 2143 847 2187 imperator
877 2142 1141 2186 comprobavit,
1174 2152 1193 2174 e
1225 2145 1334 2176 sacris
1371 2145 1539 2178 omnihus

97 2187 175 2220 eius
206 2197 340 2219 nomen
371 2194 591 2232 expunctum
628 2195 703 2230 est,
738 2194 775 2221 et
809 2188 993 2222 decretum
1032 2188 1191 2228 factum,
1231 2195 1273 2223 ut
1303 2201 1351 2223 ne
1383 2193 1465 2236 quis
1492 2192 1538 2225 de

96 2237 216 2266 cetero
241 2234 347 2267 iilum
371 2246 436 2279 pro
459 2236 662 2280 patriarcha
689 2240 906 2279 agnosceret.
948 2237 974 2268 E
998 2235 1133 2280 palatio
1159 2236 1327 2270 similiter
1351 2238 1428 2271 eius
1453 2249 1539 2283 pro-

95 2279 218 2324 fligata
253 2281 436 2314 memoria.
491 2281 555 2322 His
582 2284 694 2323 actis,
727 2293 890 2327 proceres
928 2286 966 2315 et
997 2281 1104 2314 duces
1147 2292 1269 2316 omnes
1301 2287 1410 2328 atque
1445 2284 1537 2317 adeo

96 2332 194 2360 totus
231 2329 407 2361 exercitus
439 2329 691 2372 imperatorem
721 2339 846 2368 orare,
877 2329 930 2361 uti
954 2327 1179 2361 Matthaeum
1206 2328 1319 2362 filium
1343 2329 1539 2374 imperato-

95 2383 173 2406 rem
205 2372 430 2417 designaret,
467 2380 508 2408 ut
541 2375 572 2407 si
607 2375 698 2420 quid
728 2377 797 2420 ipsi
825 2374 1035 2408 humanitus
1060 2375 1257 2416 accideret,
1294 2376 1339 2408 ab
1367 2388 1410 2410 eo
1436 2388 1537 2423 rege-

97 2424 242 2453 rentur:
281 2431 356 2453 non
389 2420 486 2454 enim
524 2421 708 2456 fidendum
739 2421 933 2462 hostibus,
977 2422 1041 2466 qui
1076 2422 1121 2453 ab
1157 2421 1264 2455 initio
1288 2434 1362 2456 non
1388 2423 1534 2468 vulgare

61 2486 64 2489 <
94 2465 197 2498 illins
229 2465 351 2500 odium
376 2477 463 2512 prae
486 2478 524 2500 se
549 2468 720 2502 tulissent
755 2474 792 2502 et
817 2479 913 2501 nunc
938 2469 1064 2502 eodem
1090 2474 1211 2501 essent
1237 2469 1367 2502 animo.
1416 2471 1535 2516 Impe-

95 2517 193 2548 rator
217 2511 262 2545 de
289 2513 405 2546 amica
438 2514 477 2546 in
505 2524 542 2546 se
567 2516 755 2549 voluntate
781 2515 911 2559 gratias
936 2517 1025 2558 agit,
1059 2514 1292 2560 peteudoque
1323 2516 1435 2549 fllium
1469 2519 1536 2550 im-

92 2563 299 2604 peratorem
335 2560 530 2599 declarari,
561 2571 621 2595 eos
653 2560 752 2593 haud
784 2562 898 2601 iusta,
938 2572 1004 2594 nec
1038 2562 1288 2595 convenientia
1322 2569 1444 2607 petere
1471 2566 1535 2604 ait,

97 2611 136 2638 et
159 2607 253 2639 istuc
276 2618 297 2639 a
321 2607 601 2651 cogitationibus
633 2610 706 2641 suis
743 2619 820 2641 esse
857 2608 1145 2641 remotissimum.
1206 2608 1332 2654 Neque
1365 2611 1460 2642 enim
1486 2610 1532 2642 ab

96 2652 229 2692 initio,
267 2652 366 2697 quod
398 2653 483 2686 filiis
518 2654 742 2699 imperatoris
767 2654 1025 2694 insidiaretur,
1050 2666 1146 2687 arma
1171 2656 1386 2699 sumpsisse:
1414 2667 1533 2700 neque

96 2709 211 2743 usque
237 2698 282 2731 ad
300 2699 405 2732 illum
427 2699 536 2740 diem,
559 2702 723 2746 quamvis
741 2701 830 2734 adeo
852 2700 929 2733 dira
945 2700 990 2732 ab
1011 2702 1167 2735 inimicis
1190 2712 1411 2747 perpessum,
1429 2703 1533 2734 beni-

98 2755 204 2794 gnum
237 2756 318 2791 erga
352 2757 412 2780 eos
437 2747 594 2782 animum
624 2747 777 2785 cauisse,
825 2746 895 2781 Sed
922 2753 996 2781 tum
1024 2747 1170 2795 quidem
1195 2749 1269 2783 illis
1294 2750 1407 2782 multa
1432 2759 1533 2784 nieu-
