1800 3146
541 186 919 229 HISTORtARUM
958 187 1032 228 111.
1062 190 1128 234 74.
1437 169 1555 237 465

110 294 278 347 Ἀρεῖος
314 288 337 333 ὅ
375 288 482 332 κατὰ
523 290 716 345 Χριστοῦ
743 290 915 342 μανείς,
961 290 1036 330 καί
1060 287 1140 344 πρὸ
1165 291 1239 344 τῆς
1266 288 1445 332 συνόδου
1473 293 1755 346 τῆςΑᾸΞηδήΞ

109 355 228 412 ἱερᾶς
256 355 329 399 καὶ
353 356 427 410 τῆς
458 356 633 409 ἔκτομῆς
671 357 748 396 τοῦ
786 357 935 396 λοιποῦ
975 355 1050 409 τῆς
1086 356 1307 409 ἐκκλησίας
1335 356 1558 408 σώματος,

110 423 401 477 ἐκτετμημένος
439 419 556 476 παρὰ
585 423 690 462 θεοῦ
720 419 1001 475 ἀπεκαλύφθη
1056 418 1130 461 καὶ
1153 416 1319 475 γεέννης
1344 416 1463 472 ἄξιος
1488 420 1564 463 καὶ

110 491 184 542 τῆς
222 489 268 530 ἐν
305 484 410 543 ᾅδου
447 487 689 541 καταδίκης·
755 479 809 526 ἄν
845 500 891 526 τε
917 486 1050 539 μηδὲν
1076 487 1266 527 τοιοῦτον
1293 486 1563 540 εἰργασμένος

89 553 347 609 ὄφαίνηται,
392 549 499 593 α’λλὰ
540 548 683 604 νόμοις
718 551 824 592 θεοῦ
861 552 1082 603 προσέχων
1120 552 1194 593 καί
1228 557 1320 600 ταῖς
1347 553 1562 606 ἐντολαῖς,

115 619 165 660 αἳ
185 616 371 671 μάλιστα
398 616 522 670 μέλος
549 613 656 659 εἶναι
684 617 878 671 Χριστοῦ
909 618 1102 658 ποιοῦσιν
1117 649 1142 668 ,,
1173 616 1250 658 οὐκ
1277 612 1328 658 ἂν
1357 613 1429 658 ἄπ’
1457 619 1566 659 ἐκεί·

114 698 189 726 νου
215 684 466 737 χωρισθείη,
499 678 552 724 ἂν
580 680 746 729 πάθους
774 682 893 722 ἕνεκα
925 681 1036 722 ἰδίου
1067 679 1104 722 οἱ
1135 677 1349 736 α’ρχιερεῖς
1367 682 1564 737 χωρίζω-

113 765 194 792 σιν.
248 747 270 789 ὅ
309 746 386 804 γὰρ
428 749 559 801 μέγας
585 744 780 809 λαμπτήρ
809 749 886 800 τῆς
914 747 1155 801 οἰκουμένης
1179 746 1373 802 Ἰωάννης
1403 746 1425 788 ὅ
1453 759 1597 803 χρυ-Β

117 816 218 863 σοῦς
253 813 330 868 τήν
357 817 571 867 γλῶτταν,
617 815 692 868 τῆς
719 811 892 867 ποιζιινης
923 811 1078 861 ἀδίκως
1105 809 1187 853 ὑπὸ
1216 817 1301 854 τῶν
1328 811 1567 855 ἐπισκόπων

71 879 348 929 ιοοῖπελαθεὶς
389 878 464 922 καί
501 883 667 927 πολλοῖς
703 883 842 928 κακοῖς
879 879 1193 933 προσομιλήσας
1243 877 1315 920 καί
1343 878 1571 936 ἀφορισμῷ

116 947 192 987 καί
217 946 456 998 α’ναθέματι
483 942 768 999 ὑποβληθείς,
798 944 921 986 οὐδὲν
952 941 1135 997 ἀπέβαλε
1171 945 1246 998 τῆς
1276 942 1418 998 δόξης·
1474 944 1570 985 ἄλλ’

118 1013 271 1060 ἐκεῖνος
301 1011 380 1064 μὲν
420 1012 480 1058 εἰς
518 1006 589 1051 dei
622 1011 800 1066 Χριστῷ
834 1006 999 1051 σύνεστι
1026 1007 1405 1063 συνδοξαζόμενος,
1438 1010 1476 1051 οἱ
1502 1010 1574 1059 εἶκ-Δ

117 1075 309 1128 τεμόντες
336 1077 383 1117 δὲ
413 1077 573 1128 μᾶλλον
600 1071 778 1123 ἑαυτοὺς
807 1077 879 1128 τῆς
909 1071 1027 1129 δόξης
1055 1071 1337 1130 η’λλοτρίωσαν
1356 1077 1432 1116 τοῦ
1449 1076 1570 1127 θεοῦ,

121 1139 269 1198 φθόνῳ
322 1142 396 1182 καί
446 1141 708 1196 συκοφαντίᾳ
746 1138 820 1180 καί
857 1141 1036 1196 διαβολῇ
1093 1142 1167 1181 καί
1210 1144 1383 1196 μυρίοις
1430 1136 1574 1189 ἄλλοις

72 1206 301 1251 ιόπάθεσιν
339 1203 533 1254 ἐκδότους
572 1201 752 1253 ἑαυτούς
795 1202 1078 1259 πεποιηκότες.
1146 1208 1186 1247 εἰ
1221 1207 1299 1258 μὲν
1327 1202 1402 1248 οὖν
1432 1222 1474 1247 τι
1502 1203 1577 1246 καί

119 1273 252 1320 αὐτὸς
278 1274 385 1324 ἐμοῦ
426 1273 613 1313 τοιοῦτον
651 1270 741 1324 ἔχει
779 1275 1041 1324 κατηγορεῖν,
1071 1266 1161 1313 οἷον
1193 1268 1302 1313 εἶναι
1342 1267 1457 1322 ἄξιον
1487 1267 1572 1313 ἀπὸ

120 1340 224 1379 θεοῦ
247 1336 446 1391 χωρίζειν
462 1370 475 1389 ,
515 1338 666 1391 λεγέτω
702 1335 775 1377 καί
801 1334 1024 1390 δεικνύτω,
1053 1335 1128 1377 καί
1152 1335 1226 1390 τήν
1252 1352 1297 1377 τε
1325 1338 1574 1392 ἐπιτιμησιν,

118 1402 225 1445 οἴσω
271 1400 414 1459 πρᾴως
452 1403 524 1443 καί
564 1401 668 1456 πρὸς
709 1403 793 1444 τῶν
831 1401 1135 1456 ἡμαρτημένων
1174 1399 1249 1456 τήν
1279 1401 1573 1458 ἐπανόρθωσιν

125 1471 266 1510 πᾶσαν
303 1468 564 1519 ἐπιδείξομαι
605 1464 805 1520 σπουδήν.
874 1467 914 1507 εἰ
952 1468 989 1507 δ’
1029 1467 1183 1516 οἰκείας
1222 1468 1425 1520 ἀβουλίας
1453 1468 1573 1510 ἕνεκα

69 1535 198 1578 aouai
236 1532 399 1589 φθόνου
443 1533 516 1574 καί
546 1532 854 1586 συκοφαντίας,
898 1528 965 1572 ὅτι
997 1530 1055 1586 μὴ
1088 1534 1298 1586 παρέσχον
1322 1533 1611 1589 κατασφάτ-(ἶ

126 1615 213 1642 τειν
240 1596 446 1651 ε’μαυτὸν,
479 1595 560 1638 α’πὸ
591 1597 695 1638 θεοῦ
723 1594 920 1650 χωριζειν
948 1594 1068 1649 ἔγνω,
1103 1596 1316 1650 σκοπείτω,
1342 1597 1401 1652 μη
1431 1599 1484 1639 ου’
1521 1600 1578 1641 δι’

127 1666 232 1718 ἐμοῦ
257 1665 429 1716 μᾶλλον,
459 1658 487 1717 ἢ
514 1659 671 1703 ἑαυτοῦ
696 1659 741 1703 τὸ
772 1664 891 1716 ξίφος
919 1656 1098 1715 ὤθησεν·
1155 1662 1205 1702 οὐ
1233 1660 1329 1717 γάρ,
1356 1662 1579 1713 Διονύσιος

125 1730 152 1772 ὅ
178 1731 332 1785 μέγας,
364 1730 547 1771 ἕπεσθαί
557 1761 569 1781 ,
601 1743 731 1784 φησι,
770 1724 815 1769 τὸ
844 1730 961 1769 θεῖον
989 1732 1084 1776 ταῖς
1107 1725 1361 1783 παραλόγοις
1386 1731 1471 1770 τῶν
1500 1730 1579 1784 α’ρ-

224 1844 258 1878 7.
283 1831 322 1866 οἱ
346 1843 417 1865 om.
438 1833 477 1866 1³.
554 1843 604 1877 ¹9·
631 1830 756 1868 οῖκίας
781 1831 821 1865 Ρ.

130 1911 252 1945 henna
275 1911 547 1956 inferorumque
581 1911 772 1955 suppliciis
810 1910 957 1955 dignum
995 1920 1096 1950 esse,
1133 1909 1308 1944 divinitus
1349 1907 1580 1945 demonstra-

130 1963 209 1991 tum
234 1963 298 1991 est.
363 1959 401 1992 Si
438 1968 522 1991 vero
556 1958 652 1991 nihil
691 1958 762 1991 tale
796 1957 924 1990 fecisse
961 1961 1098 1989 certum
1137 1958 1207 1997 sit,
1241 1956 1304 1989 sed
1333 1968 1415 1990 eum
1443 1957 1578 1991 divinis

131 2015 260 2051 parere
296 2006 523 2049 praeceptis,
561 2015 654 2050 quae
688 2005 844 2037 maxime
872 2003 1054 2042 efficiunt,
1095 2003 1199 2036 utin
1225 2003 1396 2036 membris
1441 2004 1582 2038 Christi

133 2060 380 2091 numeremur,
409 2062 483 2084 non
508 2053 638 2097 utique
665 2051 710 2083 ab
737 2052 802 2084 ilto
827 2050 1069 2096 separabitur,
1094 2049 1125 2083 si
1152 2053 1251 2082 motu
1277 2050 1402 2095 aliquo
1432 2050 1581 2083 turbido

136 2103 174 2132 et
195 2109 215 2130 a
252 2097 391 2131 ratione
425 2109 549 2132 averso
594 2099 755 2143 episcopi
792 2097 896 2129 illum
923 2097 1087 2130 fidelium
1112 2096 1372 2129 communitate
1397 2095 1584 2140 prohibu-

136 2145 241 2177 erint.
290 2144 459 2188 Magnum
485 2145 581 2178 enim
607 2144 705 2178 orbis
732 2150 908 2177 terrarum
933 2143 1071 2183 lumen,
1097 2143 1250 2175 Ioannes
1276 2142 1340 2176 ille
1365 2144 1437 2175 oris
1465 2143 1588 2183 attrei,

135 2201 203 2237 per
234 2189 336 2223 nefas
370 2201 391 2222 a
430 2201 533 2236 grege
570 2202 634 2226 suo
668 2192 923 2235 episcoporum
963 2189 1144 2223 sententia
1181 2188 1309 2234 inique
1343 2189 1516 2233 depulsus
1541 2199 1584 2222 ac

136 2236 306 2284 pluribus
344 2237 498 2270 miseriis
537 2243 683 2283 opertus
722 2242 759 2270 et
795 2236 1027 2269 anathemate
1056 2247 1273 2281 percussus,
1308 2235 1352 2268 de
1380 2236 1494 2279 gloria
1518 2246 1583 2269 sua

138 2293 207 2317 nec
240 2283 355 2316 hilum
392 2284 526 2321 amisit,
589 2285 722 2318 Verum
764 2285 795 2317 is
822 2283 968 2329 quidem
993 2293 1072 2315 cum
1097 2282 1243 2316 Christo
1269 2292 1411 2326 semper
1434 2283 1525 2316 vivit
1548 2287 1587 2316 et

141 2340 223 2364 eum
267 2329 394 2362 eodem
436 2329 656 2364 honoratur:
703 2331 766 2376 qui
791 2335 913 2363 autem
948 2330 1050 2362 illum
1083 2329 1338 2362 communione
1371 2328 1584 2369 multarunt,

139 2376 252 2420 magis
277 2380 391 2409 semet
413 2377 506 2421 ipsos
532 2388 552 2410 a
576 2378 644 2411 Dei
670 2377 782 2421 gloria
807 2376 1026 2415 alienarunt,
1050 2375 1204 2415 invidia,
1236 2374 1495 2419 sycophantia,
1515 2375 1586 2408 ob·

141 2424 359 2458 uectatione
397 2428 434 2455 et
465 2423 546 2456 aliis
580 2424 720 2457 vitiosis
749 2423 999 2463 motionibus,
1036 2422 1169 2466 quibus
1203 2431 1241 2454 se
1268 2420 1499 2455 subiecerant
1528 2421 1587 2456 vel

144 2471 328 2503 trecentis.
389 2469 477 2512 Ergo
514 2470 543 2502 si
580 2472 658 2515 ipse
694 2470 882 2515 quippiam
912 2469 1122 2502 huiusmodi
1149 2468 1240 2501 mihi
1265 2473 1386 2512 potest
1411 2467 1587 2509 obiicere,

147 2516 245 2561 quod
273 2525 328 2548 me
354 2526 374 2547 a
401 2516 475 2547 Deo
499 2516 578 2548 iure
605 2522 760 2560 separet,
790 2516 964 2561 proferat,
989 2514 1169 2554 ostendat,
1194 2519 1230 2548 et
1256 2525 1408 2559 poenam
1444 2514 1585 2548 modice

147 2562 262 2595 feram
288 2566 397 2604 atque
427 2562 474 2595 ad
501 2563 791 2597 emendationem
815 2567 1045 2606 peccatorum
1074 2572 1236 2594 meorum
1265 2572 1406 2595 omnem
1431 2561 1588 2604 diligen-

148 2607 237 2642 tiam
259 2607 441 2640 adhibebo
503 2609 541 2641 si
567 2614 685 2642 autem
713 2620 774 2642 sua
800 2609 915 2653 ipsius
940 2607 1134 2647 dementia,
1160 2607 1299 2640 invidia
1326 2613 1363 2641 et
1387 2608 1592 2651 sycophan-

150 2655 202 2688 tia
230 2654 415 2692 incitatus,
445 2655 529 2699 quia
554 2666 609 2687 me
632 2655 686 2688 illi
713 2654 948 2699 iugulandum
977 2652 1118 2686 tradere
1144 2654 1258 2692 nolui,
1283 2665 1302 2686 a
1323 2655 1399 2687 Deo
1425 2664 1591 2698 separare

151 2711 217 2745 mer
234 2700 382 2739 statuit,
407 2700 539 2740 videat,
564 2712 609 2734 ne
633 2702 672 2735 in
694 2712 732 2734 se
761 2701 906 2746 potius,
933 2710 1039 2745 quam
1066 2701 1104 2732 in
1129 2710 1198 2742 me,
1223 2700 1383 2746 gladium
1411 2700 1591 2734 defixerit.

152 2746 244 2780 Nam
269 2751 310 2780 ut
334 2746 517 2790 praeclare
541 2747 711 2792 scriptum
738 2751 854 2780 exstat
870 2746 966 2790 apud
993 2757 1159 2791 magnum
1181 2747 1410 2791 Dionysium,
1429 2748 1591 2780 divinum

153 2803 288 2827 numen
312 2803 391 2825 cum
416 2793 556 2826 ratione
580 2799 780 2838 pugnantes
806 2793 1058 2839 episcoporum
1082 2794 1289 2828 affectiones
1314 2805 1390 2828 non
1414 2793 1592 2839 sequitur.

207 2858 481 2896 Camacuzenus
507 2861 555 2894 II.
1284 2862 1329 2896 30
