1820 3152
563 163 941 207 ms'romAnUM
982 166 1055 206 111.
1081 166 1151 214 9⁴.
1458 145 1488 200 5
1500 165 1524 219 7
1538 145 1566 199 5

135 265 159 307 ὅ
186 262 478 320 Παλαιολὸγος
505 263 803 322 ἐδυσχέραινεν
831 258 967 306 ἄλλων
989 267 1318 320 προτιμωμένων
1334 295 1347 318 ,
1377 256 1438 306 ὧν
1465 257 1568 322 ᾤετο
1581 273 1663 310 ΑΒ.
1681 277 1770 323 1346

133 331 263 382 αὐτὸς
292 331 450 381 δίκαιος
477 327 583 374 εἶναι
609 331 854 386 ὑπερέχειν,
895 334 968 373 καί
994 331 1164 373 α’ντεῖπε
1191 332 1387 386 φανερῶς
1413 326 1616 372 πάντωνῡ

132 398 427 455 ἠθροισμένων
455 398 501 440 ἐν
526 399 579 454 τῇ
608 397 870 440 ’Λποκαύκου
901 398 1009 454 οἰκίᾳ
1026 414 1039 427 ·
1064 398 1138 438 καί
1165 397 1439 450 διχοστασίας
1464 410 1578 450 γενο-

129 465 283 519 μένης,
314 461 820 518 ἀσυντάκτωςοῖνεχώρει.
851 463 1000 504 ἐκεῖνοι
1030 464 1077 505 δὲ
1103 461 1456 518 ὑπολειφθέντες,
1482 462 1579 503 ἐθο-

106 529 291 587 5ρύβουν
331 529 461 583 μόνον
505 530 580 571 καί
618 530 700 572 τῶν
730 527 904 571 δεόντων
933 524 1055 571 οὖδὲν
1074 528 1244 571 ἐποίουν
1264 543 1276 555 ·
1306 528 1449 578 δείσας
1478 529 1524 570 δὲ
1552 522 1578 569 ὅ

127 593 423 649 Παλαιολύγος
464 593 524 651 μὴ
574 592 645 636 ὕπ’
671 595 839 637 ἐκείνων
895 595 1213 651 διαφερομένων
1261 593 1579 649 παραπόληται,

126 658 282 704 αὐτίκα
309 660 384 717 τὴν
410 661 516 718 πρὸς
546 660 770 703 θάλασσαν
796 662 928 716 πύλην
944 694 958 714 ,
1002 657 1142 716 ὥσπερ
1173 658 1267 703 τινα
1295 657 1579 713 κατελάμβανε

126 724 344 785 φυλακήν·
374 728 471 784 περὶ
485 724 537 783 ἣν
558 728 718 769 οἰκοῦσι
737 729 820 769 πᾶν
849 726 895 768 τὸ
922 725 1132 778 ναυτικὸν,
1158 725 1198 768 οἶ
1225 729 1416 769 πλεῖστοί
1434 742 1479 768 τε
1508 721 1579 768 ὄν-

123 809 192 843 τες
217 793 291 836 καί
314 792 418 850 πρὸς
445 791 602 851 φόνους
630 792 834 850 εὐχερεῖς,
868 788 1004 842 ἄλλως
1019 808 1064 835 τε
1092 793 1165 835 καί
1190 792 1444 846 ὠπλισμένοι
1470 791 1706 854 πάν-ν,54ο

84 871 216 914 Ιοτες,
245 856 387 915 ὥσπερ
420 858 466 903 τὸ
496 857 720 916 κράτιστόν
746 860 828 902 εἶσι
855 861 931 902 τοῦ
955 860 1090 915 δήμου
1106 891 1119 914 ,
1147 861 1222 901 καί
1240 858 1392 913 σχεδὸν
1415 857 1460 902 ἒν
1485 865 1576 910 ταῖς
1589 873 1702 920 1>‚677

127 925 302 969 στάσεσι
329 925 487 975 πάσαις
509 922 634 968 αύτοί
661 928 736 969 τοῦ
764 925 912 975 παντὸς
940 925 1130 981 πλήθους
1147 926 1385 981 ἐξηγοῦνται
1413 923 1577 980 προθύ-

125 1008 217 1046 μως
246 991 449 1045 ἑπομένου
465 1026 478 1046 ,
508 986 537 1049 ᾗ
565 988 618 1034 ἂν
644 986 802 1046 ἄγωσιν
830 992 974 1034 αὐτοί·
1031 990 1180 1046 ἔχουσι
1211 993 1258 1034 δὲ
1286 990 1359 1033 καί
1387 989 1586 1042 ἰδιάζου-’

125 1075 207 1101 σαν
253 1058 392 1114 ἀρχὴν
423 1057 547 1101 αὐτοὶ
572 1051 689 1112 παρὰ
717 1057 794 1113 τήν
824 1059 897 1112 τῆς
927 1053 1056 1113 ἄλλης
1095 1056 1253 1106 πόλεως
1271 1074 1281 1084 ·
1327 1051 1387 1100 ὧν
1421 1059 1576 1107 ἐκεῖνος

125 1121 220 1166 τότε
246 1119 382 1179 ἦρχε.
425 1124 496 1166 διά
525 1140 571 1165 τε
600 1117 675 1166 οὖν
714 1123 762 1166 τὸ
803 1118 952 1179 ἄρχειν
992 1122 1066 1165 καί
1106 1123 1180 1177 τὴν
1220 1119 1349 1179 ἄλλην
1387 1118 1575 1176 εἷῖνοιαν,

75 1189 179 1246 ι5ιῖν
206 1185 321 1244 εἶχον
356 1187 460 1246 πρὸς
488 1185 645 1243 αὖτὸν,
685 1188 918 1244 προθύμως
954 1186 1063 1244 ύπὲρ
1093 1190 1253 1231 ἐκείνου
1286 1188 1575 1242 ἀνελάμβανον

123 1255 179 1299 τὰ
222 1253 331 1297 ὅπλα
380 1254 454 1298 καὶ
500 1254 743 1308 α’μύνεσθαι
787 1249 896 1310 ἦσαν
939 1257 1101 1308 ἕτοιμοι
1143 1256 1272 1297 παντί
1304 1257 1362 1312 τῷ
1401 1253 1576 1298 ἐπιόντι.

118 1322 339 1370 -Κωκαλᾶς
370 1323 417 1363 δὲ
445 1322 534 1363 οὐδ’
552 1317 683 1370 αύτὸς
707 1323 787 1374 μὲν
804 1321 1034 1376 ἡσυχάζειν
1062 1321 1280 1375 ἐγίνωσκεν
1306 1322 1352 1362 ἐν
1378 1327 1462 1370 τοῖς
1493 1339 1575 1363 πα-

125 1387 298 1443 ροῦσιν,
327 1385 439 1428 α’λλὰ
467 1388 567 1442 περὶ
592 1389 667 1442 τῆς
695 1387 831 1442 α’ρχῆς
857 1386 1132 1440 ἐπεβούλευεν
1158 1385 1425 1445 Ἀποκαύκῳ·
1466 1390 1573 1441 μᾶλ-

125 1456 198 1494 λον
235 1451 317 1508 γάρ
357 1449 496 1509 ἑαυτῷ
534 1447 562 1507 ἢ
602 1453 744 1509 ἐκείνῳ
787 1447 890 1511 ᾤετο
925 1450 1163 1507 προσήκειν.
1219 1454 1381 1507 ἐλέγετο
1410 1455 1465 1495 ,δὲ
1502 1453 1577 1496 καὶ

70 1515 443 1560 2οὖπωπτευκέναι
469 1517 699 1573 ἠδικῆσθαι
736 1521 835 1573 παρ’
853 1519 1011 1559 ἐκείνου
1040 1515 1146 1573 πρὸς
1182 1516 1440 1573 τὸνγάμον·
1467 1521 1523 1561 δι’
1539 1517 1606 1562 ἃΒ

123 1583 320 1638 ἐβούλετο
359 1585 400 1626 εἰ
428 1582 599 1625 δύναιτο
642 1584 924 1639 διαφθείρειν.
985 1585 1178 1639 φανεραῖς
1208 1586 1287 1637 μὲν
1316 1578 1392 1626 οὖν
1423 1586 1582 1634 ἐκεῖνος

124 1646 202 1692 οὖκ
231 1651 615 1693 α’ντικαθιῖπασθαι
642 1646 807 1702 ἐδόκει,
838 1648 943 1691 α’λλὰ
973 1647 1216 1704 πρεσβεύων
1251 1653 1352 1706 παρ’
1369 1647 1580 1706 ἑκατέροις

123 1717 196 1759 ἐπὶ
225 1718 281 1774 τῷ
311 1716 523 1769 διαλύειν,
553 1717 714 1769 μᾶλλον
747 1717 971 1769 συνέκρουε
999 1714 1075 1758 καὶ
1101 1715 1323 1771 παρώξυνε
1350 1715 1425 1759 τὸν
1454 1715 1580 1759 πόλε-

218 1826 254 1859 9.
284 1812 398 1851 ἄλλος
423 1813 458 1846 Ρ.
545 1825 602 1848 22.
628 1811 890 1849 ἀνθίστασθαι
913 1813 950 1847 P.

124 1895 204 1941 guis
233 1893 271 1926 in
296 1894 436 1928 caelum
459 1893 554 1927 serre
572 1918 584 1936 ,
611 1894 824 1939 militesque
851 1898 889 1926 et
927 1893 992 1926 alii
1020 1905 1145 1928 omnes
1170 1896 1350 1930 concessis
1375 1896 1580 1933 honoribus

126 1941 291 1975 contenti
317 1951 406 1975 esse.
455 1941 562 1975 Solus
587 1940 751 1974 Andreas
775 1940 1012 1985 palaeologus
1037 1942 1129 1975 alios
1155 1941 1228 1975 sibi
1262 1945 1464 1988 praelatos,
1500 1947 1585 1991 qui-

125 1988 195 2023 bus
222 1988 300 2021 iure
325 1987 588 2032 praeferendus
615 1987 771 2028 fuiss'et,
808 1987 961 2020 moleste
988 1987 1221 2033 patiebatur:
1257 1991 1402 2036 totique
1427 2002 1584 2026 conven-

127 2036 184 2069 tui
209 2035 248 2068 in
273 2034 427 2068 aedibus
452 2034 663 2079 Apocauchi
692 2046 731 2069 se
759 2033 994 2079 opponebat:
1034 2036 1206 2080 natisque
1233 2035 1446 2078 discordiis,
1483 2039 1584 2073 indi-

124 2086 183 2115 cta
207 2081 321 2114 salute
350 2081 580 2115 abscedebat.
632 2081 725 2115 Tum
766 2082 880 2114 ceteri
904 2081 1062 2115 fremere
1089 2088 1252 2123 tantum,
1285 2089 1323 2117 et
1355 2084 1450 2118 nihil
1485 2087 1586 2131 quod

126 2128 283 2164 officium
307 2128 503 2174 poscebat,
529 2128 659 2162 facere.
709 2128 861 2162 'fimens
888 2134 1009 2162 autem
1050 2127 1309 2174 palaeologus,
1347 2141 1394 2165 ne
1434 2132 1582 2166 illorum

123 2185 146 2208 a
169 2186 207 2210 se
247 2175 493 2221 discrepantia
525 2176 655 2208 malam
682 2175 753 2208 sibi
780 2179 931 2208 mortem
959 2177 1130 2216 afferret,
1167 2178 1291 2210 statim
1326 2183 1466 2222 portam
1500 2191 1583 2213 ver-

123 2233 184 2256 sus
210 2233 305 2255 mare
330 2226 372 2254 ut
413 2222 572 2269 aliquam
607 2222 810 2256 custodiam
848 2223 1064 2266 occupavit:
1101 2223 1234 2256 circum
1266 2236 1374 2271 quam
1411 2224 1583 2261 habitant

122 2279 246 2303 omnes
289 2268 487 2310 classiarii,
524 2281 678 2316 quorum
710 2279 835 2314 magna
863 2273 919 2301 est
954 2274 992 2303 et
1015 2267 1062 2301 ad
1092 2270 1356 2305 trucidationes
1394 2272 1581 2308 obeundas

125 2315 228 2349 haud
253 2315 407 2360 impigra
434 2315 645 2350 multitudo.
670 2315 816 2351 Adhaec
841 2317 958 2360 gravis
986 2322 1189 2361 armaturae
1217 2328 1341 2351 omnes
1358 2343 1368 2359 ,
1395 2322 1580 2366 tamquam

121 2362 236 2396 robur
257 2362 403 2407 populi:
431 2363 491 2394 cui
518 2363 632 2397 ferme
656 2364 696 2396 in
720 2363 859 2397 cunctis
899 2362 1144 2396 seditionibus
1177 2369 1378 2409 praeeunt,
1413 2366 1579 2403 alacriter

122 2409 316 2455 sequenti,
341 2418 415 2455 quo
439 2409 512 2454 ipsi
537 2409 720 2444 duxerint.
768 2409 915 2444 Habent
938 2420 1023 2443 vero
1047 2420 1151 2442 suum
1178 2411 1364 2456 proprium
1388 2413 1578 2459 magistra-

120 2459 203 2488 tum
229 2480 240 2496 ,
274 2454 334 2488 cui
367 2460 455 2488 tunc
490 2454 722 2502 Palaeologus
754 2461 931 2502 praeerat.
1001 2456 1116 2501 Quam
1142 2457 1189 2490 ob
1222 2467 1381 2498 causam,
1416 2463 1453 2493 et
1489 2463 1577 2506 quia

123 2501 313 2547 ceteroqui
347 2501 454 2535 illum
489 2502 714 2548 diligebant,
757 2504 918 2548 prompti
953 2513 1018 2547 pro
1055 2514 1099 2536 eo
1136 2514 1232 2537 arma
1258 2505 1512 2550 capessebant,
1537 2514 1575 2542 et

123 2549 279 2582 cuilibet
317 2554 443 2582 contra
478 2560 516 2582 se
545 2549 676 2585 ferenti
714 2552 881 2584 resistere
905 2550 1022 2594 parati
1058 2555 1172 2584 erant.
1221 2551 1370 2585 Cocalas
1395 2554 1434 2586 in
1457 2565 1566 2599 prae-

123 2596 222 2629 senti
251 2605 318 2629 nec
342 2594 413 2628 sibi
439 2594 553 2629 otium
575 2597 769 2643 agendum,
799 2596 863 2630 sed
889 2595 932 2629 de
956 2597 1187 2640 praefectura
1206 2597 1435 2642 Apocaucho,
1460 2610 1570 2646 quam

123 2640 220 2682 sibi,
253 2652 329 2676 non
361 2641 420 2675 illi
451 2645 642 2678 convenire
668 2643 908 2688 opinabatur,
929 2643 1177 2677 insidiandum
1203 2643 1325 2683 duxit,
1366 2646 1567 2681 Dicebatur

123 2689 236 2722 etiam
263 2689 483 2733 suspicatum
511 2700 611 2732 esse,
636 2691 706 2725 sibi
733 2689 778 2723 ab
809 2701 852 2724 eo
879 2689 1012 2722 saetam
1038 2690 1210 2724 iniuriam
1234 2698 1382 2739 propter
1407 2694 1563 2738 nuptias.

121 2733 372 2778 Quamobrem
409 2734 571 2772 occidere
608 2737 794 2771 homiuem
828 2736 1023 2781 cupiebat,
1061 2737 1090 2770 si
1124 2744 1258 2783 posset.
1323 2739 1560 2785 Apocnuchus

123 2780 235 2827 igitur
264 2787 389 2832 aperto
427 2781 545 2818 Marte
579 2784 822 2820 resistendum
854 2794 929 2818 non
964 2783 1190 2827 existimans,
1215 2785 1262 2819 ad
1297 2791 1488 2832 utrumque
1511 2787 1556 2821 de
