1800 3146
239 131 351 208 47'0
771 149 1143 193 CANTAcUzml

45 257 236 306 A.C.1343
247 255 319 294 καὶ
347 253 438 299 οἵας
463 249 621 299 πόλεως
647 248 783 291 πάντα
811 245 984 306 ἀρίστης
1011 249 1037 304 ἦ
1077 248 1296 302 Ῥωμαίων
1339 247 1536 304 ἡγεμονία
1583 248 1688 291 ἄπο-

239 319 481 373 στερεῖσθαι
506 317 672 369 μέλλει,
704 311 909 369 ἐδάκρυσε
943 316 1021 368 μὲν
1049 316 1121 356 ἐπὶ
1145 312 1295 369 μικρὸν
1311 347 1325 368 ,
1381 310 1472 356 εἶτα
1501 313 1688 370 ἐχρημά-

233 385 324 434 τιζε
354 387 441 432 τοῖς
473 384 695 437 πρέσβεσι,
725 382 797 421 καί
822 382 906 422 τῶν
934 396 979 421 τε
1007 381 1311 435 ἡμαρτημένων
1337 378 1560 436 παρείχετο
1587 395 1689 433 συγ-

237 448 412 504 γνώμην
463 446 537 488 καὶ
573 446 838 502 χρηστότερα
875 448 1055 497 ἐλπίζειν
1088 445 1301 498 ὑπετίθει,
1340 444 1397 495 ὥς
1443 447 1526 488 πᾶν
1553 444 1688 487 ὁτιοῦν

237 514 346 569 ὑπὲρ
394 509 529 555 αὐτῶν
565 510 763 567 ποιήσων.
820 511 1002 560 ἐκείνους
1043 514 1122 565 μὲν
1151 507 1226 553 οὖν
1253 508 1388 561 οὕτως
1419 511 1713 565 ἔψυχαγώγει5

238 579 376 634 λόγοις
405 580 450 620 ἐκ
481 581 554 632 τῆς
580 580 735 632 πολλῆς
755 577 943 630 ἀθυμίας
974 574 1276 629 ἀνακτώμενος.
1331 575 1428 626 τοὺς
1455 578 1502 618 ἐκ
1519 578 1686 628 Βυζαν-

235 646 327 688 τίου
355 647 402 688 δὲ
430 640 560 692 αὖθις
590 646 783 698 πρέσβεις
808 643 1205 697 μετακαλεσάμενος,
1227 642 1407 698 „cinare”
1432 639 1544 685 εἶπεν
1557 643 1686 696 ,,οἱ’ων

200 713 466 767 Βσυμφορῶν
492 710 718 761 Ῥωμαίοις
744 706 766 749 ὃ
795 708 973 762 πόλεμος
1000 710 1195 763 κατέστη.
1253 706 1330 758 τοὶς
1358 707 1438 763 γὰρ
1467 705 1687 764 ἑσπερίους

236 773 317 834 ἤδη
354 774 492 825 πάσας
527 775 664 822 πόλεις
691 773 934 830 ἐποιήσαντο
964 773 1044 830 ὑφ’
1071 771 1236 824 ἑαυτοῖς
1276 772 1314 815 οἱ
1348 773 1562 829 Τριβαλοί.
1617 775 1685 815 δέ·-

106 844 150 883 V.
162 844 229 891 492
243 846 363 885 δοικα
390 843 436 883 δὲ
463 839 549 896 μὴ,
586 839 734 882 τούτου
776 841 1060 894 μηκυνομένου
1078 871 1090 891 ,
1122 841 1194 880 καί
1221 840 1491 887 Μακεδονίας
1527 834 1740 893 ἄρξωσιιιο

242 905 522 950 παντάπασιν.
553 901 635 962 ἤδη
662 906 742 961 γὰρ
771 906 848 947 οὔκ
876 905 1020 960 ὀλίγας
1048 903 1209 959 ἔχουσι.
1269 907 1445 960 Φεραῖοι
1473 905 1520 945 δὲ
1547 900 1685 959 ὥσπερ

240 973 452 1029 ἠκούσατε
481 970 597 1028 παροὶ
629 974 713 1013 ταῖν
744 973 960 1027 πρέσβεων
978 1004 990 1025 ,
1032 973 1069 1013 εἰ
1096 971 1154 1026 μή
1183 986 1291 1020 τινος
1327 972 1427 1025 παρ’
1453 969 1571 1026 ἡμῶν
1597 971 1687 1012 ἐπι-

240 1040 415 1094 κουρίας
459 1035 668 1092 τύχωσιν,
707 1038 781 1079 οὖκ
822 1033 876 1079 ἂν
919 1035 980 1079 ἔτι
1021 1035 1127 1092 πρὸς
1167 1035 1241 1078 τὸν
1276 1033 1457 1088 πόλεμον
1499 1035 1688 1089 οἷντέχειν

241 1105 441 1146 δύναιντο
461 1135 473 1156 ,
502 1105 612 1160 λιμῷ
641 1101 714 1144 καὶ
739 1105 952 1161 πολιορκίᾳ
983 1103 1238 1150 πιεσθέντες.
1297 1098 1456 1153 ἔξεστιν
1484 1096 1560 1141 οὖν
1585 1098 1688 1153 ὖ-μῖν

239 1165 321 1224 ἤδη
349 1166 393 1212 τὸ
424 1171 502 1211 τοῦ
528 1169 713 1222 πολέμου
742 1170 887 1223 κέρδος
914 1171 1108 1225 συνορᾷν,
1164 1166 1243 1222 ἐγώ
1278 1169 1325 1208 δὲ
1356 1167 1475 1219 ὑμῶν
1506 1165 1739 1220 &amad-15

242 1236 326 1288 ζω,
356 1230 456 1276 ὅθεν
487 1232 626 1276 οἴεσθε
656 1231 870 1275 δύνασθαι
896 1235 1120 1286 βασιλείαν
1151 1230 1289 1286 ἔχειν,
1316 1233 1398 1274 τῶν
1425 1227 1687 1285 συνεχόντων

228 1298 380 1354 -αὕτην
407 1300 676 1353 εὐποροῦντες
704 1295 888 1347 οὖδενός.
947 1293 1045 1340 οὔτε
1071 1297 1151 1353 γάρ
1187 1299 1298 1340 ἐστιν
1325 1298 1371 1338 ἐν
1394 1295 1496 1348 ὑμῖν
1512 1328 1525 1349 ,
1559 1292 1605 1344 ὃς
1635 1291 1687 1338 ἂν

224 1367 321 1408 ,τῶν
362 1359 500 1405 ἄλλων
531 1358 681 1419 ἄρχειν
711 1363 878 1406 δύναιτο
912 1361 986 1404 καὶ
1015 1362 1215 1417 πρόνοιαν
1243 1364 1459 1404 ποιεῖσθαι
1488 1364 1571 1403 τῶν
1601 1376 1686 1403 κοι-

202 1431 326 1474 cmiv
345 1461 357 1482 ,
395 1432 435 1471 εἰ
461 1426 520 1484 μή
547 1429 628 1470 πού
655 1444 702 1483 γε
741 1429 892 1484 φαίητε
930 1426 1319 1483 παρακοιμοόμενον.
1375 1421 1474 1471 οὔτε
1498 1425 1580 1483 γάρ
1608 1430 1688 1481 βα·-

237 1493 381 1544 σιλεύς
409 1493 481 1536 διὰ
508 1492 583 1549 την
611 1493 777 1549 ἡλικίαν
804 1493 881 1548 τήν
907 1492 1136 1546 ἷΡωμαίων
1165 1488 1281 1548 ἄγειν
1308 1492 1483 1535 δύναται
1520 1491 1741 1549 ἀρχήνρο

237 1557 265 1614 ἥ
286 1575 343 1601 τε
371 1561 540 1613 βασιλίς
570 1559 596 1612 ἢ
626 1559 778 1600 τούτου
806 1556 945 1614 μήτηρ
993 1559 1047 1599 ου’
1074 1556 1146 1600 διὰ
1189 1557 1262 1614 τὴν
1290 1559 1532 1613 γυναικείαν
1557 1560 1685 1602 ἀσθέ-

236 1640 352 1667 νειαν
377 1623 506 1678 μόνον
516 1657 528 1675 ,
570 1624 622 1664 ου’
647 1623 728 1679 γὰρ
760 1620 812 1666 ἂν
841 1623 1032 1679 ἕξαρκοίη
1061 1622 1167 1678 πρὸς
1198 1626 1394 1666 τοσοῦτον
1432 1624 1684 1680 πραγμάτων

234 1684 384 1744 ὄγκον,
421 1688 527 1730 ἄλλα
557 1687 630 1730 καί
661 1689 707 1732 τὸ
741 1689 818 1745 τὴν
854 1690 1047 1739 ἐξουσίαν
1075 1688 1158 1730 ὕπὸ
1197 1691 1285 1731 ταῖν
1315 1688 1533 1744 α’ρχόντων
1567 1706 1684 1747 περι-

235 1756 454 1812 ῃρῆσθαι,
498 1751 639 1810 ὥσπερ
679 1757 724 1798 ἐν
771 1757 940 1812 φρουρᾷ
983 1755 1119 1810 διάγει
1149 1760 1236 1805 τοῖς
1261 1757 1510 1810 βασιλείοις,
1549 1757 1683 1812 ὀλίγον

236 1866 405 1900 suadenti
430 1865 752 1911 obtemperassent,
778 1867 817 1900 in
840 1871 915 1900 tam
940 1867 1087 1902 acerbos
1111 1877 1212 1901 casus
1237 1877 1423 1914 nunquam
1441 1867 1682 1912 incidissent,)

237 1912 371 1946 deiude
403 1913 662 1954 considerans,
699 1914 844 1959 qualem
878 1913 1027 1954 urbem,
1061 1923 1193 1958 nempe
1222 1914 1338 1948 modis
1371 1913 1538 1947 omnibus
1572 1924 1681 1959 prae-

236 1959 518 2000 stantissimam,
557 1961 755 1993 Romanum
786 1961 980 2005 imperium
1019 1960 1227 2000 amitteret,
1278 1961 1465 1994 continere
1513 1961 1680 1994 lacrimas

236 2016 312 2039 non
347 2005 479 2050 potuit.
548 2006 641 2039 Tum
675 2006 799 2049 legatis
836 2007 1058 2052 respondens
1093 2007 1233 2041 veniam
1271 2007 1536 2040 commissorum
1578 2006 1681 2041 dedit

236 2051 409 2097 bonoque
435 2052 554 2085 animo
580 2063 657 2086 esse
683 2054 805 2095 iussit,¹
818 2064 855 2086 se
884 2064 1008 2087 eorum
1034 2064 1138 2086 causa
1163 2054 1339 2087 facturum
1365 2055 1497 2087 omnia.
1549 2054 1680 2087 Istius-

242 2098 344 2132 modi
369 2097 491 2134 verbis
516 2108 576 2132 eos
602 2099 818 2140 deliniebat,
831 2105 867 2133 et
891 2111 935 2133 ex
959 2101 1095 2144 magnis
1119 2100 1312 2144 angoribus
1345 2110 1387 2132 ac
1425 2099 1680 2144 desperatione

240 2144 445 2178 recreabat:
473 2145 678 2190 iterumque
704 2146 917 2188 Byzantinos
946 2146 1082 2191 legatos
1108 2156 1310 2186 accersens,
1342 2145 1506 2187 videtis,
1535 2146 1681 2192 inquie-

239 2191 326 2231 bat,
362 2202 450 2236 quas
479 2201 666 2224 aerumnas
703 2192 870 2226 Romanis
910 2191 1049 2226 bellum
1083 2192 1153 2226 hoc
1183 2192 1386 2236 generarit?
1430 2192 1680 2227 Occidentales

240 2237 336 2270 enim
378 2237 484 2270 urbes
519 2239 704 2272 universas
737 2249 823 2272 suae
847 2238 998 2272 ditionis
1031 2250 1071 2272 ac
1093 2239 1282 2283 potestatis
1309 2239 1465 2272 Tribuni
1497 2238 1680 2273 fecerunt:

236 2284 364 2323 timeo,
378 2294 424 2316 ne
451 2284 560 2316 etiam
594 2288 670 2317 tota
695 2284 909 2319 Macedonia
937 2285 1133 2329 potiantur,
1155 2285 1257 2318 cuius
1285 2285 1420 2330 oppida
1446 2286 1485 2319 in
1508 2296 1678 2331 praesens

237 2340 311 2363 non
345 2340 461 2374 pauca
494 2329 673 2364 obtinent.
732 2332 779 2365 At
802 2331 970 2370 Pheraei,
1017 2331 1114 2375 quod
1139 2341 1182 2364 ex
1209 2342 1270 2364 ore
1296 2333 1492 2377 legatorum
1518 2332 1683 2377 percepi-

238 2376 322 2415 stis,
346 2386 366 2407 a
392 2377 486 2409 fame
512 2381 549 2409 et
573 2375 676 2410 hoste
700 2377 806 2411 simul
829 2378 981 2418 obsessi,
1004 2378 1075 2411 nisi
1102 2388 1122 2410 a
1146 2377 1252 2411 nobis
1277 2383 1515 2418 succurratur,
1539 2377 1678 2412 diutius

240 2431 278 2454 ne
315 2424 410 2455 tueri
446 2433 519 2456 non
560 2429 743 2468 poterunt.
803 2424 905 2458 Licet
937 2423 1047 2468 igitur
1077 2423 1172 2464 iam,
1208 2431 1383 2469 quantum
1421 2424 1511 2458 lucri
1537 2436 1556 2458 e
1579 2424 1678 2458 bello

238 2466 370 2500 factum
405 2469 473 2508 sit,
510 2469 657 2504 discere.
717 2471 895 2516 Equidem
926 2471 1050 2510 miror,
1066 2469 1161 2503 unde
1186 2472 1322 2514 putetis
1346 2482 1450 2516 posse
1476 2481 1537 2503 vos
1562 2470 1678 2516 impe-

239 2514 332 2546 rium
368 2516 523 2548 retinere
540 2541 549 2557 ,
586 2527 667 2549 cum
692 2519 755 2563 qui
780 2518 899 2562 ipsum
924 2515 1098 2550 defendat
1126 2522 1163 2550 et
1187 2524 1392 2558 conservet,
1425 2517 1589 2551 habeatis
1612 2527 1678 2550 ne·

238 2559 391 2593 minem:
424 2571 543 2606 neque
582 2563 679 2596 enim
716 2563 812 2597 inter
844 2575 904 2597 vos
939 2568 1011 2602 est,
1048 2563 1112 2609 qui
1137 2574 1302 2609 praeesse
1327 2565 1410 2597 aliis
1435 2570 1472 2597 et
1496 2565 1677 2597 communi

240 2605 431 2650 providere
469 2608 583 2642 sciat:
620 2610 692 2642 nisi
717 2610 866 2643 fortasse
890 2610 1110 2655 praefectum
1136 2610 1294 2643 cubiculi
1329 2610 1536 2644 nominetis.
1583 2609 1676 2642 Nam

238 2663 307 2685 nec
338 2652 533 2697 imperator
565 2661 714 2700 propter
759 2657 984 2701 impuberem
1028 2660 1182 2690 aetatem
1215 2657 1412 2691 Romanum
1427 2657 1674 2702 principatum

239 2700 391 2739 rexerit,
418 2703 454 2731 et
478 2700 633 2745 Angusta
650 2727 660 2742 ,
687 2703 766 2736 eius·
791 2708 917 2744 mater,
936 2715 1010 2736 non
1034 2702 1148 2736 solum
1173 2707 1322 2748 propter
1347 2704 1537 2737 femineam
1557 2701 1674 2736 imbe-

229 2741 429 2779 ciuitatem
462 2750 586 2781 tantae
622 2760 741 2783 rerum
776 2751 864 2785 moli
889 2748 1125 2784 sustinendae
1145 2751 1261 2795 impar
1285 2748 1452 2791 est‚·sed
1479 2749 1586 2785 etiam
1607 2758 1673 2794 po-
