1800 3146
527 167 904 213 ms'romAnnM
942 171 1015 211 ιιι.
1044 174 1112 219 77.
1426 152 1540 227 479

101 276 300 329 μίσαντες
327 269 484 330 ἀπορίᾳ
508 273 586 314 τοῦ
616 271 876 322 κωλύσοντος
904 271 1034 315 αῦτὸν
1061 273 1294 328 ηὐξῆσθαι,
1322 274 1394 316 τὸν
1419 276 1635 329 μέγανΔ.0.
1654 277 1743 324 1364

104 343 238 383 δοῦκα
265 337 496 396 στρατηγὸν
523 332 653 388 αὖθις
685 339 964 394 ἐψηφίσαντο,
995 340 1067 382 καί
1092 340 1329 394 ἐπέτρεψαν
1354 338 1429 383 τὸν
1444 339 1550 396 πρὸς

103 409 268 450 ἐκεῖνον·
296 405 489 458 πόλεμον.
557 402 581 445 ὅ
613 406 653 446 δ’
681 402 816 454 εὕθύς
843 404 918 460 την
945 404 1147 460 στρατιάν
1174 401 1251 461 ὅση
1279 401 1331 461 ἧν
1357 410 1550 462 παραλα-

105 471 208 526 βών,
235 468 366 527 ἦλθεν
393 473 453 521 εἷς
476 469 746 526 Ἡράκλειαν.
801 467 1034 524 πυθόμενος
1061 473 1107 512 δὲ
1124 473 1222 527 περί
1236 474 1456 526 βασιλέως,
1484 473 1543 522 ὥς

76 535 394 593 5Χαριουπόλει
452 537 708 591 ἐνδιατρίβει
757 534 880 595 ὄλίγῳ
929 538 1133 592 πρότερον
1173 538 1514 597 προσχωρησάσῃ
1530 571 1542 591 ,

99 602 311 659 Λογγῖνόν
337 619 432 646 τινα
458 603 534 645 τοῦ
561 604 852 658 δεσμωτηρίου
881 600 1119 658 ἐξαγαγών,
1155 601 1200 654 ὃς
1229 607 1304 660 τῆς
1331 606 1391 654 εἰς
1418 608 1584 659 βασι-0

97 673 174 713 λέα
199 673 319 712 ἕνεκα
352 670 518 712 ἐδέδετο
546 668 736 723 εὐνοίας,
783 668 858 710 καί
883 671 1139 725 μετεωρίσας
1174 674 1347 720 πολλαῖς
1374 673 1545 726 ἐπαγγε-

96 739 224 788 λίαις,
262 737 304 778 εἰ
325 734 526 790 δυνηθείη
553 736 732 789 βασιλέα
761 729 943 789 ἀνελεῖν,
975 733 1118 778 ἔπειτα
1145 736 1398 793 προφάσεως
1423 739 1543 781 ἕνεκα

96 799 373 858 εὐπροσώπου
415 802 490 843 καί
514 800 746 857 γράμματα
773 802 1004 857 παρέσχετο
1024 802 1130 857 πρὸς
1145 804 1335 856 βασιλέα.
1389 802 1542 859 ἐδήλου

46 869 147 910 ιοδὲ
180 866 235 909 τὰ
276 865 504 923 γράμματα
541 869 744 920 τοιαῦτα,
783 864 840 917 ὦς
867 865 1071 922 πρότερον
1107 869 1187 921 μὲν
1215 863 1329 927 αῦτῷ
1355 871 1542 924 Διδυμο-

93 934 219 991 τείχῳ
262 931 570 987 ἐνδιατρίβοντι
608 932 940 988 ἐπιστρατεύσας
955 966 969 986 ,
1010 932 1228 990 συντεθείη
1255 938 1545 990 συγγενέσθαι.

93 1000 173 1041 τοῦ
198 1000 351 1055 καιροῦ
378 999 426 1041 δὲ
450 996 714 1047 κωλύσαντος
741 997 815 1054 τήν
842 1001 1086 1054 συντυχίαν,
1114 1001 1269 1044 ἐκεῖνον
1294 1002 1374 1054 μὲν
1402 1001 1547 1045 οἴκαδε

91 1066 359 1117 ἐπανελθεῖν,
412 1062 540 1106 αὐτὸν
584 1065 632 1106 δὲ
670 1066 822 1119 καιροῦ
859 1062 1091 1119 λαβόμενον
1122 1072 1214 1116 ταῖς
1252 1065 1336 1109 ὑπὸ
1361 1070 1544 1121 βασιλέα

89 1129 307 1179 τελούσαις
343 1129 513 1172 πόλεσιν
551 1130 900 1185 ἐπιστρατεῦσαι,
945 1128 975 1172 ἃ
1003 1128 1079 1174 οῦκ
1107 1134 1239 1188 ἐχρῆν
1264 1138 1409 1176 ποιεῖν.
1462 1133 1541 1191 ὑφ’

40 1190 149 1240 Ιᾶὦν
189 1197 504 1251 ἀναγκασθέντα
546 1197 620 1238 καί
655 1195 816 1250 αῦτὸν,
855 1194 992 1239 καίτοι
1017 1195 1274 1251 βουλόμενον
1300 1197 1405 1241 οἴκοι
1441 1201 1539 1242 δια-

86 1263 267 1317 τρίβειν,
312 1260 648 1318 εἷς“Ηρα’κλειαν
679 1263 821 1305 ἐλθεῖν
856 1261 962 1321 μετᾴ
1002 1266 1076 1317 τῆς
1116 1266 1329 1319 στρατιᾶς.
1394 1266 1435 1307 εἰ
1458 1267 1577 1320 μὲνῡ

87 1323 163 1371 οἶν
198 1329 312 1385 αὐτῷ
337 1325 587 1382 πειθόμενος
619 1329 681 1378 εἰς
706 1327 785 1384 τήν
812 1329 946 1371 οἰκίαν
973 1329 1226 1383 ἐπανέλθοι,
1258 1327 1447 1373 κάλλιστ’
1488 1327 1540 1374 ἂν

86 1393 203 1448 ἔχοι·
260 1390 471 1435 παύσαιτο
506 1391 584 1449 γὰρ
626 1390 679 1436 ἂν
725 1395 798 1436 καί
824 1393 953 1444 αὐτὸς
980 1393 1059 1450 τήν
1087 1394 1287 1450 στρατιὰν
1323 1394 1540 1451 ἀνονήτοις

85 1459 229 1508 πόνοις
267 1459 536 1501 κατατείνων·
575 1459 616 1500 εἰ
649 1460 690 1500 δ’
719 1455 870 1514 ἑτέρως
906 1458 1057 1514 ἔγνωκε
1078 1492 1091 1514 ,
1126 1463 1252 1503 πλέον
1291 1463 1370 1514 μὲν
1412 1463 1538 1505 ου’δὲν

34 1526 201 1580 αοέρεῖν
219 1557 232 1576 ‚
298 1523 428 1567 αὐτὸν
477 1525 526 1566 δὲ
575 1525 731 1566 εἰδέναι
786 1521 866 1582 ὅτῳ
906 1523 1083 1579 ἔγνωκεν
1138 1526 1534 1570 ἀντικαθίστασθαι.

84 1588 158 1634 τόν
201 1589 332 1632 αῦτόν
370 1589 451 1645 γὰρ
487 1585 623 1643 εἶναι,
654 1587 703 1631 ὃν
746 1588 879 1631 πάλαι
919 1586 1023 1632 οἶδε.
1048 1589 1250 1644 βασιλεὺς
1278 1594 1325 1633 δὲ
1362 1592 1455 1634 ἐπεὶ
1479 1592 1536 1635 τοὶ

86 1656 317 1712 γράμματα
345 1656 503 1710 ἀνέγνω
517 1688 530 1709 ,
563 1654 634 1697 τὸν
662 1650 846 1713 ἄρχοντα
868 1650 1078 1710 Ἀπρίων,
1121 1653 1165 1705 ὃς
1201 1661 1303 1713 παρ’
1328 1660 1440 1715 αὐτῷ
1465 1654 1531 1714 ἧν,

82 1723 155 1778 τῆς
181 1721 341 1771 πόλεως
364 1719 738 1777 προσχωρησάσης,
767 1718 930 1774 ἔπεμπε
955 1719 1063 1777 πρὸς
1089 1721 1232 1776 αὐτὸν,
1258 1725 1433 1766 τοιαῦτα
1458 1724 1533 1767 ἀν·-

83 1789 354 1836 τεπιστείλας·
388 1787 599 1842 ,,α’νέγνων
612 1802 689 1830 σου
711 1785 762 1830 τὰ
779 1785 1032 1844 γράμματα,
1059 1789 1432 1845 παρακοιμώμενε,
1460 1793 1533 1834 καί

83 1954 164 1978 eum
186 1944 273 1978 ideo
295 1943 430 1979 factum
455 1944 742 1985 arbitrarentur,
769 1945 856 1989 quia
882 1943 1083 1986 defuisset,
1111 1946 1175 1991 qui
1202 1946 1280 1979 eius
1304 1947 1530 1982 incrementa

78 1991 294 2036 impediret,
329 2001 499 2036 magnum
535 1990 664 2024 ducem
700 1991 879 2025 exercitui
904 1990 948 2024 de
971 1991 1111 2036 integro
1143 1992 1384 2037 praeficiunt,
1420 1995 1530 2038 eique

83 2037 178 2072 belli
212 2038 371 2072 rationes
405 2038 650 2075 committunt.
716 2038 750 2071 Is
786 2037 843 2072 nil
867 2042 1054 2071 cunctatus
1091 2048 1174 2071 cum
1200 2040 1287 2073 totis
1312 2041 1427 2084 copiis
1450 2042 1532 2075 He-

78 2085 234 2119 racleam
259 2078 459 2118 contendit.
483 2084 644 2118 Audiens
665 2089 799 2126 autem,
812 2084 1065 2130 imperatorem
1091 2094 1169 2118 esse
1191 2085 1416 2132 Chariopoli,
1484 2097 1528 2122 ae

79 2142 120 2166 se
143 2142 260 2176 nuper
283 2131 340 2164 ini
377 2130 612 2172 tradidisset,
653 2130 819 2176 Longino
846 2130 1002 2177 quodam
1026 2142 1047 2165 e
1071 2141 1224 2174 carcere,
1249 2143 1342 2179 quo,
1366 2139 1408 2168 ut
1461 2145 1481 2167 a
1508 2153 1528 2160 —

77 2183 253 2213 tacuzeno
282 2177 435 2218 amicus,
458 2178 643 2212 coniectus
682 2178 823 2219 fuerat,
852 2177 984 2211 educto
1008 2178 1210 2224 multisque
1234 2180 1419 2225 promissis
1445 2190 1526 2215 ere-

76 2230 136 2260 cto
151 2249 160 2266 ‚
194 2225 226 2258 si
248 2229 372 2269 posset
395 2224 453 2258 illi
480 2225 592 2259 vitam
619 2224 782 2259 adimere
798 2249 809 2266 ‚
842 2223 989 2259 honesti
1011 2230 1220 2270 praetextus
1244 2227 1356 2270 gratia
1381 2227 1523 2262 litteras

77 2282 228 2318 quoque
253 2269 374 2305 eidem
397 2271 444 2304 ad
477 2271 633 2306 eundem
689 2270 899 2305 erferendas
924 2270 1050 2307 dedit:
1074 2282 1196 2305 earum
1220 2272 1312 2307 haec
1335 2279 1413 2308 erat
1436 2284 1522 2308 sena

73 2319 205 2353 tentia.
254 2317 301 2351 Se
325 2317 437 2361 alias,
460 2329 542 2351 eum
567 2319 607 2352 in
630 2318 736 2352 ilum
755 2317 1007 2362 Didymotiehi
1035 2317 1225 2364 degentem
1248 2325 1424 2362 moveret,
1447 2321 1524 2355 col·-

74 2365 298 2399 locutionem
333 2374 414 2398 eum
448 2374 492 2399 eo
523 2365 735 2411 pepegisse,
762 2376 871 2412 quam
896 2365 983 2411 quia
1010 2369 1153 2410 tempus
1180 2371 1350 2412 negaret,
1373 2367 1521 2402 domum

74 2411 274 2446 revertisse.
335 2411 457 2455 Ipsum
489 2411 644 2454 interea,
672 2413 948 2458 opportunitate
974 2417 1137 2458 arrepta,
1176 2413 1284 2447 urbes
1309 2415 1520 2459 imperatori

72 2458 202 2492 Ioanni
227 2457 412 2492 subiectas
448 2459 555 2492 armis
590 2470 658 2505 per
679 2459 783 2493 nefas
807 2458 993 2494 invasisse.
1043 2458 1146 2493 Unde
1170 2471 1387 2507 quamquam
1419 2466 1519 2495 cete·

73 2505 183 2552 roqui
206 2514 352 2538 manere
377 2503 479 2538 domi
502 2505 682 2546 voluerit,
724 2516 806 2539 cum
831 2506 972 2551 agmine
995 2506 1147 2540 militari
1170 2508 1380 2542 Heracleam
1403 2508 1517 2553 profl-

73 2552 160 2585 cisci
196 2551 377 2585 debuisse.
436 2550 683 2597 Quamobrem
715 2553 746 2586 si
771 2552 842 2586 sibi
881 2553 1075 2586 obsecutus
1109 2552 1256 2588 domum
1288 2554 1430 2594 redeat,
1456 2565 1519 2589 re·

72 2598 232 2632 ctissime
257 2599 435 2632 facturum
450 2622 460 2638 ‚
485 2602 523 2633 et
547 2609 586 2632 se
609 2608 760 2645 quoque
783 2602 1003 2632 cessaturum
1031 2599 1167 2634 milites
1203 2611 1286 2635 suos
1320 2601 1519 2636 inutilibus

71 2644 251 2678 delassare
285 2643 483 2678 laboribus.
540 2645 579 2679 Si
603 2646 712 2679 aliter
735 2649 906 2685 censeat,
939 2645 1035 2678 nihil
1058 2656 1097 2679 se
1123 2646 1304 2683 dicturum
1336 2649 1518 2694 amplius:

70 2691 189 2736 ipsum
227 2691 313 2724 satis
345 2691 460 2731 seire,
498 2691 556 2725 eui
588 2702 626 2725 se
660 2697 798 2726 statuat
835 2702 1045 2736 opponere:
1089 2694 1246 2728 eundem
1291 2695 1389 2729 enim
1426 2703 1517 2735 esse,

70 2747 178 2783 quem
203 2737 346 2782 pridem
369 2742 539 2782 expertus
567 2737 690 2773 fuerit.
740 2739 955 2782 Imperator,
978 2739 1072 2773 lecta
1105 2741 1270 2786 epistola,
1293 2741 1515 2788 praefectum

69 2783 282 2828 Apriorum,
306 2785 371 2830 qui
397 2784 505 2826 sorte,
528 2783 618 2820 urbe
646 2786 717 2819 iam
744 2783 882 2827 dedita,
902 2785 1050 2828 aderat,
1086 2786 1133 2821 ad
1151 2788 1256 2823 illum
1284 2790 1398 2823 mittit
1433 2798 1514 2823 cum
