1812 3132
265 129 368 184 118
713 182 715 184 .
801 148 1170 195 CANrAcUzENJ

63 252 153 288 AC.
173 251 320 306 ι34ιτῷ
346 263 392 302 γε
418 244 585 306 ἀδελφῷ
613 251 840 292 πειθεσθαι
869 251 1090 307 προσήκει,
1137 256 1406 315 πρεσβυτέρῳ
1434 274 1478 300 τε
1503 259 1579 315 τῆν
1605 258 1697 316 ἧλι-

259 316 352 356 κίαν
381 308 465 356 ὄντι
508 316 581 356 καί
605 317 764 366 μᾶλλον
810 316 930 369 ὑμῶν
957 316 1084 361 εἰδότι
1109 324 1361 374 μεταβολαῖς
1387 339 1430 364 τε
1462 327 1534 367 καί
1560 342 1699 369 καινο-

259 381 405 432 τομίας
436 377 686 435 πραγμάτων
712 383 902 436 χρῆσθαι
927 382 1227 439 προσηκόντως.
1284 385 1422 440 οἴομαι
1450 390 1498 432 δὲ
1525 390 1700 449 κάκείνῳ

217 444 619 500 Βπερισπούδαστον
647 444 724 500 τήν
750 447 930 503 μεγάλου
964 450 1206 503 δομεστίκου
1235 450 1458 495 κατάλυσιν
1486 452 1620 510 εἶναι,
1650 453 1701 498 οὖ

259 512 429 566 φέροντι
455 509 528 552 τὸν
566 506 684 564 ὄγκον
713 514 788 566 τῆς
815 513 951 570 ἀρχῆς
978 516 1052 556 καί
1079 515 1127 557 τὸ
1158 515 1320 566 πάντας
1347 519 1392 560 έν
1420 519 1745 575 ἄνδραποδωνό.

258 571 438 630 ἄγεσθαι
460 575 534 617 καί
554 578 761 632 φέρεσθαι
783 578 1010 622 ὑπ’ἑκείνου
1028 583 1170 639 μοίρᾳ.
1199 581 1279 636 ἐγώ
1298 585 1376 636 μὲν
1389 580 1462 626 οὖν
1489 583 1516 626 ἃ
1539 587 1704 641 συμφέ-

259 657 348 696 ρειν
375 644 533 695 νομίζω
549 674 562 696 ,
583 642 925 697 συμβεβούλευκα
953 646 1068 698 ὑμῖν.
1096 647 1218 689 mirol
1245 650 1285 689 δ’
1299 649 1378 691 εἴτι
1401 649 1499 706 περὶ
1514 651 1704 700 εὐδοξίας

258 707 379 760 ὑμῶν
420 709 559 749 αὐτῶν
595 711 669 750 καί
705 709 800 761 βίου
830 713 1102 767 περιφανείας
1131 712 1342 768 κεκρίκατε
1370 716 1614 770 ἐπιχειρεῖν,
1641 715 1702 770 μὴ

123 785 235 823 ν,33ι
255 775 480 828 προΐεσθαι
508 773 731 827 ἀναγκαῖον
760 774 833 816 τὸν
861 774 1035 832 καιρὸν,
1088 779 1157 819 ἵνα
1184 778 1258 832 μή,
1290 778 1590 835 παρελθόντος,
1631 781 1702 822 οὕ-

261 840 331 880 δὲν
364 835 626 894 ω’φελιόμεθα
666 841 710 881 ἐκ
748 841 822 894 τῆς
848 843 1136 895 μεταμελείας.
1192 845 1349 886 ἐκείνου
1389 844 1467 901 γάρ
1499 846 1762 900 (ἰπόντος,ιο.

259 904 396 960 ῥᾷστα
424 906 507 946 πᾶν
530 908 815 959 κατορθωθείη
836 923 846 932 ·
892 902 943 948 ἂν
972 909 1008 948 δ’
1037 909 1084 950 ἐκ
1112 910 1184 963 τῆς
1212 911 1434 963 στρατείας
1460 913 1668 969 ἐπανέλθῃ
1689 945 1702 963 ‚

260 969 357 1011 οὐδὲ
385 970 550 1024 γρύζειν
589 973 784 1025 παραινῶ
821 975 1004 1029 τολμᾷν,
1049 969 1075 1028 ἢ
1105 974 1227 1017 οὐδὲν
1255 974 1374 1017 ἔσται
1413 976 1460 1018 τὸ
1494 979 1717 1030 κωλῦσον,

257 1034 305 1076 τὸ
333 1037 431 1091 μηδ’
448 1032 528 1092 ὅπῃ
549 1037 621 1090 γῆς
652 1033 809 1089 διάγετε
832 1038 1090 1090 α’γνοεῑσθαι.
1118 1038 1197 1093 ἐγώ
1227 1042 1273 1082 δὲ
1306 1037 1354 1082 οὗ
1386 1041 1520 1096 λόγοις
1549 1041 1705 1096 α’πλῶς,

262 1100 370 1142 ἀλλὰ
399 1102 472 1142 καί
496 1098 636 1156 ὅρκοις
658 1104 888 1157 παρέξομαι
909 1106 1069 1153 πίστεις
1095 1105 1274 1162 ἰσχυράς
1303 1109 1376 1148 τοῦ
1401 1107 1505 1163 πρός
1537 1123 1583 1150 τε
1607 1107 1708 1158 τούς

263 1163 429 1220 ἆγαῖνας
457 1164 780 1222 προθυμότατον
800 1171 1101 1225 παρασχέσθαι
1119 1169 1292 1224 ἓαυτὸνζ
1319 1173 1392 1214 καί
1413 1172 1607 1229 χρήμασι
1635 1169 1766 1215 καὶ15

138 1229 409 1281 Ρ·409ὃ’πλοις
446 1233 518 1273 καί
559 1233 735 1281 οἰκέταις
777 1233 1079 1290 συναιρόμενον
1098 1270 1112 1290 ,
1152 1238 1224 1278 καί
1246 1235 1352 1290 μετά
1381 1235 1455 1293 τῆν
1481 1238 1710 1282 κατάλυσιν

265 1299 424 1339 ἐκείνου
463 1296 597 1340 πάντα
635 1299 823 1354 ποιήσειν
859 1299 909 1342 τά
954 1303 1286 1357 προστεταγμένα
1330 1302 1405 1359 ὕφ’
1443 1300 1582 1357 ὑμῶν,
1638 1303 1718 1346 καί-

265 1362 381 1419 παρά
403 1364 538 1407 πάντα
558 1362 630 1406 τὸν
656 1367 749 1418 βίον
776 1366 820 1407 ἐν
847 1365 1032 1420 ὑπηκόου
1060 1369 1188 1424 μοίρᾳ
1214 1370 1412 1422 τελέσειν,
1422 1370 1554 1423 μηδὲν
1579 1371 1710 1424 μηδὲ·

264 1445 362 1472 ποτε
387 1428 493 1485 πρὸς
539 1430 651 1483 ὑμᾶς
691 1427 1022 1486 άγνωμονήσας.”
1077 1434 1253 1476 τοιαῦτα
1283 1432 1410 1476 εἰπών
1440 1433 1513 1475 καί
1539 1436 1709 1490 προσέτι

264 1512 310 1549 γε
345 1492 484 1551 ὅρκοις
522 1497 864 1552 ἀσφαλισάμενος
901 1496 950 1539 τὰ
983 1500 1206 1554 εἰρημένα,
1246 1499 1338 1539 ἐπεί
1366 1500 1579 1548 κάκείνους
1619 1497 1770 1554 εἶχεἎΟ,

265 1561 567 1614 πεπεισμένους
594 1560 701 1617 πρὸς
727 1561 772 1603 τὸ
803 1563 1002 1618 πράττειν
1031 1563 1082 1605 τὰ
1110 1566 1418 1617 βεβουλευμένα
1443 1598 1454 1617 ,
1485 1563 1591 1621 πρὸς
1618 1567 1659 1608 Γ
1657 1582 1708 1607 α-

266 1628 403 1679 βαλᾶν
426 1624 620 1682 Ἰωάννην
647 1625 720 1669 τὸν
747 1630 881 1683 μέγαν
912 1626 1184 1685 δρουγγάριον
1210 1627 1374 1683 ἐλθών,
1404 1629 1450 1679 ὃς
1477 1626 1529 1686 ἦν
1557 1632 1604 1673 ἐκ
1635 1633 1709 1686 τῆς

266 1690 374 1746 πρὸς
403 1690 579 1747 Κράλην
608 1696 832 1747 πρεσβείας
861 1689 959 1750 ἄρτι
986 1691 1121 1749 ἥκων,
1161 1694 1244 1736 ὑπὸ
1273 1698 1348 1737 τοῦ
1372 1696 1556 1750 μεγάλου
1585 1698 1721 1749 δομε--

359 1782 396 1817 6.
422 1781 667 1828 συμφέροντα
692 1783 740 1816 Μ.
818 1787 868 1820 18.
895 1785 1077 1826 τελέσειν,
1101 1784 1194 1831 μηδὲ
1219 1784 1262 1819 δέ
1283 1796 1374 1820 ποτε
1402 1788 1436 1820 Ρ.

268 1872 467 1905 Romanum
493 1873 685 1916 imperium
709 1874 808 1908 lucro
833 1875 936 1909 vobis
964 1876 1217 1922 apponendum
1241 1877 1316 1910 sit?
1344 1876 1452 1922 Quod
1478 1877 1508 1910 sl
1533 1888 1612 1911 mea
1636 1882 1710 1912 tam

271 1918 414 1951 utiliter
438 1920 618 1952 mouentis
655 1919 751 1953 nihil
782 1921 879 1965 apud
913 1933 975 1955 vos
1013 1921 1108 1955 valet
1141 1924 1277 1963 oratio,
1310 1927 1347 1956 at
1383 1923 1483 1957 fratri
1523 1930 1639 1957 vestro
1673 1930 1712 1959 et

271 1965 406 1998 seniori
433 1970 469 1998 et
496 1966 626 2000 melius
648 1967 797 2007 scienti,
824 1978 930 2013 quem
960 1978 1004 2000 ex
1028 1979 1144 2001 rerum
1179 1969 1438 2003 mutationibus
1467 1970 1711 2003 novitatibus-

270 2022 341 2056 que
368 2011 522 2045 fructum
553 2023 681 2057 capere
707 2014 846 2058 possit,
872 2013 1070 2056 creditote,
1108 2026 1214 2060 quem
1244 2026 1308 2060 ego
1344 2017 1460 2060 ipsum
1493 2018 1611 2061 magni
1644 2018 1727 2050 do-·'

269 2058 409 2091 mestici
436 2060 764 2092 exauctorationem
787 2059 892 2092 valde
919 2062 1048 2104 opinor
1073 2067 1260 2105 expetere,
1292 2072 1365 2094 non
1394 2063 1567 2095 ferentem
1594 2065 1710 2107 impe-

269 2104 382 2137 rantis
408 2104 565 2144 fastum,
591 2116 655 2149 per
680 2116 786 2150 quem
811 2115 933 2138 omnes
959 2112 1000 2139 ut
1027 2108 1204 2152 mancipia
1239 2108 1285 2140 ab
1323 2119 1366 2141 eo
1399 2115 1552 2151 aguntur
1586 2109 1712 2144 ferun-

269 2155 413 2194 turque.
462 2150 533 2194 Ego
559 2151 688 2195 igitur,
713 2162 805 2197 quae
834 2153 871 2185 in
897 2163 971 2185 rem
996 2159 1147 2187 vestram
1172 2154 1389 2194 iudicarem,
1414 2154 1516 2188 vobis
1541 2157 1709 2199 exposui;

269 2207 331 2229 vos
357 2197 385 2228 si
413 2195 503 2240 quid
527 2207 592 2240 pro
617 2197 730 2240 gloria
753 2198 911 2230 nominis
935 2200 1043 2232 vestri
1069 2205 1106 2233 et
1130 2200 1345 2234 claritudine
1369 2202 1464 2235 vitae
1494 2201 1707 2234 tentandum

270 2243 485 2282 censuisti-⁸1,
511 2242 627 2275 nolite
657 2243 818 2276 oblatum
842 2248 982 2289 tempus
1008 2246 1208 2291 negligere,
1248 2258 1319 2292 quo
1346 2247 1614 2292 praeterlapm,
1650 2248 1709 2282 in—

269 2299 410 2322 cassum
439 2288 656 2333 poenitebit.
702 2290 771 2323 Illo
797 2292 893 2323 enim
918 2290 1090 2332 absente,
1128 2293 1398 2336 expeditissime
1431 2295 1551 2327 omnia
1584 2305 1708 2339 proce-

272 2336 361 2369 dent
384 2334 558 2369 feliciter:
586 2336 650 2380 qui
675 2336 704 2368 si
733 2336 779 2369 ab
806 2337 1038 2380 expeditione
1066 2338 1236 2379 redierit,
1260 2350 1316 2371 me
1343 2345 1487 2373 auctore
1505 2350 1551 2372 ne
1574 2342 1706 2374 mutire

272 2381 423 2427 quidem
451 2381 653 2415 audebitis:
682 2387 745 2415 aut
767 2383 861 2416 nihil
885 2383 1115 2427 prohibebit,
1156 2395 1229 2432 quo
1263 2387 1380 2418 minus
1407 2386 1603 2429 ignoretis,
1641 2385 1708 2420 ubi

271 2433 448 2461 terrarum
483 2429 607 2473 agatis.
662 2428 736 2462 Nec
772 2439 836 2474 ego
870 2429 988 2463 verbis
1024 2430 1153 2470 nudis,
1193 2431 1254 2465 sed
1287 2437 1324 2465 et
1355 2437 1577 2466 sacramento
1608 2432 1706 2466 dicto

271 2472 378 2507 fidem
404 2475 540 2507 firmam
565 2475 686 2516 dabo,
728 2486 784 2508 me
819 2477 858 2509 in
885 2474 954 2508 hoc
985 2477 1180 2510 certamine
1213 2478 1492 2523 impigerrimum
1527 2479 1708 2520 futurum,

269 2521 480 2564 pecuniam,
527 2531 641 2562 arma,
693 2532 810 2555 servos
846 2521 1139 2566 suppeditantem
1173 2529 1231 2564 et,
1284 2534 1327 2557 eo
1363 2530 1618 2566 exauctorato,
1667 2525 1707 2559 in

272 2567 371 2599 omni
396 2566 471 2597 vita
493 2566 598 2602 vobis
625 2567 838 2608 subiectum,
864 2570 1037 2612 imperata
1063 2574 1179 2603 vestra
1206 2570 1395 2611 facturum,
1419 2581 1486 2604 nec
1509 2571 1707 2616 quidquam

272 2613 312 2645 in
338 2623 399 2646 vos
429 2611 644 2647 illaudabile
675 2614 952 2659 designaturum.
991 2615 1053 2648 His
1083 2615 1188 2649 dictis
1214 2621 1251 2650 et
1271 2617 1504 2651 iureiurando
1522 2616 1706 2659 stabilitis,

273 2659 445 2703 quoniam
474 2665 512 2692 ct
535 2661 631 2704 ipsos
664 2660 710 2693 ad
738 2660 1055 2706 obtemperandum
1091 2668 1235 2707 paratos
1263 2662 1432 2703 videbat,
1463 2663 1509 2695 ad
1532 2663 1706 2699 loannem

273 2705 448 2738 Gabalam
472 2716 639 2750 magnum
666 2707 892 2751 drungarium
911 2733 919 2748 ‚
955 2708 1016 2754 qui
1050 2709 1089 2741 in
1113 2709 1293 2753 legatione
1319 2709 1364 2741 ad
1401 2709 1538 2743 Crnlem
1572 2721 1591 2742 a
1627 2720 1703 2742 ma-

273 2761 340 2795 gno
371 2752 567 2786 domestico
594 2753 721 2787 missus
746 2759 961 2796 reverterat,
993 2753 1147 2789 accedit:
1181 2755 1358 2802 numquid
1385 2755 1429 2789 de
1462 2766 1498 2789 se
1529 2756 1703 2798 audierit,
