1800 3132
291 174 310 209 l
324 175 353 210 2
813 174 1181 219 CANTACUZENI

88 277 125 310 A.
139 277 174 311 C.
191 290 205 312 1
220 272 363 326 341257'9
375 270 475 326 πρός
495 286 537 313 τε
550 271 796 327 βαρβάρους
814 276 1003 328 πολεμῶν
1017 273 1203 330 καὶπρὸς
1215 272 1309 324 τούς
1326 276 1501 325 οἰκείους
1516 277 1718 319 διετέλεσε

253 336 638 390 Βπολιτευόμενος,
677 339 862 380 ἐνταῦθα
898 340 1166 396 ἐτελεύτησε,
1221 339 1293 382 καί
1328 338 1355 395 ἦ
1395 338 1591 395 πρόθεσις
1621 342 1722 397 ἡμῖν

285 405 417 458 πέρας
453 402 624 457 ἔσχηκεν
665 404 691 458 ἦ
729 406 932 460 ἐξαρχῆς,
989 403 1123 448 πάντα
1160 404 1240 448 miv
1283 407 1472 464 ιῖκριβειζι
1515 407 1586 449 καί
1609 406 1719 460 μετὰ

287 469 487 522 οἲληθείας
519 468 817 523 ἀπαγγείλασιν
858 470 916 521 ὥς
957 473 1132 526 ἐγένετο.
1195 473 1287 513 ἐπεὶ
1320 473 1366 513 δὲ
1393 471 1501 525 μετὰ
1528 471 1602 527 τὴν
1625 472 1720 515 Ἀν-

287 532 479 588 δρονίκου
498 536 573 575 τοῦ
590 535 682 576 νέου
702 535 897 591 τελευτήν
935 536 957 578 ὅ
983 538 1275 590 χαλεπώτατος
1306 538 1388 579 τῶν
1421 538 1583 579 πώποτε
1617 541 1746 592 μνη-5

285 601 574 652 μονευομένων
609 605 693 649 τοῖς
731 601 956 654 Ῥωμαίοις
985 601 1090 657 πρὸς
1124 603 1328 657 ἀλλήλους
1355 604 1532 656 πόλεμος
1557 603 1722 659 α’νερῥι-

287 665 420 719 πίσθη
441 696 453 717 ,
492 661 536 714 ὃς
573 664 713 719 ὀλίγου
753 667 839 708 δεῖν
877 667 1013 708 πάντα
1056 668 1319 723 ἅνατέτραφε
1360 667 1432 710 καί
1468 669 1722 724 διέφθαρκε,

287 728 362 770 καί
401 727 479 783 τήν
531 730 763 783 εὖδαιζιιονα
803 731 875 774 καὶ
913 731 1097 787 μεγάλην
1136 735 1219 773 τῶν
1251 732 1472 785 Ῥωμαίων
1504 731 1724 787 βασιλείαν

289 791 598 849 ἀσθενεστάτην
647 798 721 837 καί
767 793 905 852 ὥσπερ
944 795 1115 838 εἴδωλον
1170 797 1359 849 ἀπέδειξε
1394 799 1470 853 τῆς
1498 798 1724 854 προτέρας,

286 860 512 913 ἀναγκαῖον
539 859 680 918 ᾠήθην
707 864 781 904 καί
802 861 855 904 τά
883 861 988 906 κατὰ
1014 864 1158 904 τοῦτον
1183 861 1255 905 τὸν
1282 861 1462 915 πόλεμον
1480 864 1783 918 γεγενημέναις)

288 924 596 982 ἐξηγήσασθαι,
653 927 704 968 οὔ
741 926 867 981 μόνον
904 927 957 970 ἵν’
983 928 1130 970 εἰδεῖεν
1157 928 1195 970 οἱ
1221 930 1468 981 μετέπειτα,
1511 924 1620 970 ὅσων
1652 943 1726 968 κα-

251 996 373 1036 (ἶκαῖν
400 993 531 1041 αἴτιος
572 989 593 1033 ὅ
634 991 819 1049 φθόνος,
862 993 911 1033 οὔ
952 991 1050 1043 τούς
1092 995 1409 1049 φθονουμένους
1434 992 1586 1047 μόνον,
1617 992 1724 1034 ἀλλά

289 1058 364 1102 καὶ
388 1056 544 1107 αὐτοὺς
577 1058 839 1114 ἐξαφανίζων
867 1057 967 1108 τούς
994 1061 1286 1115 φθονοῦντας,
1333 1055 1472 1114 ὥσπερ
1498 1057 1573 1101 τὸν
1610 1058 1728 1114 σιδη-

294 1143 370 1183 ρον
407 1125 429 1169 ὃ
469 1126 512 1175 ἐξ
549 1125 682 1166 αὐτοῦ
723 1124 961 1178 τικτόμενος
995 1122 1085 1175 ἶὸς,
1118 1122 1206 1166 ἀλλ’
1235 1126 1305 1167 ἵνα
1334 1123 1406 1166 καὶ
1432 1123 1558 1166 αὐτοὶ
1589 1123 1628 1166 οῖ
1654 1125 1728 1166 νῦν

291 1199 376 1243 τοῖς
404 1193 622 1247 πράγμασι-
649 1190 854 1246 παρόντες
880 1189 1062 1246 τάληθὲς
1090 1189 1246 1232 εἰδέναι
1273 1188 1396 1246 ἔχητε
1414 1222 1427 1243 ,
1453 1192 1525 1231 καί
1549 1187 1606 1244 μῆ
1637 1193 1781 1238 ταῖςιὸ

291 1259 449 1311 ἔξωθεν
480 1254 666 1314 φήμαις,
696 1256 805 1311 μηδὲ
831 1260 916 1303 τοῖς
943 1258 1043 1311 παρ’
1067 1251 1273 1310 ἑκατέρων
1295 1256 1378 1297 τῶν
1405 1256 1546 1310 μερῶν
1573 1250 1600 1309 ἢ
1632 1251 1730 1296 ἑαυ-

289 1330 379 1374 τοῖς
412 1324 706 1378 χαριζομένοις
757 1315 786 1376 ἢ
823 1319 923 1369 τούς
962 1319 1174 1370 ἐναντίους
1203 1318 1479 1374 διαβάλλουσι
1506 1321 1732 1375 προσέχον-

289 1406 358 1440 τες
379 1386 707 1445 θρυλλουμένοις
721 1418 735 1441 ,
762 1386 1008 1442 παράγησθε
1030 1384 1266 1438 δοξάζοντες
1285 1384 1337 1427 τὰ
1355 1383 1413 1440 μη
1444 1380 1561 1430 ὄντα.
1616 1379 1732 1434 ἄξιον

289 1458 340 1498 δὲ
368 1454 476 1509 μετὰ
504 1452 719 1508 ἀκριβείας
748 1452 844 1505 ἐμοὶ
869 1453 1090 1507 προσέχειν
1117 1452 1191 1493 καί
1214 1451 1274 1506 μή
1302 1452 1533 1506 παρέργως.
1589 1448 1629 1491 οἱ
1654 1451 1733 1502 μὲν

287 1520 370 1577 γάρ
404 1517 524 1562 ἄλλοι
551 1517 726 1571 πάντες,
767 1520 808 1560 εἰ
846 1518 899 1572 δή
939 1532 1050 1567 τινες
1090 1512 1171 1558 εἷεν
1199 1515 1239 1558 οἱ
1267 1514 1612 1571 συγγραψάμενοι
1637 1515 1790 1571 περίςο

289 1588 414 1629 τοῦδε
445 1586 520 1627 τοῦ
547 1586 761 1637 πολέμου,
789 1579 818 1638 ἢ
846 1582 1112 1625 παντάπασιν
1139 1580 1312 1631 οἷπόντες
1339 1583 1422 1623 ταῖν
1449 1579 1732 1636 πραγμάτων,

286 1650 369 1695 ὅσα
397 1646 425 1708 ἢ
454 1646 577 1706 ὄχλος
605 1649 626 1691 ὅ
649 1649 841 1705 δημώδης
871 1648 1111 1704 διεθρύλλει
1129 1643 1158 1703 ἦ
1172 1662 1277 1697 τινες
1302 1649 1436 1702 ἕτεροι
1465 1642 1733 1702 ἀπήγγελλον,

246 1719 417 1763 1)·οὕδὲν
455 1719 590 1774 σαφὲς
633 1713 784 1766 εἰδότες
818 1716 916 1772 περὶ
955 1717 1039 1757 τῶν
1065 1716 1317 1769 γινομένων,
1358 1709 1426 1756 οἷα
1455 1712 1737 1768 παρεδέξαντο

391 1832 444 1866 ¹7·
473 1818 733 1866 προσέχοντας
755 1817 800 1852 Ρ.;

292 1910 478 1952 habuerit,
504 1909 576 1944 huc
604 1920 719 1956 usque
743 1920 764 1942 a
788 1908 896 1942 nobis
919 1906 1139 1951 explicatum
1178 1908 1233 1938 est
1268 1908 1306 1938 et
1339 1904 1516 1950 promissa
1548 1903 1595 1937 ab
1625 1903 1735 1938 init-io

293 1963 525 1998 conservata,
562 1956 646 1990 dum
672 1961 835 1989 accurate
860 1959 898 1988 et
924 1964 1026 1994 vere,
1070 1958 1111 1986 ut
1143 1953 1395 1995 contigerunt,
1440 1951 1562 1984 omnia
1591 1951 1736 1984 littera-

289 2015 375 2039 rum
404 2004 647 2037 monumentis
685 2001 863 2045 complexi
907 2003 1038 2033 su’mus.
1099 1998 1170 2031 Sed
1206 1998 1379 2043 quoniam
1412 2002 1500 2042 post
1534 1996 1735 2031 Andronici

293 2051 447 2085 minoris
471 2061 516 2083 ex
538 2048 606 2082 hac
631 2049 712 2083 luce
731 2047 982 2091 migrationem
1017 2044 1152 2078 bellum
1179 2044 1340 2078 omnium
1370 2049 1551 2090 quotquot
1575 2053 1736 2087 unquam

292 2096 430 2131 litteris
467 2098 683 2129 exstiterunt
712 2093 1055 2138 perniciosissimum
1090 2092 1185 2126 inter
1207 2092 1380 2124 Romanos
1411 2091 1509 2134 ipsos
1534 2089 1737 2123 inflamma-

294 2149 374 2178 tum
403 2147 477 2176 est:
514 2142 611 2175 unde
635 2139 896 2185 propemodum
937 2139 1057 2172 omnia
1089 2142 1266 2182 prostrata
1303 2141 1340 2170 et
1375 2147 1495 2170 eversa
1529 2135 1739 2180 perierunt,

296 2200 341 2222 ac
368 2189 513 2222 beatum
536 2187 629 2221 illud
649 2193 685 2221 ct
708 2186 867 2232 amplum
901 2185 1093 2230 imperium
1127 2183 1404 2218 imbecillimum
1429 2187 1466 2216 et
1489 2181 1600 2216 veluti
1625 2181 1739 2214 simu-

296 2236 433 2269 lacrum
486 2233 668 2280 quoddam
716 2238 753 2267 et
803 2232 930 2265 umbra
976 2236 1117 2265 tantum
1153 2231 1284 2273 prioris
1323 2229 1463 2268 evasit,
1494 2227 1738 2261 necessarium

300 2282 523 2322 existimavi,
555 2282 664 2314 etiam
700 2290 742 2314 eo
767 2280 845 2322 ipso
869 2282 1074 2322 perpetrata
1099 2282 1312 2310 contexere:
1349 2286 1423 2308 non
1447 2274 1567 2308 solum'
1597 2279 1639 2307 ut
1668 2283 1739 2318 po-

300 2328 444 2361 steritas
477 2332 688 2372 cognoscat,
723 2331 894 2370 quantam
931 2325 1001 2356 vim
1031 2322 1339 2357 incommodorum
1375 2320 1513 2354 Invidia
1542 2322 1739 2365 importare

301 2375 441 2414 soleat,
477 2384 570 2418 quae
599 2380 673 2408 tam
702 2372 793 2412 sibi,
825 2382 932 2416 quam
959 2370 1064 2411 aliis,
1102 2370 1214 2402 instar
1243 2367 1418 2410 rubiginis
1452 2379 1496 2401 ex
1531 2368 1610 2412 ipso
1642 2364 1738 2399 ferro

301 2421 483 2454 nascentis
509 2421 716 2464 ferrumque
744 2419 1002 2456 consumentis,
1031 2416 1184 2450 exitiosa
1213 2419 1283 2448 est:
1310 2413 1373 2447 sed
1388 2414 1496 2447 ctiam
1513 2419 1555 2447 ut
1570 2422 1742 2457 praesen·-

301 2472 358 2500 tes
382 2466 564 2507 habeant,
605 2465 702 2500 unde
734 2467 919 2499 veritatem
955 2463 1177 2507 percipiant:
1219 2472 1264 2494 ne
1305 2460 1502 2504 peregrinis
1532 2457 1738 2493 rumoribus

303 2524 394 2546 neve
419 2513 486 2552 iis,
524 2524 615 2556 quac
654 2511 699 2544 ab
736 2516 888 2555 utraque
923 2515 1022 2554 parte
1060 2510 1115 2541 vel
1140 2508 1185 2541 ad
1211 2518 1313 2540 suum
1347 2505 1454 2540 decus
1490 2517 1555 2550 per
1589 2504 1738 2550 gratiam

302 2560 361 2593 vel
385 2559 430 2592 ad
454 2558 737 2592 adversariorum
763 2556 915 2590 dedecus
943 2568 1006 2599 per
1029 2555 1241 2588 calumniam
1268 2552 1572 2590 disseminantur,
1598 2552 1738 2584 animos

303 2606 531 2639 advertentes
565 2604 893 2642 circumducantur,
932 2603 1021 2635 falsa
1047 2613 1111 2646 pro
1135 2601 1226 2633 veris
1259 2600 1460 2643 opinantes.
1509 2597 1585 2630 Erit
1615 2601 1738 2629 autem

303 2662 434 2695 operae
461 2651 616 2696 pretium
642 2663 714 2685 non
740 2652 951 2688 oscitanter,
978 2647 1039 2681 sed
1066 2647 1225 2681 studiose
1250 2645 1339 2678 mihi
1365 2645 1449 2678 dare
1467 2654 1621 2689 operam.
1646 2642 1738 2675 Nam

297 2698 438 2731 'caeteri
466 2708 612 2737 omncS,
641 2698 670 2729 si
696 2697 762 2741 qui
788 2697 894 2731 huius
922 2695 1012 2729 belli
1034 2694 1224 2727 historiam
1241 2695 1537 2736 composuerunt,
1560 2694 1624 2722 aut
1646 2699 1737 2722 neu-

302 2746 442 2791 tiquam
467 2743 726 2779 interfucrunt:
754 2753 920 2790 quaeque
947 2743 1020 2777 sive
1042 2739 1238 2775 multitudo
1262 2738 1446 2784 popularis
1470 2737 1546 2770 sive
1572 2735 1634 2768 alii
1653 2732 1736 2780 qui-
