1800 3138
256 176 364 232 250
793 193 1158 238 CANTACUZENI

63 306 237 351 [Ml-1342
251 298 335 339 ἀλλ’
366 291 434 335 ὑπ’
463 295 602 335 αυ’τῶ’ν
628 295 793 336 ἐκείνων
812 299 1101 353 προδοθέντες,
1126 293 1196 345 οὓς
1214 297 1436 349 ἠλπίζομεν
1455 293 1557 352 ἄχρι
1572 312 1676 339 παν-

253 361 323 410 τὸς
350 358 447 416 ἡμῖν
473 363 832 413 συναγωνιεῖσθαι.
888 360 968 415 ἐγώ
996 363 1042 402 δὲ
1070 362 1142 402 καί
1163 360 1361 416 πρότερον
1382 363 1460 415 μὲν
1480 362 1676 403 οὐδέποτε

256 429 414 468 δίκαιον
450 420 555 465 εἶναι
588 421 804 480 ἡγησάμην
831 421 970 475 ὅπλοις
1002 425 1076 468 καί
1101 427 1241 475 ἵπποις
1267 428 1340 468 καί
1371 425 1520 480 πλήθει
1549 443 1677 481 στρα-

254 493 345 540 τιᾶς
385 487 588 544 θαρρεῖν,
638 487 742 530 α’λλά
781 491 834 547 τῇ
873 491 1006 532 πάντα
1034 490 1264 547 συνεχούσῃ
1290 491 1366 532 τοῦ
1391 492 1495 531 θεοῦ
1524 489 1675 548 ἀμάχῳ

254 559 395 611 δεξιᾷ,
439 549 471 613 ᾧ
511 553 657 610 ῥᾴδιον
697 556 768 596 καί
803 554 900 604 τούς
938 555 1056 609 ὀλίγα
1084 557 1337 608 δυναμένους
1362 556 1443 597 τῶν
1469 556 1704 607 πολεμίων5

253 620 461 675 κρείττους
489 618 749 675 ἀποφαίνειν,
779 621 852 661 καί
878 619 974 669 τούς
1002 623 1108 674 μέγα
1135 622 1357 676 φυσῶντας
1373 622 1675 671 καταστέλλειν,
1715 665 1720 668 ,

253 683 306 728 ἄν
332 687 388 742 τῷ
415 683 597 740 περιόντι
625 686 697 739 τῆς
724 685 939 738 δυνάμεως
966 684 1192 740 ἐξάγωνται
1220 687 1295 726 τοῦ
1320 686 1502 740 μέτρου·
1553 682 1679 738 μάλι-

212 759 239 792 C
255 769 334 794 στα
366 753 411 792 δὲ
438 752 543 802 νυνὶ,
572 750 694 804 ἡνίκα
722 750 854 805 πάσης
872 748 998 805 ἄλλης
1020 752 1203 799 ἐπινοίας
1223 750 1568 805 περιαιρεθείσης,
1597 747 1680 803 μό.

255 834 306 872 νη
347 816 661 862 καταλέλειπται
699 815 798 869 ἡμῖν
834 815 859 870 ἢ
898 817 996 869 περὶ
1034 814 1107 857 τόν
1142 813 1244 856 θεὸν
1282 816 1407 863 ἐλπίς.
1471 817 1606 856 καίτοι
1631 830 1679 869 γε

255 883 361 938 φαίη
391 897 452 929 τις
480 876 553 933 ἂν,
579 879 650 929 ’ὥς
677 877 774 922 οὐδὲ
806 883 889 922 τῶν
916 882 1190 936 ἀνθρωπίνων
1218 876 1387 928 οὗδενὸς
1413 878 1732 934 ἤμελήσαμενιο

255 944 403 1000 αὖτοί,
445 945 552 987 ἀλλὰ
591 944 740 1000 πλήθει
778 962 822 986 τε
859 947 938 987 τῶν
976 947 1180 999 πολεμίων
1206 945 1494 998 ὑπερέχουσαν
1517 943 1680 986 οἴκοθεν

253 1011 412 1065 ἔχοντες
451 1010 699 1064 κεκινήμεθα
740 1009 938 1066 στρατιὰν
978 1012 1051 1052 καί
1071 1017 1155 1059 τοῖς
1183 1007 1319 1060 ἄλλοις
1347 1006 1479 1052 ἅπασι
1505 1011 1677 1063 βελτίω,

254 1076 327 1118 καί
365 1079 546 1132 φοβεροί
578 1091 682 1124 τινες
721 1070 823 1130 ἄχρι
855 1079 929 1118 νῦν
957 1075 1030 1118 καί
1058 1072 1216 1129 ἄμαχοι
1242 1080 1328 1123 τοῖς
1355 1076 1561 1127 πολεμίοις
1587 1075 1678 1116 ε’δο-

253 1145 426 1196 κοῦμεν,
482 1141 552 1183 καί
578 1141 699 1184 οὐδὲν
727 1143 888 1183 ου’δέπω
916 1143 1044 1197 μέχρι
1071 1143 1146 1182 νῦν
1171 1142 1214 1190 ἐξ
1242 1140 1442 1194 ἀβουλίας
1469 1136 1496 1194 ἢ
1519 1139 1690 1195 οἷπειρί-Δ

256 1225 305 1257 ας
343 1205 581 1263 ἡμάρτηται
619 1206 730 1262 ἡμῖν.
795 1207 835 1249 εἰ
870 1209 910 1248 δ’
949 1207 1067 1261 ἡμῶν
1101 1205 1152 1248 τὰ
1183 1208 1326 1247 δέοντα
1351 1203 1583 1247 ποιούντων
1610 1201 1733 1247 καί15

255 1270 397 1328 ὀρθοῖς
422 1275 648 1328 χρωμένων
677 1276 902 1326 λογισμοῖς,
932 1271 968 1313 οἱ
997 1269 1366 1327 συστρατευόμενοι
1391 1272 1444 1326 τῇ
1468 1272 1565 1325 περὶ
1582 1268 1680 1318 τούς

259 1340 434 1386 οἰκείους
461 1338 702 1394 συμπαθείᾳ
730 1338 1172 1388 καταμαλακισθέντες,
1211 1337 1388 1390 α’γεννῶς
1416 1333 1488 1376 καί
1513 1334 1680 1375 ἀνελευ-

213 1409 244 1442 D
260 1407 393 1458 θέρως
420 1402 741 1458 προσεχώρησαν
765 1408 850 1452 τοῖς
877 1404 1096 1455 πολεμίοις,
1127 1402 1176 1442 οὗ
1203 1400 1286 1456 χρῆ
1313 1399 1391 1454 τήν
1418 1401 1585 1441 ἐκείνων
1604 1415 1679 1440 κα-

253 1471 346 1510 κίαν
384 1471 435 1525 τῇ
462 1466 578 1522 ἡμῶν
607 1468 792 1524 εὐψυχίᾳ
821 1467 893 1509 καί
917 1470 1047 1523 τόλμῃ
1076 1467 1149 1507 καί
1174 1469 1366 1523 καρτερίᾳ
1393 1464 1491 1518 περὶ
1513 1463 1566 1505 τὰ
1596 1465 1679 1506 δει-

253 1532 304 1576 νὰ
337 1533 630 1586 λυμαίνεσθαι.
689 1534 836 1573 ἐκεῖνοι
861 1534 938 1585 μὲν
964 1530 1044 1588 γὰρ
1074 1530 1175 1586 πρὸς
1203 1526 1263 1579 οἷς
1290 1529 1585 1585 ὑποστήσονται
1604 1543 1734 1570 oea-20

254 1602 339 1646 κοῖς
379 1595 676 1652 περιορώμενοι
712 1599 786 1638 καί
820 1594 1218 1653 προπηλακιζόμενοι
1254 1594 1325 1637 καὶ
1352 1594 1486 1637 πάντα
1527 1594 1678 1647 ὗπομέ·

254 1678 414 1715 νοντες,
453 1658 531 1704 ὅσα
570 1661 667 1711 τούς
696 1659 800 1703 ὅπλα
828 1661 1177 1717 παραδεδωκότας
1206 1663 1378 1713 δίκαιον,
1405 1659 1467 1702 ἔτι
1489 1663 1562 1702 καὶ
1582 1657 1682 1714 ἡμῖν

257 1730 378 1786 ὀλίγῳ
411 1726 583 1784 ὕστερον
620 1729 673 1769 ου’
700 1727 865 1784 φαρλην
893 1726 1075 1771 δώσουσι
1098 1726 1172 1783 τὴν
1200 1729 1342 1781 δίκην,
1386 1722 1680 1780 αἰσχυνόμενοι

260 1894 340 1929 dem
364 1895 556 1928 certamine
583 1895 689 1935 victi,
715 1895 778 1928 sed
801 1895 846 1928 ab
871 1895 944 1927 illis
973 1896 1058 1940 ipsis
1081 1894 1236 1939 proditi,
1261 1905 1350 1940 quos
1374 1895 1548 1938 perpetuo
1575 1890 1680 1923 mili-

260 1943 346 1975 tiam
385 1941 573 1974 nobiscum
605 1941 819 1974 toleraturos
856 1942 1130 1975 confidebamus.
1178 1943 1294 1986 Atque
1330 1950 1393 1984 ego
1428 1948 1512 1971 sane
1539 1949 1618 1971 cum
1643 1942 1680 1970 et

260 1993 365 2022 antea
391 1997 572 2032 nunquam
596 1998 671 2020 esse
696 1989 830 2021 iustum
857 1989 1079 2029 censuerim,
1103 1988 1205 2032 equis
1229 1992 1266 2020 et
1289 1988 1397 2019 armis
1426 1989 1462 2017 et
1483 1985 1595 2028 copiis
1619 1985 1679 2016 in-

260 2035 447 2079 gentibus,
472 2033 534 2066 sed
560 2035 680 2066 omnia
704 2034 823 2078 potius
850 2036 1057 2068 continente
1082 2039 1119 2067 et
1140 2033 1411 2078 inexpugnabili
1433 2030 1578 2063 dextera
1610 2030 1680 2062 Dei

261 2079 372 2113 fidere
388 2105 397 2121 ,
421 2080 479 2112 cui
504 2080 610 2112 facile
635 2085 689 2113 est
718 2083 826 2113 etiam
849 2091 975 2125 parum
1003 2084 1166 2125 potentes
1186 2085 1222 2113 et
1245 2079 1402 2113 infirmos
1425 2076 1589 2112 hostibus
1614 2087 1678 2109 su-

260 2127 420 2170 periores
447 2132 626 2169 praestare
661 2126 805 2172 sibique
829 2128 1068 2171 praefidentes
1103 2126 1312 2170 reprimere,
1341 2126 1371 2157 si
1394 2135 1500 2169 opum
1526 2134 1679 2168 exsupe-

262 2173 379 2205 rantia
402 2172 554 2205 limitem
581 2174 810 2213 transierint,
842 2184 937 2207 nune
962 2174 1184 2219 potissimum
1209 2173 1259 2204 ita
1285 2182 1433 2212 censeo,
1469 2170 1612 2214 quando
1638 2169 1679 2202 in

263 2224 420 2252 extrema
457 2219 599 2252 consilii
635 2220 759 2263 inopia
794 2220 868 2253 sola
899 2232 979 2265 erga
1004 2222 1114 2254 Deum
1145 2219 1275 2252 fiducia
1305 2217 1411 2251 nobis
1437 2221 1555 2250 restat.
1602 2214 1679 2248 Etsi

259 2275 327 2297 nec
351 2264 587 2297 humanorum
616 2265 813 2311 quidquam
832 2268 1050 2312 neglectum,
1072 2264 1135 2299 sed
1160 2264 1264 2297 domo
1288 2274 1352 2296 nos
1378 2274 1457 2296 cum
1481 2261 1678 2295 maioribus

262 2318 298 2343 ct
321 2322 384 2354 per
410 2312 529 2344 omnia
558 2312 847 2346 instructioribus
872 2315 1003 2357 copiis,
1029 2323 1136 2357 quam
1160 2310 1319 2344 hostium
1348 2315 1451 2348 sunt,
1475 2308 1676 2352 profectos,

263 2357 510 2390 formidabiles
537 2358 609 2391 inis
636 2365 673 2393 et
705 2360 859 2393 invictos
891 2360 1008 2392 adhuc
1036 2357 1265 2403 apparuisse,
1300 2356 1546 2399 hactenusque
1584 2352 1679 2391 nihil

261 2406 462 2437 temeritate
485 2409 548 2436 aut
574 2406 755 2449 imperitia
779 2417 799 2437 a
823 2405 928 2439 uobis
953 2409 1135 2449 peccatum
1159 2413 1259 2442 esse,
1294 2401 1415 2445 negari
1448 2411 1522 2434 non
1547 2401 1675 2445 potest·

262 2448 372 2492 Quod
398 2451 427 2482 si
458 2451 564 2484 nobis
593 2457 688 2485 recte
715 2453 1012 2486 ratiocinantibus
1049 2455 1086 2483 et
1122 2449 1221 2494 quod
1253 2447 1403 2481 decebat
1435 2445 1677 2486 facientibus,

261 2496 522 2530 commilitones
548 2499 662 2531 nostri
685 2499 929 2532 misericordia
954 2508 1032 2540 erga
1052 2497 1275 2541 propinquos
1299 2493 1470 2533 emolliti,
1504 2497 1545 2525 ut
1567 2490 1679 2536 dege-

259 2549 363 2573 neres
393 2547 429 2574 et
453 2543 600 2576 minime
626 2545 793 2589 ingenui,
818 2556 897 2578 cum
921 2541 1084 2576 hostibus
1110 2553 1146 2574 se
1164 2543 1447 2578 coniunxerunt,
1471 2549 1544 2572 non
1569 2537 1679 2571 debet

259 2586 418 2629 ipsorum
447 2588 620 2623 timiditas
646 2597 682 2624 et
706 2592 844 2635 ignavia
869 2591 1143 2633 imperterritam
1169 2588 1364 2620 animorum
1378 2590 1578 2620 nostrorum
1601 2595 1676 2616 ma-

260 2632 485 2676 gnitudinem
515 2640 550 2666 et
583 2638 619 2669 in
645 2638 778 2680 asperis
814 2636 1039 2671 tolerantiam
1075 2633 1277 2677 depravare,
1324 2633 1412 2664 Nam
1447 2630 1500 2663 illi
1536 2635 1678 2672 praeter

261 2688 303 2711 ea
327 2679 419 2711 mata
435 2703 444 2718 ,
478 2691 568 2723 quae
595 2683 844 2724 sustinebunt,
886 2692 964 2714 cum
989 2680 1230 2722 despicientur
1255 2684 1291 2712 et
1318 2677 1573 2711 contumeliose
1598 2674 1679 2707 irri-

262 2723 441 2757 debuntur
467 2730 501 2757 et
524 2729 642 2760 omnia
667 2730 870 2772 patientur,
898 2737 997 2773 quae-
1014 2737 1087 2758 non
1112 2726 1242 2758 iniuria
1267 2726 1473 2768 patiuntur,
1497 2722 1559 2767 qui
1580 2731 1677 2754 arma

259 2769 510 2812 tradiderunt,
548 2773 694 2819 insuper
724 2774 828 2809 nobis
861 2773 968 2819 paulo
994 2776 1075 2818 post
1101 2783 1174 2806 non
1197 2773 1338 2817 vulgare
1364 2769 1501 2804 dabunt
1538 2766 1676 2812 suppli-
