1812 3132
538 175 918 219 msTOMARUM
958 176 1032 216 ιιι.
1058 180 1130 221 22.
1441 171 1459 206 1
1473 151 1543 227 37

104 280 221 337 av’ug?
258 279 397 333 δοκοίη
430 277 606 330 βέλτιον.
678 273 752 316 καί
778 268 930 329 ἤρχετο
959 272 984 313 ὅ
1014 271 1195 326 πόλεμος
1222 271 1456 328 ἀρχομένου
1479 269 1741 322 'O-A.C.1341

106 345 325 402 κτωβρίου.
386 341 640 390 Ἀπόκαυκος
667 341 715 382 δὲ
739 337 838 388 τούς
865 339 910 380 ἐν
939 337 1046 398 λόγῳ
1073 336 1258 392 μάλιστα
1285 335 1439 385 πάντας
1478 337 1580 381 εἰφο

106 410 190 460 δαὶς
228 411 305 452 οῦκ
343 403 395 456 ἂν
435 405 747 461 ἀνασχομένους
789 404 861 446 ὑπ’
901 405 1061 446 ἐκείνου
1090 399 1295 458 ἄγεσθαι,
1330 400 1433 457 ἔγνω
1462 402 1551 444 δεῖν

104 474 178 518 τὸν
205 476 337 529 δῆμον
363 473 570 529 ἐρεθίζειν
597 469 700 527 πρὸς
727 468 800 512 τὸν
820 468 1016 522 πόλεμον,
1046 469 1096 510 οὗ
1114 468 1243 522 μόνον
1263 465 1423 523 ἆλόγως
1445 466 1550 521 πρὸς

77 543 186 588 5πᾶν
226 540 366 582 ὁτιοῦν
404 538 839 595 φερόμενοννκέρδους
867 537 985 578 ἕνεκα
1012 531 1175 588 ὄλίγου,
1202 530 1310 575 ἀλλὰ
1338 536 1412 575 καί
1431 532 1551 590 ῥᾳδί-

106 621 164 655 ως
189 602 508 657 ὕποκεισόμενον
535 608 623 651 τοῖς
650 603 964 658 προστάγμασιν
990 601 1162 642 ἐκείνου.
1218 599 1292 641 καί
1307 599 1452 655 πρῶτα
1470 599 1551 651 μὲν

104 669 292 726 α’πόρους
317 668 435 719 τινάς
460 668 536 711 καί
561 668 714 716 λάλους
741 668 1008 721 περιέστησεν
1035 662 1191 723 ἑαυτῷ,
1222 661 1402 719 ἑτοίμως
1427 662 1549 718 ἕχον-

102 752 178 786 τας
213 733 294 777 ὑπὸ
325 733 470 784 πενίας
495 732 570 780 καὶ
594 736 677 776 τῶν
705 728 959 775 δεινοτάτων
988 731 1266 787 κατατολμᾷν.
1321 727 1466 772 ἔπειτα
1494 730 1550 771 δι’

102 802 270 844 ἐκείνων
297 800 370 844 τὸν
397 803 528 856 δῆμον
554 796 814 855 συνταράξας
840 795 916 840 καὶ
942 798 1104 851 πλῆθος
1138 791 1447 850 ἐπαγαγόμενος
1473 809 1550 835 πο-

53 865 170 920 tol-²3,
215 865 323 923 πρὸς
361 865 438 921 τὴν
479 867 613 908 οἰκίαν
651 866 802 921 α’φῖκτο
847 862 922 919 την
964 861 1149 918 μεγάλου
1195 863 1440 915 δομεστίκου
1477 861 1552 902 κατ’

103 931 348 988 διαρπάζειν
374 934 538 975 ἐκέλευε
565 930 619 973 τά
649 926 750 973 ὅντα
777 929 850 972 καί
873 927 951 984 τήν
979 928 1115 971 οἰκίαν
1138 927 1456 983 καταστρέφειν.
1509 922 1550 968 οἱ

102 1000 151 1041 δὲ
178 1000 263 1041 ταῖν
291 998 685 1051 συνεσκευασμένων
712 992 951 1045 συνειδότες
988 995 1122 1049 μηδὲν
1152 992 1225 1034 καὶ
1259 991 1338 1047 τήν
1363 992 1548 1046 μεγάλου

103 1064 347 1118 δομεστίκου
377 1061 558 1116 δυ’ναμιν
583 1062 888 1117 κατεπτηχότες
913 1058 992 1113 ἔτι,
1021 1060 1153 1115 μέχρι
1177 1061 1256 1112 μὲν
1282 1056 1416 1112 αὖλῆς
1439 1072 1544 1113 προ-

99 1131 261 1185 ἦλθον,
305 1126 433 1171 ἔπειθ’
472 1131 673 1184 ἔστησαν,
717 1124 1000 1183 οἷπορούμενοι
1035 1123 1144 1181 πρὸς
1185 1120 1263 1176 ὅ,τι
1289 1121 1588 1180 τράπωνται.1)

53 1197 173 1249 ι5τῆς
199 1193 381 1249 μεγάλου
407 1194 653 1248 δομεστύιου
683 1195 731 1236 δὲ
756 1190 913 1248 μητρὸς
942 1187 1106 1234 ἄνωθεν
1131 1192 1178 1234 ἐκ
1203 1192 1286 1232 τῶν
1310 1186 1547 1244 οἰκημάτων

98 1259 176 1317 τὴν
203 1257 346 1317 ἄφιξιν
373 1262 515 1303 αὐτῶν
542 1260 859 1314 πυνθανομένης
897 1254 935 1310 ὅ,
957 1273 1001 1300 τι
1027 1255 1107 1313 εἴη,
1136 1255 1369 1313 σωφρόνως
1396 1255 1548 1296 ἐκεῖνοι

98 1327 174 1369 καὶ
197 1329 375 1377 συνετῶς
390 1359 403 1381 ,
433 1327 596 1381 ἆγνοεῖν
622 1328 700 1379 μὲν
724 1327 794 1381 ἐφ’
822 1321 860 1379 δ’,
879 1340 946 1377 τι,
974 1322 1155 1380 ἔφασαν,
1182 1325 1398 1378 κληθεῖεν·
1453 1319 1551 1362 νυνὶ

100 1394 148 1434 δὲ
175 1391 364 1447 γνόντες,
411 1393 678 1448 ἀναχωρεῖν,
714 1390 775 1446 μη
805 1392 1008 1440 τοιούτοις
1035 1391 1263 1446 ἐπιχειρεῖν
1299 1388 1548 1441 τολμῶντες.

99 1457 140 1501 οἱ
166 1461 245 1512 μὲν
281 1453 379 1512 οὖν,
423 1461 497 1512 τῆς
522 1459 706 1513 μεγάλου
736 1455 982 1510 δομεστίκου
1009 1454 1172 1512 μητρὸς
1196 1452 1375 1511 χάριτας
1403 1454 1547 1501 αὐτοῖς

46 1521 384 1579 ᾳοὸμολογούσης
422 1525 495 1579 τῆς
535 1526 596 1573 εἰς
640 1521 774 1578 αὐτὴν
803 1523 974 1576 αἰδοῦς,
1017 1524 1180 1565 ἐκεῖθεν
1206 1519 1447 1576 ἀνεχώρουν
1476 1516 1550 1560 καὶ

98 1588 310 1631 διελύοντο
355 1592 443 1630 κατ’
496 1587 649 1638 οἴκους.
719 1588 983 1643 πατριάρχης
1029 1588 1077 1629 δὲ
1112 1586 1185 1628 καὶ
1226 1586 1253 1640 ἢ
1285 1586 1545 1638 συνωμοσία,

98 1654 192 1698 ἐπεὶ
231 1653 292 1710 μὴ
336 1653 440 1696 κατά
483 1656 582 1696 νοῦν
621 1654 764 1702 αὐτοῖς
801 1653 828 1707 ἧ
870 1653 946 1694 τοῦ
974 1651 1110 1708 δήμου
1138 1653 1297 1706 κίνησις
1323 1650 1515 1692 ἐτελεύτα
1530 1682 1546 1702 ,

98 1718 205 1775 πρὸς
240 1718 339 1769 τούς
378 1719 622 1775 ἐπιτηδείως
662 1718 838 1773 ἔχοντας
873 1715 1103 1774 ἐτράποντο
1141 1718 1196 1773 τῷ
1222 1715 1390 1772 μεγάλῳ
1419 1717 1544 1768 δομε-

185 1843 211 1865 ι.
237 1828 357 1877 ὀγδόῃ
382 1830 430 1865 Μ.
455 1840 523 1875 mg,
550 1839 615 1875 pro
640 1829 872 1875 ἀρχομένου.

97 1930 186 1968 Idus
206 1929 382 1964 Octobres
409 1934 579 1973 coeptum
609 1933 675 1963 est.
733 1928 867 1962 Verum
892 1939 974 1962 cum
1000 1927 1236 1974 Apocauchus
1262 1930 1418 1962 maxime
1446 1930 1541 1963 cives

96 1977 289 2024 primarios
325 1986 448 2010 omnes
482 1975 630 2008 ductum
667 1985 772 2008 suum
809 1980 1035 2008 recusaturos
1060 1975 1190 2015 sciret,
1222 1975 1421 2021 vulgus-ad
1444 1986 1541 2009 arma

101 2023 356 2060 concitandum
397 2022 558 2055 censuit:
587 2021 687 2067 quod
712 2027 750 2054 et
789 2027 924 2056 temere
949 2020 1048 2065 parvi
1073 2021 1281 2066 compendii
1306 2023 1420 2067 gratia
1449 2034 1541 2068 quo-

97 2071 153 2104 vis
187 2070 372 2114 rapiatur,
407 2074 444 2102 et
483 2069 589 2102 facile
622 2068 732 2102 etiam
758 2069 866 2101 iussis
901 2070 978 2101 eius
1003 2079 1040 2101 se
1077 2067 1260 2101 subderet.
1309 2070 1359 2101 Ac
1382 2069 1540 2114 primum

99 2115 249 2162 quidem
277 2114 451 2160 quosdam
476 2120 624 2159 egentes
653 2120 692 2148 et
716 2115 840 2159 lingua
867 2114 1023 2149 nimium
1047 2119 1233 2158 promptos
1253 2125 1318 2159 pro
1352 2116 1542 2159 stipator&

98 2162 167 2195 bus
199 2161 274 2198 sibi
307 2161 462 2205 delegit,
502 2167 645 2206 paratos
669 2160 716 2193 ad
742 2160 998 2199 consolandam
1023 2161 1295 2194 mendicitatem
1319 2171 1421 2194 suam
1443 2161 1541 2194 nihil

97 2220 173 2242 non
199 2208 358 2248 audere,
393 2209 625 2253 quantumvis
661 2207 853 2241 scelestum
885 2218 927 2239 ac
963 2206 1153 2240 nefarium.
1209 2207 1353 2240 Deinde
1386 2218 1451 2251 per
1477 2219 1541 2250 eos

95 2255 207 2301 plebe
233 2254 444 2296 conterrita,
471 2264 553 2287 cum
577 2265 704 2298 magna
737 2253 975 2287 multitudine
999 2253 1045 2286 ad
1072 2253 1179 2287 aedes
1203 2254 1323 2297 magni
1349 2252 1541 2291 domestici

95 2300 351 2346 progreditur,
374 2300 571 2341 mandans,
595 2301 651 2334 uti
677 2310 737 2333 eas
762 2300 937 2344 diripiant
960 2310 1002 2331 ac
1026 2299 1243 2337 disturbent.
1304 2299 1378 2343 Qui
1402 2301 1540 2335 sutela-

96 2359 178 2380 rum
202 2351 240 2380 et
261 2345 569 2381 machinationum
594 2346 691 2387 inter
714 2348 936 2391 conspiratos
960 2346 1075 2380 nescii
1100 2351 1138 2380 et
1174 2347 1374 2380 etiamnum
1413 2346 1540 2381 dome-

96 2393 179 2427 stici
212 2394 414 2438 potentiam
453 2394 714 2434 formidantes,
741 2393 834 2427 atrio
862 2397 969 2427 tenus
1002 2399 1263 2436 processerunt.
1330 2393 1424 2427 Tum
1449 2404 1536 2427 con-

96 2442 270 2473 stiterunt
287 2463 296 2478 ‚
323 2439 531 2480 haerentes,
563 2451 635 2484 quo
676 2451 715 2472 se
752 2444 944 2475 verterent.
992 2439 1110 2472 Matre
1133 2440 1251 2482 magni
1274 2439 1464 2474 domestici
1488 2440 1536 2472 de

98 2486 293 2520 caenaculo
317 2486 536 2526 sciscitante,
562 2486 652 2532 quid
678 2485 855 2522 adventus
881 2496 1006 2520 eorum
1032 2486 1103 2518 sibi
1134 2486 1258 2519 vellet:
1282 2486 1338 2519 illi
1370 2487 1536 2522 modeste

97 2543 139 2565 ac
171 2531 392 2577 prudenter,
429 2543 467 2566 se
501 2532 680 2572 nescisse,
713 2543 818 2578 quam
854 2532 900 2566 ad
931 2542 1007 2566 rem
1037 2531 1152 2570 vocati
1180 2537 1319 2575 essent3
1351 2544 1448 2567 nunc
1472 2544 1535 2565 co-

96 2579 260 2621 gnovisse
292 2583 330 2610 et
359 2578 547 2619 recedere,
579 2578 679 2624 quod
714 2578 786 2612 tale
811 2579 949 2614 facinus
974 2589 1098 2611 eorum
1122 2578 1274 2617 audacia
1308 2579 1531 2613 reformidet.

98 2624 181 2669 Qua
205 2625 337 2668 gratias
364 2623 411 2657 ob
435 2626 491 2658 sui
516 2624 753 2659 reverentiam
781 2631 929 2670 agente,
956 2624 1101 2657 domum
1130 2625 1285 2670 quisquo
1309 2636 1411 2659 suam
1446 2626 1533 2659 abs-

98 2676 292 2707 cesserunt.
358 2670 559 2706 Patriarcha
597 2676 634 2704 et
668 2672 868 2712 coniurati,
902 2672 986 2716 quia
1021 2671 1234 2715 plebeculae
1268 2676 1386 2706 motus
1424 2672 1540 2707 aliter„

99 2717 259 2757 exierat,
287 2728 392 2762 quam
417 2717 608 2759 volebant,
634 2717 679 2750 ad
703 2719 822 2762 magni
849 2717 1039 2752 domestici
1075 2716 1256 2752 studiosos
1291 2729 1333 2751 ac
1367 2729 1532 2753 necessa-

96 2763 168 2808 rios
193 2773 230 2798 se
256 2768 527 2807 converterunt:
555 2769 591 2797 et
615 2763 789 2811 quosdam
814 2764 941 2800 codem
969 2762 1028 2802 die
1055 2763 1355 2815 comprehensos,
1391 2766 1430 2800 in
1469 2776 1531 2798 cu-
