1812 3132
302 141 405 198 160
592 201 596 204 ,
821 157 1190 202 οΑΝΤΛαυΖΕΝι

98 268 180 303 A.c.
200 262 373 315 ι34ιμὲν
403 253 475 299 οὖν
495 258 569 311 τῆς
599 252 718 308 ὑμῶν
759 272 802 297 τε
830 258 902 298 καί
925 259 1005 299 τῶν
1038 253 1175 299 ἄλλων
1203 259 1412 312 σωτηρίας
1441 260 1585 311 ἕνεκα,
1621 254 1725 314 ἅπερ

255 325 421 371 cathol
447 320 760 376 ἐβουλεύσασθε
781 319 967 377 εἱλόμην.
1023 320 1133 375 ὑμᾶς
1163 324 1209 364 δὲ
1237 324 1492 378 παρακαλῶ,
1523 325 1596 364 καί
1609 322 1727 376 ὑμῶν

292 385 430 431 αύτῶν
468 386 540 429 καί
574 389 657 428 τῶν
694 386 903 442 προγόνων
944 388 1134 439 εὐδοξίας
1162 387 1279 429 ἕνεκα
1319 385 1395 441 την
1435 388 1726 441 προσήκουσαν

292 454 469 509 ἀνδρίαν
495 452 808 493 ἐπιδείκνυσθαι
835 451 907 493 καί
924 454 1134 508 καρτερῶς
1161 448 1400 505 ἀμύνεσθαι
1428 450 1527 500 τούς
1554 454 1725 504 πολεμί-

293 534 392 571 ους,
440 517 591 565 ἆδίκως
627 515 816 567 ἐπιόντας
859 517 933 559 καί
981 516 1169 573 πρώτους
1213 520 1394 569 πολέμου
1441 519 1752 572 ἅρχομένους·5

291 582 428 625 ἔπεισι
464 584 511 623 δέ
536 597 611 635 μοι
637 581 814 638 θαρ’ῥεῑ’ν
846 584 917 624 ἐπὶ
954 581 1026 624 τὸν
1054 580 1184 624 πάντα
1225 583 1394 631 δικαίως
1426 579 1728 630 ταλαντεύοντα

291 647 422 702 θεὸν,
464 648 520 697 ὥς
548 643 621 688 οὗκ
648 648 707 696 εἷς
746 647 913 703 μακρὰν
954 643 982 701 ἥ
1005 664 1047 689 τε
1078 649 1158 689 τῶν
1188 647 1340 696 α’δίκως
1365 649 1579 702 μοχθηρία
1607 651 1727 689 πολε-

290 713 510 770 μησάντων
536 712 608 754 καὶ
633 712 660 768 ἦ
689 712 809 766 ὑμῶν
840 709 1132 766 εὐγνωμοσύνη
1160 711 1234 754 καί
1259 710 1283 767 ἦ
1313 704 1390 753 τοῦ
1417 715 1581 754 δικαίου
1613 711 1727 767 αἵρε-

291 795 357 828 σις
392 777 511 820 ἔσται
537 775 790 833 καταφανής.
819 775 879 818 ἔτι
909 778 954 818 δέ
981 791 1055 829 μοι
1089 778 1195 817 δοκῶ
1221 775 1326 831 πρὸς
1354 779 1406 834 τῇ
1433 779 1610 835 προτέρᾳ
1627 793 1727 832 πρε-

291 842 424 900 σβείᾳ,
455 842 586 885 καίτοι
603 858 649 897 γε
677 839 831 890 ἆδίκως
862 838 970 882 οὕτω
999 840 1072 882 καί
1098 842 1346 897 παραλόγως
1366 841 1621 899 ὑβρισμένῃ,
1654 841 1780 888 καῖιο

292 911 491 964 δευτέραν
539 906 644 963 πρὸς
674 905 773 955 τούς
815 911 1010 959 πολεμεῖν
1051 906 1283 962 ᾑρημένους
1322 907 1422 962 ἡμῖν
1465 904 1723 961 ποιήσασθαι

293 976 408 1027 νυνί,
453 975 504 1015 ἵν’
532 970 670 1028 ὥσπερ
710 974 754 1014 έν
778 978 863 1021 τοῖς
898 966 1037 1020 ἄλλοις
1063 969 1222 1026 ἅπασι,
1266 974 1339 1013 καί
1363 974 1411 1029 τῇ
1436 973 1726 1029 μεγαλοψυχίᾳ

246 1037 340 1081 Βτὸ
370 1040 492 1080 πλέον
520 1036 683 1091 ἔχωμεν
709 1037 877 1090 αὐτῶν,
907 1037 964 1085 ὥς
991 1035 1049 1091 μὴ
1073 1036 1203 1089 μόνον
1230 1038 1280 1078 οὔ
1307 1035 1579 1093 κατάρχοντες
1607 1033 1730 1079 aizoi

292 1105 472 1156 πολέμου
489 1136 498 1154 ,
530 1103 619 1144 ἀλλ’
646 1098 726 1158 ἤδη
752 1101 825 1144 καί
852 1104 1045 1158 φανερῶς
1071 1102 1141 1143 ὑπ’
1169 1103 1335 1143 ἐκείνων
1360 1103 1630 1158 ἐξαφθέντος,
1649 1101 1727 1143 αὖ-

292 1167 359 1210 τοί
383 1166 515 1210 πολλοὶ
545 1169 643 1223 περὶ
668 1167 832 1222 εἰρήνης
872 1168 1101 1222 δεηθέντες.
1156 1165 1256 1215 ἴσως
1285 1168 1331 1209 δὲ
1359 1170 1400 1209 εἰ
1434 1169 1507 1208 καί
1532 1165 1781 1222 πρότερονῶ

293 1233 448 1290 ῥαδίως
484 1233 603 1287 ἡμῶν
653 1233 947 1288 περιγενέσθαι
992 1232 1195 1286 οἰηθέντες
1211 1264 1223 1285 ‚
1266 1231 1340 1286 τήν
1382 1233 1607 1287 πρεσβείαν
1653 1231 1728 1273 οὐκ

293 1300 511 1350 ἐδέξαντο,
543 1300 616 1339 νῦν
644 1294 818 1353 ὁρῶντες
843 1299 894 1340 ου’
918 1297 1024 1339 κατὰ
1053 1297 1220 1351 γνώμην
1252 1297 1389 1346 αὐτοῖς
1414 1296 1464 1338 τὰ
1504 1296 1728 1351 πράγματα

293 1361 467 1416 ἐκβάντα
476 1396 488 1415 ,
530 1362 693 1417 βέλτιόν
729 1379 769 1404 τι
808 1360 1109 1416 βουλεύσαιντο
1158 1363 1232 1403 καί
1278 1363 1613 1418 σωφρονέστερον
1657 1362 1731 1404 καὶ

293 1426 405 1484 ἡμᾶς
443 1444 487 1470 τε
527 1429 686 1470 πολλῶν
725 1426 979 1485 πραγματων
1022 1423 1303 1476 οἷπαλλάξαιεν
1338 1428 1411 1469 καί
1434 1425 1534 1476 τούς
1575 1421 1727 1476 ἄλλους

288 1495 373 1536 τῶν
398 1494 751 1548 προσδοκωμένων
780 1494 926 1535 δεινῶν
954 1491 999 1534 ἐκ
1026 1495 1102 1533 τοῦ
1129 1493 1327 1543 πολέμου.
1727 1517 1779 1543 20

166 1567 282 1612 P.433
404 1557 479 1606 κς’.
525 1559 710 1600 Τοιαῦτα
737 1562 813 1600 τοῦ
839 1556 1023 1611 μεγάλου
1054 1559 1299 1609 δομεστίκου
1332 1555 1551 1612 εἰρηκότος,
1581 1555 1620 1598 οῖ
1647 1557 1726 1608 μὲν

154 1634 198 1669 V.
211 1636 279 1670 350
290 1620 492 1679 παρόντες
511 1620 659 1672 πάντες
680 1621 859 1680 ἐπῄνουν
877 1638 919 1664 τε
933 1619 1047 1670 -τούς
1066 1621 1213 1675 λόγους
1230 1623 1304 1663 καί
1316 1623 1401 1679 θεῷ
1415 1619 1590 1677 χάριτας
1613 1620 1728 1673 ὦμο-

291 1687 457 1742 λόγουν,
478 1683 538 1730 ὅτι
558 1689 830 1741 πεπεισμένον
846 1683 958 1741 εἶχον
978 1689 1135 1730 ἐκεῖνον
1152 1689 1327 1740 βασιλέα
1346 1683 1468 1728 εἶναι.
1498 1680 1626 1742 ᾤοντο
1643 1684 1723 1742 γὰρ

280 1751 433 1803 αὐτοῖς
461 1753 598 1797 πάντα
617 1751 760 1796 λύσειν
777 1751 826 1797 τὰ
849 1754 1037 1810 δυσχερῆ
1055 1753 1332 1807 γεγενημένον.
1358 1749 1534 1802 ἐξιόντες
1559 1766 1602 1794 τε
1621 1752 1726 1793 ἐκεῖ·

387 1869 417 1891 2.
434 1856 534 1903 ὑμᾶς
558 1857 622 1899 Μ.,
644 1856 755 1904 ὑμῶν
776 1857 812 1891 Ρ.

293 1968 427 2005 quaeso
443 1981 452 1997 ,
478 1961 518 1990 ut
542 1961 679 1990 vestrae
701 1957 949 2002 maiorumque
975 1957 1107 2001 gloriae
1130 1965 1325 1995 memores,
1353 1965 1459 2001 quam
1482 1965 1545 2000 par
1575 1958 1630 1987 est
1648 1955 1724 1989 for-

291 2003 486 2038 titudinem
513 2003 703 2048 praestetis
740 2009 777 2037 et
806 2003 846 2036 in
881 2003 1002 2036 hostes
1018 2028 1027 2043 ‚
1066 2003 1164 2036 bello
1189 2013 1252 2036 nos
1278 2002 1372 2035 ultro
1396 2006 1433 2035 et
1457 2001 1583 2047 inique
1609 2002 1724 2035 laces-

291 2055 435 2091 sentes,
476 2051 606 2082 acriter
639 2049 827 2083 dimicetis.
890 2049 948 2082 Me
985 2053 1104 2082 autem
1141 2049 1283 2081 animus
1316 2047 1487 2080 admonet
1522 2046 1724 2088 confidere,

289 2097 369 2130 Deo
394 2096 516 2129 omnia
539 2097 635 2128 iuste
660 2095 913 2140 dispensante,
950 2095 1046 2128 intra
1077 2095 1185 2128 breve
1213 2100 1352 2138 tempus
1385 2099 1422 2126 et
1455 2093 1625 2134 illorum,
1658 2094 1723 2138 qui

290 2152 357 2188 per
388 2142 489 2175 nefas
525 2141 570 2174 ad
605 2152 700 2174 arma
737 2140 1003 2185 prosiluerunt,
1047 2140 1314 2185 improbitatem
1347 2145 1383 2174 et
1410 2144 1562 2173 vestram
1598 2145 1723 2174 contra

292 2187 513 2233 probitatem
549 2193 657 2232 atque
696 2187 875 2220 iustitiam
917 2191 1040 2220 notam
1079 2188 1168 2225 fore,
1223 2187 1406 2220 Praeterea
1445 2187 1589 2220 tametsi
1622 2186 1723 2230 prior

292 2235 427 2279 legatio
453 2233 542 2268 adeo
568 2232 706 2266 nefarie
730 2239 944 2278 praeterque
971 2234 1146 2267 rationem
1181 2233 1324 2266 iniuriis
1350 2234 1475 2266 affecta
1499 2234 1567 2273 sit,
1603 2232 1721 2266 nihilo

292 2281 411 2313 minus
437 2280 586 2313 alteram
610 2278 656 2311 ad
680 2277 769 2313 belli
788 2284 951 2312 auctores
975 2279 1188 2314 mittendam
1212 2279 1384 2312 arbitror:
1425 2284 1466 2312 ut
1489 2279 1723 2324 quemadmo-

293 2326 379 2358 dum
404 2326 531 2359 ceteris
558 2324 747 2366 omnibus,
771 2327 821 2359 sic
848 2325 960 2358 animi
985 2325 1180 2360 altitudine
1198 2336 1262 2358 nos
1284 2335 1515 2369 superemus,
1537 2324 1623 2359 dum
1645 2334 1721 2359 non

294 2368 413 2405 solum
437 2373 509 2416 ipsi
534 2372 669 2405 bellum
694 2383 767 2405 non
792 2371 969 2412 ordimur,
993 2370 1057 2405 sed
1079 2373 1151 2404 iam
1173 2371 1319 2416 publice
1345 2370 1389 2402 ab
1413 2370 1487 2403 illis
1511 2370 1721 2405 inchoatum

292 2428 495 2451 aversamur
529 2429 724 2463 pacemque
761 2418 989 2452 vehementer
1012 2420 1222 2462 expetimus.
1276 2418 1464 2458 Forsitan,
1496 2417 1563 2450 etsi
1602 2421 1721 2458 antea,

295 2473 376 2497 cum
411 2465 516 2497 facile
555 2475 592 2497 se
630 2476 695 2498 nos
734 2463 932 2497 domituros
964 2469 1169 2510 sperarent,
1207 2463 1425 2508 legationem
1459 2462 1720 2507 repudiarunt,

293 2521 391 2543 nunc
418 2516 603 2544 cernentes
628 2515 751 2543 contra
780 2515 1019 2554 exspectatum
1052 2511 1122 2543 sibi
1159 2510 1340 2550 evenisse,
1377 2509 1526 2542 meliora
1557 2510 1720 2542 saniora-

294 2566 367 2600 que
391 2557 541 2588 consilia
568 2561 774 2600 capessent:
810 2567 944 2601 nosque
970 2556 1092 2590 multis
1123 2556 1307 2590 laboribus
1330 2566 1370 2587 ac
1400 2554 1718 2599 defatigationibus

295 2605 333 2635 et
356 2601 444 2634 alios
469 2603 571 2634 malis
601 2604 766 2636 omnibus
794 2603 891 2636 bello
915 2602 1151 2647 importandis
1175 2602 1370 2636 absolvent.

388 2649 442 2680 26.
490 2648 586 2681 Haec
612 2649 673 2682 ubi
700 2650 870 2683 concione
897 2648 1066 2682 disseruit
1090 2660 1236 2692 maguus
1262 2649 1487 2687 domesticus,
1511 2651 1716 2692 praesentes

297 2703 418 2726 omnes
443 2695 522 2727 eius
552 2696 753 2728 orationem
779 2695 1082 2734 commendarunt,
1116 2696 1192 2728 Deo
1229 2697 1358 2740 gratias
1380 2700 1537 2739 agentes,
1561 2692 1657 2737 quod
1681 2694 1717 2726 ei

295 2741 546 2786 imperatorem
581 2751 656 2775 esse
680 2741 896 2787 persuadere
919 2742 1145 2788 potuissent,
1176 2752 1240 2786 per
1265 2752 1370 2787 quem
1393 2752 1431 2776 se
1456 2739 1619 2776 omnibus
1645 2738 1717 2772 ‹lif-
