1794 3146
265 165 295 221 5
310 187 327 222 1
339 166 375 220 6
792 179 1160 224 CANTAcanm

69 288 154 324 A.C.
173 280 443 340 134512q>avslc5
473 281 640 337 συζήσω
667 279 739 323 τὸν
766 279 898 321 πάντα
928 280 1021 334 βίον
1049 282 1137 320 κατ’
1163 276 1342 331 ἐμαυτὸν
1373 277 1548 332 διάγων,
1581 274 1693 329 ὅπως

225 345 314 391 Βᾶν
343 344 424 397 οἷός
449 364 494 389 τε
524 343 604 393 ὦ.“

368 413 448 457 ηδ’.
510 416 694 455 Τοιαῦτα
725 413 802 465 μὲν
833 408 1032 464 βασιλεύς
1061 407 1165 464 πρὸς
1196 408 1268 451 τὸν
1322 410 1499 465 ’Λρῆγον
1544 411 1694 452 διειλέ-

257 483 344 534 χθη
392 477 490 534 περὶ
538 480 607 533 τῆς
651 478 832 531 εἰρήνης.
909 473 1060 522 ἐκεῖνος
1103 475 1148 516 δὲ
1195 476 1323 529 μέχρι
1363 477 1520 516 πολλοῦ
1575 475 1689 518 κάτω

220 544 414 596 Ονεύων,
464 544 681 595 ἐθαύμαζε
732 543 828 598 σιγῇ
876 538 950 595 την
994 538 1305 592 καλοκαγαθίαν
1363 541 1568 593 βασιλέως
1624 540 1720 590 καὶὸ

258 607 396 664 ὥσπερ
428 611 695 662 ἐξεπέπληκτο
723 604 828 662 πρὸς
864 605 909 646 τὸ
939 607 1114 658 μέγεθος
1145 606 1227 645 τῶν
1254 605 1495 660 εἰρημένων.
1549 603 1692 647 ἔπειτα

258 673 497 728 ἀνενεγκών,
535 671 623 726 „aig
654 675 732 725 μὲν
766 668 886 712 οὐδὲν
906 672 1109 719 ἐνέλιπες”
1136 666 1249 711 εἶπεν
1274 667 1399 723 ,,οὕτε
1427 669 1694 724 ειῖγνωμοσυὲ

256 756 354 794 νης,
392 735 490 780 οὔτε
527 738 791 791 δικαιοσύνης
813 738 864 778 ἐν
890 741 974 785 τοῖς
1001 736 1250 790 εἰρημένοις,
1291 736 1392 777 ου’δὲ
1423 734 1497 777 τὸν
1526 734 1693 791 σφόδρα

257 806 620 858 α’ναισχυντοῦντα
645 802 807 844 οἴεσθαι
829 801 1082 856 δυνήσεσθαι
1107 800 1323 854 ἀντειπεῖν.
1354 798 1382 842 οἳ
1399 800 1445 841 δὲ
1465 800 1578 857 αὐτῷ
1597 801 1695 855 περὶ

255 873 329 924 τῆς
354 868 519 925 εἰρήνης
548 868 710 924 εἴρηται
737 869 890 910 εἰδέναι
917 866 1162 920 βούλεσθαι,
1174 867 1214 908 εἰ
1231 863 1336 920 πρὸς
1355 863 1511 915 αὐτούς
1526 865 1583 915 αῗς
1603 864 1750 907 ἐπι-ιο

133 933 452 991 ν·5Ι-’ντηδείους
487 933 613 987 μόνον
652 936 875 988 διειλέχθη,
907 929 935 987 ἢ
964 934 1003 974 εἰ
1033 931 1222 985 βούλοιτο
1250 929 1487 986 μηνύεσθαι
1512 933 1715 980 καὶτοῖς*

254 1003 300 1043 ἐν
341 1002 576 1057 Βυζαντίῳ,
602 998 646 1041 εἴ
668 1015 755 1048 πως
782 1000 935 1053 γένοιτο
966 999 1178 1046 κάκείνους
1206 1000 1289 1039 τῶν
1328 997 1506 1039 δεόντων
1532 1007 1694 1050 σκεψα-

252 1067 405 1119 μένους
435 1082 476 1107 τι
522 1067 602 1107 ταῖν
637 1063 829 1119 μεγάλων
868 1063 1099 1119 συμφορῶν
1119 1063 1362 1115 “Ρωμαιόυς
1401 1059 1692 1104 ἀπαλλάττειν.

252 1122 453 1184 βασιλεῦς
492 1132 537 1172 δὲ
588 1130 856 1183 ἀπαγγέλλειν
898 1144 944 1170 τε
990 1129 1152 1170 ἐκέλευε
1191 1127 1264 1169 καί
1290 1123 1500 1183 προῦργου
1529 1125 1694 1176 παντός.

254 1198 325 1239 ἵνα
354 1197 400 1237 δὲ
428 1199 587 1249 μᾶλλον
612 1197 766 1249 βέβαια
795 1196 897 1251 δοκῇ
924 1192 976 1235 τά
1006 1195 1203 1248 εἰρημένα
1233 1195 1305 1235 καί
1332 1192 1484 1246 πιστά,
1527 1195 1686 1235 ἐκέλευε
1697 1193 1744 1235 ι5

254 1262 328 1303 καί
352 1262 554 1316 γράφειν,
583 1259 656 1302 καὶ
679 1261 772 1302 έπεί
796 1252 1060 1315 γεγραμμένα
1088 1254 1195 1312 ἦσαν
1232 1256 1366 1301 πάντα
1383 1290 1395 1311 ,
1436 1255 1514 1300 ὅσα
1542 1259 1694 1300 διειλέ-

211 1333 243 1365 D
250 1330 353 1382 χθη,
368 1329 570 1382 έρυθραῖς
600 1322 903 1379 ὗπεσημαίνετο
937 1324 1205 1378 ὑπογραφαῖς
1246 1323 1318 1365 καί
1340 1325 1555 1379 σφραγῖδα
1584 1339 1694 1379 χρυ-

253 1394 332 1447 σῆν
377 1393 562 1434 ἐκέλευεν
602 1392 792 1444 αἰωρεῖν,
839 1391 987 1443 δεῖγμα
1029 1390 1105 1430 τοῦ
1134 1387 1336 1443 φυλάξειν
1364 1389 1417 1431 τὰ
1465 1391 1693 1445 ἐγγεγραμ-

252 1459 360 1511 μένα
398 1457 579 1510 βεβαίως
608 1455 680 1496 καί
711 1453 1022 1509 ἀναμφιβόλως.
1077 1454 1250 1507 Ἀρῆγος
1281 1456 1327 1496 δὲ
1358 1455 1451 1497 ἐπεὶ
1476 1454 1528 1497 τά
1557 1457 1694 1511 γράμ-

252 1540 369 1576 ματα
407 1519 517 1575 εἶχεν
546 1524 590 1563 ἐν
612 1522 760 1575 χερσί,
801 1519 955 1569 πολλὰς
990 1523 1162 1573 βασιλεῖ
1179 1521 1359 1576 χάριτας
1387 1521 1612 1576 ὁμολογῶν,
1637 1521 1747 1570 ὥς20,

252 1586 305 1630 τά
336 1590 512 1641 μέγιστα
543 1587 887 1641 εὕηργετημένος,
922 1585 995 1627 καί
1014 1589 1177 1639 μέλλων
1205 1582 1284 1642 ἤδη
1312 1588 1507 1638 ἀπιέναι,
1557 1589 1691 1630 ἐδεῖτο

253 1655 458 1707 βασιλέως
506 1653 734 1705 ἀπαγαγεῖν
773 1649 851 1705 τὴν
886 1650 1102 1706 στρατιάν.
1167 1650 1241 1707 τὴν
1279 1654 1356 1706 μὲν
1397 1652 1478 1708 γάρ
1523 1649 1692 1708 εἰρήνην

255 1714 331 1759 οὐκ
361 1717 508 1772 ὀλίγων
530 1717 695 1772 ἡμερῶν
723 1714 951 1770 δεήσεσθαι
980 1715 1085 1772 πρὸς
1112 1717 1346 1771 διάσκεψιν.
1387 1716 1462 1772 τὴν
1488 1716 1692 1773 στρατιάν

254 1785 300 1826 δὲ
339 1784 506 1839 ἠρεμεῖν
532 1781 591 1837 μὴ
618 1779 829 1824 δύνασθαι
848 1814 861 1835 ,
907 1781 1013 1825 ἄλλά
1043 1781 1181 1826 πάντα
1210 1784 1371 1826 ἐπιέναι
1396 1787 1469 1827 καί
1495 1783 1693 1840 διαφθεί-

347 1896 377 1928 7.
406 1882 682 1928 ἀγνωμοσύνης
707 1882 742 1915 P.
841 1884 893 1918 18.
907 1884 1155 1931 γεγραμμένα
1179 1885 1213 1918 Ρ.
1225 1909 1239 1927 ,
1263 1885 1524 1932 ἔγεγραμμένα
1546 1886 1597 1920 Μ.

252 1984 414 2007 meorum
449 1972 621 2006 obscurus
668 1975 706 2005 et
753 1972 917 2017 ignotus,
950 1972 1042 2008 mihi
1067 1975 1155 2017 soli,
1182 1979 1360 2021 quantum
1385 1980 1532 2020 potero,
1565 1974 1688 2010 vivens

251 2020 444 2062 traducam.

345 2066 399 2108 84.
448 2066 546 2099 Haec
571 2065 768 2108 imperator
792 2064 906 2109 Arego
932 2065 976 2097 de
1000 2076 1088 2109 pace
1113 2067 1319 2100 sciscitanti.
1369 2066 1438 2101 lile
1466 2065 1528 2099 diu
1554 2070 1687 2101 terram

251 2115 396 2145 intuens
445 2113 650 2156 tacitusque
702 2111 946 2154 integritatem
977 2113 1054 2145 eius
1080 2113 1282 2153 admirans,
1309 2117 1380 2145 tam
1404 2113 1578 2156 singulari
1603 2123 1686 2146 ora-

250 2161 351 2192 tione
388 2158 488 2191 velut
519 2158 724 2197 attonitus,
764 2157 815 2189 sic
846 2157 979 2190 deinde
1005 2170 1065 2192 ora
1099 2160 1270 2192 resolvit:
1330 2159 1447 2203 Quam
1476 2158 1574 2191 nulla
1601 2170 1684 2203 pars

251 2216 370 2250 neque
407 2204 664 2244 humanitatis,
688 2213 807 2249 neque
843 2203 1004 2237 institiae
1030 2206 1186 2238 sermoni
1212 2206 1296 2238 huic
1321 2211 1384 2239 tuo
1411 2205 1556 2238 defuit?
1578 2204 1683 2245 adeo,

250 2256 292 2283 ut
327 2263 394 2285 nec
423 2249 756 2295 impudentissimus
794 2250 990 2296 quidquam
1023 2253 1136 2295 possit
1154 2262 1310 2296 carpere.
1360 2252 1464 2295 Quae
1490 2256 1610 2285 autem
1637 2252 1683 2286 de

249 2308 338 2341 paee
371 2297 594 2336 disseruisti,
628 2297 717 2329 scire
750 2306 858 2335 aven,
898 2297 1053 2330 nobisne
1085 2303 1224 2331 tantum
1241 2324 1250 2338 ‚
1275 2303 1316 2330 ut
1342 2299 1465 2332 amicis
1481 2322 1492 2338 ,
1518 2297 1652 2331 dixeris
1668 2324 1679 2339 ‚

251 2353 298 2375 an
319 2343 427 2376 etiam
452 2343 498 2376 ad
530 2353 633 2375 aures
657 2344 909 2386 Byzantiorum
933 2343 1084 2386 perferri
1109 2345 1197 2376 velis
1213 2370 1222 2383 ‚
1248 2346 1278 2379 si
1303 2345 1395 2378 forte
1421 2349 1458 2378 et
1482 2345 1564 2378 illos
1589 2345 1682 2378 utile

252 2391 443 2422 consilium
492 2390 673 2433 suscipere
719 2394 756 2421 et
788 2390 898 2421 tantis
929 2389 1057 2434 populi
1089 2391 1238 2423 Romani
1272 2391 1537 2424 calamitatibus
1573 2391 1682 2424 finem

251 2435 438 2478 imponere
472 2435 666 2478 contingat,
723 2435 922 2479 Imperator
955 2435 1051 2469 dicta
1085 2435 1130 2467 ab
1166 2447 1203 2469 se
1237 2437 1591 2481 Constantinopolim
1622 2448 1682 2471 re·

250 2482 423 2521 nuntiari,
446 2482 484 2514 in
508 2493 583 2514 rem
609 2482 685 2514 fore
710 2486 854 2514 censet:
884 2491 977 2526 quae
1001 2487 1041 2514 ut
1064 2481 1110 2514 ad
1135 2482 1240 2516 fidem
1267 2485 1347 2528 plus
1374 2483 1544 2528 ponderis
1568 2482 1682 2517 habe-

249 2530 332 2566 ant,
359 2528 490 2559 litteris
516 2538 661 2572 quoque
686 2526 943 2572 comprehendi
968 2528 1136 2569 mandat,
1172 2531 1304 2575 quibus
1339 2530 1483 2563 rubrica
1524 2529 1681 2564 subscri·

247 2571 306 2604 bit
336 2577 373 2604 et
407 2574 564 2616 sigilium
594 2585 742 2607 aureum
778 2584 842 2617 pro
888 2579 1114 2618 argumento,
1153 2586 1190 2607 se
1227 2577 1280 2610 ibi
1304 2577 1434 2621 scripta
1473 2581 1680 2609 constanter

248 2619 402 2662 sineque
426 2619 499 2650 ulla
525 2620 756 2653 dubitatione
783 2625 1026 2660 servaturum,
1052 2622 1207 2665 appendi
1230 2622 1343 2656 iubet.
1386 2622 1518 2667 Aregus
1543 2623 1679 2655 instru-

247 2669 409 2697 mentum
442 2675 548 2697 manu
581 2671 707 2699 tenens
753 2672 790 2700 et
825 2666 958 2710 amplas
991 2668 1219 2711 imperatori,
1247 2674 1288 2701 ut
1320 2669 1472 2702 maximo
1499 2667 1675 2702 beneficio

248 2714 418 2749 ornatus,
459 2712 588 2753 gratias
629 2723 735 2754 agens
782 2712 926 2756 iamque
957 2712 1156 2746 abituriens
1175 2739 1184 2754 ‚
1220 2719 1261 2747 ut
1286 2714 1443 2749 abducat
1467 2716 1676 2754 exercitum,

249 2761 369 2802 rogat:
398 2766 523 2802 pacem
548 2758 644 2791 enim
669 2757 716 2790 ad
742 2757 1044 2794 deliberationem
1067 2771 1139 2794 non
1163 2771 1296 2805 paucos
1329 2761 1406 2796 dies
1431 2762 1614 2808 requirere
1639 2766 1677 2796 et
