1800 3132
286 175 400 239 314
480 167 482 169 ’
822 182 1191 240 CANTAcUzEm

92 303 274 348 A.C.1342
288 299 361 338 καί
385 295 466 338 τῶν
494 290 644 349 ἄλλων,
676 292 755 339 ὅσα
780 301 865 347 τοῖς
892 302 1057 349 πολλοῖς
1082 298 1358 355 μακαρίζεται
1376 333 1387 354 ,
1420 302 1618 356 (παρίημι
1634 299 1715 356 γάρ

284 359 329 403 τὸ
370 364 503 403 δοκεῖν
546 365 777 418 περαιτέρω
818 366 870 421 τῇ
913 367 997 407 τῶν-
1033 367 1231 407 τοιούτων
1277 366 1485 419 ὀνομάτων
1523 368 1718 422 προφορᾷ

285 426 597 483 φαιδρύνεσθαι
610 430 642 484 ,)
681 427 775 470 λίαν
812 425 963 479 ἱκανῶς
1004 430 1100 482 ἐμοὶ
1135 433 1388 485 πειραθῆναι
1427 433 1497 472 καί
1527 433 1717 483 δαψιλῶς

283 493 481 548 εὐμαρῶς
531 509 618 542 πως
654 489 707 535 ἄν
754 509 819 543 τις
854 493 962 536 εἴποι
1011 494 1115 536 κατὰ
1156 494 1258 550 ῥοῦν
1293 495 1447 539 θεόθεν
1491 494 1716 552 κεχορήγη-

155 567 271 600 1².523
284 573 367 603 ται.
417 557 490 599 καί
524 556 568 599 εἴ
597 574 651 615 τῳ
691 561 772 601 τῶν
809 562 883 602 νῦν
923 555 950 616 ἢ
989 563 1071 602 τῶν
1098 560 1229 602 πάλαι
1270 557 1334 602 ἔνι’
1373 563 1456 604 τῶν
1485 555 1743 616 λεγομένων5

281 624 430 676 αὐχεῖν
482 623 674 665 ὁπωσοῦν
725 626 854 679 ε’χρῆν
898 622 926 680 ἢ
969 628 1076 679 με’γα
1119 631 1316 681 φρονεῖν,
1374 632 1498 682 φαῖεν
1540 623 1716 675 ἅπαντες

278 681 333 728 ἂν
373 689 471 740 ε’μοί
504 690 660 744 χρῆναι
695 687 743 730 τὸ
780 689 940 740 τούτοις
969 688 1100 733 ἅπασι
1129 689 1198 732 διὰ
1235 687 1400 734 πάντων
1439 688 1715 744 σεμνύνεσθαι

278 753 439 804 α’μέλει.
468 755 540 795 καί
574 749 626 808 ἦν
657 755 736 807 μὲν
773 755 867 807 ἐμοὶ
891 753 1021 810 πολλή
1050 758 1113 805 τις
1140 755 1410 809 εὐδαιμονίας
1436 753 1616 811 σύρ’ῥοια
1642 746 1716 796 καὶ

278 813 411 870 ὄλβου
439 817 663 871 παντοίου,
706 818 882 874 μηδενὸς
910 821 1184 874 τυγχάνοντος
1212 822 1340 862 κακοῦ
1365 824 1464 862 καθ)
1492 815 1632 875 ἦμαρ,
1658 815 1716 869 ὥς

281 899 360 924 τινι
397 885 479 924 τῶν
517 881 645 925 πάλαι
686 887 830 940 σοφῶν
868 886 1060 942 ἐπῃνέθη·
1136 885 1329 941 ἐθεώμην
1360 887 1397 927 δ’
1425 882 1564 940 ὥσπερ
1594 887 1637 935 ἐξ
1663 885 1775 940 α’-ιᾲ

277 947 440 990 πόπτου
479 948 589 998 τινὸς
616 950 702 1004 εἰκῆ
730 952 865 992 ταῦτα
890 950 1105 1004 τιμώμενά
1133 968 1176 993 τε
1204 954 1276 993 καί
1306 947 1624 1004 σπουδαζόμενα
1643 950 1716 991 καί

277 1014 412 1070 ῥᾷστα
440 1013 643 1067 λυόμενα,
677 1014 734 1064 ὦς
769 1013 923 1067 ἔξωθεν
956 1015 1195 1073 ἀνθρώποις
1222 1012 1552 1073 περιᾷῥεόμενα,
1584 1015 1715 1069 τύχης

275 1077 386 1127 τινὸς
415 1079 576 1137 α’στάτῳ
606 1083 716 1138 φορᾷ
743 1083 816 1123 καί
842 1079 887 1123 τό
917 1084 990 1136 τῆς
1017 1082 1222 1138 τρυτάνης
1248 1081 1513 1136 πασχούσης,
1552 1075 1603 1135 ἧς
1629 1082 1714 1122 τῶν

275 1145 535 1199 πλαστὴγων
566 1143 592 1200 ἦ
631 1148 709 1198 μὲν
735 1141 869 1188 ἔνεισι
896 1149 1199 1203 κουφιζομένη,
1243 1147 1268 1203 ἢ
1309 1149 1348 1189 δ’
1383 1140 1439 1187 αὖ
1467 1148 1714 1187 καθέλκεται

274 1211 507 1263 βαρυτέρας
542 1213 825 1266 ε’πεντεθείσης
862 1209 993 1266 ὁλκῆς.
1062 1214 1135 1253 καί
1166 1211 1332 1254 πάντων
1358 1213 1437 1264 μὲν
1465 1213 1548 1252 τῶν
1576 1204 1765 1253 ἔλλωνιό

240 1270 394 1331 Βῷμην
431 1274 582 1332 ῥᾳδίαν
610 1275 701 1318 τινα
731 1274 807 1331 τήν
831 1276 1071 1332 μεταβολὴν,
1103 1276 1160 1326 ὥς
1187 1275 1268 1319 α’πὸ
1295 1279 1374 1329 μὲν
1399 1277 1480 1318 τῶν
1506 1272 1712 1330 α’φιξόμε-

270 1355 340 1387 νος
367 1338 546 1389 οἴκοθεν,
576 1339 656 1381 ὑπὸ
689 1343 736 1383 δὲ
763 1343 846 1383 τῶν
873 1341 973 1390 ἴσως
1006 1338 1081 1383 ούκ
1115 1342 1186 1383 οἶεί
1212 1338 1484 1394 καλούμενος,
1516 1335 1583 1381 οἷα
1603 1355 1712 1392 συμ-

269 1406 430 1458 βαίνειν
471 1405 644 1446 &lm-‘hv-
703 1405 754 1460 ἢν
793 1408 833 1447 ‹5’
873 1405 1087 1461 ἐφθακώς,
1111 1404 1312 1459 οὗνόμασα
1339 1404 1521 1461 φατρίαν
1549 1404 1707 1458 φίλων,

272 1465 414 1510 οὔποτ’
440 1463 557 1526 ᾤμην
585 1475 669 1518 τοῖς
696 1468 909 1525 πράγμασι
939 1471 1365 1524 συμμεταβληθῆναι,
1393 1471 1498 1523 μηδὲ
1526 1473 1611 1517 τοῖς
1636 1470 1711 1509 τοῦ

268 1536 364 1588 βίου
405 1540 588 1588 καιροῖς,
658 1535 748 1576 ἀλλ’
789 1532 927 1588 ὥσπερ
971 1536 1045 1577 οὐκ
1083 1533 1209 1583 αὐτὸς
1248 1533 1418 1588 ἐζιιελλον
1453 1534 1761 1587 άμωσγέπωςαο

271 1600 440 1640 ἐκείνων
469 1600 701 1654 ἀφέξεσθαι
719 1631 731 1652 ‚
778 1597 912 1648 οὕτως
941 1601 1038 1640 οὐδὲ
1066 1603 1181 1655 σφᾶς
1209 1596 1309 1641 ἄλλο
1337 1598 1452 1654 παρά
1480 1600 1601 1640 τοῦτο
1626 1615 1708 1640 πα-

265 1668 359 1705 θεῖν
386 1663 612 1720 ὑπείληφα.
668 1662 877 1720 εἰρήσεται
904 1663 984 1721 γάρ
1015 1665 1220 1720 τάληθὲς·
1251 1663 1513 1719 παγχάλεπον
1534 1662 1707 1717 ἐνόμισα

359 1772 391 1805 5.
416 1769 465 1808 οἷς
488 1769 557 1811 Μ.,
581 1781 661 1808 πως
686 1771 721 1805 P.
815 1772 866 1805 13.
890 1771 1163 1817 παρασχούσης
1187 1770 1238 1805 Μ.

264 1862 518 1906 imperatorio,
545 1862 673 1906 partim
695 1862 786 1901 vita,
811 1860 937 1894 ordine
972 1866 1008 1894 et
1034 1860 1141 1894 modo
1178 1858 1357 1893 laudabili
1391 1860 1559 1892 instituta
1577 1884 1587 1899 ,
1612 1869 1700 1904 par-

265 1910 333 1941 tim
366 1907 542 1941 felicitate
582 1907 779 1940 liberorum
837 1907 1107 1951 illustriumque
1145 1912 1375 1951 cognatorum
1422 1911 1459 1938 et
1501 1906 1697 1939 amicorum

264 1954 365 1988 tribu
392 1952 580 1998 superbire
621 1959 658 1986 et
698 1954 826 1987 laetari
853 1950 1124 1993 consueverint,
1156 1952 1247 1986 haec
1275 1952 1395 1984 omnia
1432 1957 1468 1984 et
1492 1952 1583 1991 alia,
1607 1962 1702 1997 quae

266 2001 374 2043 vulgo
402 1999 593 2033 beatitates
618 1999 932 2046 habentur,(quae
956 2004 1167 2044 praetereo,
1193 2009 1238 2031 ne
1262 1997 1427 2030 omnibus
1450 1997 1702 2032 huiuscemodi

267 2047 494 2092 proferendis
518 2047 671 2079 nimium
704 2047 828 2079 videar
852 2045 1054 2090 delectari‚)
1078 2046 1159 2089 plus
1192 2045 1277 2076 satis
1321 2042 1575 2090 ubertimque,
1609 2045 1700 2078 citra

263 2093 450 2132 lahorem,
482 2099 519 2126 et
543 2096 583 2126 ut
609 2094 660 2125 ita
687 2091 816 2132 dicam,
847 2092 947 2125 facili
975 2103 1016 2125 ac
1041 2090 1196 2125 secundo
1223 2089 1377 2135 quodam
1404 2101 1507 2122 cursu
1541 2090 1700 2134 experiri

264 2150 286 2172 a
313 2140 388 2171 Deo
415 2139 503 2171 mihi
528 2150 734 2174 concessum
759 2143 822 2171 est.
871 2139 917 2172 Et
941 2139 971 2171 si
998 2138 1078 2178 cui,
1110 2138 1173 2181 qui
1201 2146 1296 2167 nuuc
1319 2136 1444 2168 vivunt
1467 2137 1699 2177 mortalium,

264 2191 328 2219 aut
352 2186 415 2231 qui
440 2186 526 2219 olim
554 2187 736 2225 vixerunt,
759 2185 798 2218 in
822 2196 894 2218 uno
927 2184 1057 2219 horum
1078 2183 1409 2229 quomodocumque
1434 2182 1580 2226 gloriari
1604 2193 1700 2216 sese-

264 2243 337 2277 que
362 2231 635 2276 circumspicere
660 2231 712 2263 fas
738 2236 793 2264 est
825 2236 887 2264 aut
927 2231 1015 2271 fuit,
1051 2239 1172 2263 omues
1198 2227 1287 2260 mihi
1312 2227 1380 2260 hoc
1405 2229 1531 2272 utique
1566 2239 1695 2262 conce-

266 2277 424 2311 dendum
449 2278 680 2316 fatebuntur,
712 2276 770 2310 his
797 2275 964 2309 omnibus
988 2288 1054 2321 per
1077 2275 1195 2308 omnia
1224 2274 1378 2317 gloriari.
1429 2275 1606 2319 Equidem
1639 2275 1695 2308 fe-

263 2324 404 2357 licitate
430 2325 543 2357 multa
580 2330 617 2357 et
649 2325 849 2368 omnigenis
890 2323 1019 2366 opibus
1065 2322 1142 2354 sine
1188 2320 1282 2352 malo
1322 2320 1537 2366 quotidiano
1573 2321 1697 2365 aliquo

265 2370 508 2403 circumfluxi:
534 2371 631 2416 quod
657 2369 803 2415 quidam
829 2371 1061 2414 antiquorum
1087 2366 1287 2411 sapientum
1309 2366 1478 2399 laudavit.
1526 2368 1698 2401 Contem-

265 2415 393 2460 plabar
416 2422 535 2450 autem
559 2418 657 2450 velut
683 2428 701 2449 e
728 2417 874 2460 specula
899 2415 987 2454 ista,
1026 2424 1117 2459 quae
1145 2417 1278 2444 temere
1303 2411 1524 2446 honorantur
1554 2418 1591 2445 et
1620 2419 1698 2446 stu-

266 2462 368 2495 diose
393 2468 615 2508 quaeruntur
640 2474 681 2494 ac
706 2461 878 2494 facillime
902 2460 1135 2493 dilabuntur:
1169 2463 1294 2502 utpote
1319 2469 1410 2503 quae
1443 2459 1488 2491 de
1516 2459 1602 2492 foris
1631 2458 1697 2491 ho-

266 2507 426 2541 minibus
447 2509 604 2548 affluunt,
635 2509 801 2541 fortunae
821 2507 1005 2541 cuiusdam
1028 2505 1245 2538 inconstanti
1261 2504 1479 2543 ‘fluxu‚haec
1498 2505 1535 2538 iu
1560 2505 1697 2538 trutina

266 2554 494 2597 praebentis:
530 2556 631 2588 cuius
655 2555 812 2587 lancium
839 2554 951 2587 altera
974 2552 1087 2585 levior
1111 2551 1308 2588 adscendit,
1332 2553 1444 2584 altera
1463 2554 1590 2584 ‘contra
1617 2562 1696 2596 gra·

266 2599 378 2632 vitate
406 2601 573 2643 ponderis
606 2601 834 2644 deprimitur.
880 2599 925 2632 Et
957 2598 1077 2630 omnia
1103 2597 1249 2642 quidem
1273 2597 1344 2630 alia
1374 2597 1479 2630 facile
1519 2601 1695 2630 mutatum

266 2646 312 2678 iri
337 2646 528 2688 putabam,
566 2652 689 2691 utpote
715 2646 759 2678 ab
784 2645 839 2677 his
865 2650 991 2688 sponte
1018 2643 1254 2682 discessurus,
1280 2645 1323 2676 ab
1353 2643 1426 2675 illis
1451 2653 1524 2676 non
1555 2654 1695 2688 semper

266 2692 415 2724 fortasse
440 2691 637 2725 honorilice
662 2693 884 2737 appellatus,
910 2689 1208 2735 quemadmodum
1236 2691 1310 2722 fiori
1338 2690 1439 2722 solet.
1489 2689 1604 2733 Quam
1630 2701 1695 2721 au—

267 2743 338 2769 tem
364 2749 468 2781 supra
495 2740 686 2771 amicorum
711 2739 845 2771 tribum
869 2738 1070 2775 nominavi,
1106 2748 1184 2769 cum
1210 2737 1314 2769 rebus
1340 2737 1426 2779 ipsis
1454 2740 1490 2768 et
1523 2735 1694 2778 tempori·

268 2783 334 2819 hus
358 2788 532 2818 mutatum
561 2784 605 2818 iri
631 2797 704 2819 nou
729 2784 921 2830 sperabam.
972 2783 1042 2817 Sed
1069 2787 1106 2816 ut
1145 2792 1206 2826 ⁰50
1238 2794 1292 2816 mc
1320 2783 1363 2815 ab
1390 2782 1462 2815 illis
1498 2792 1569 2816 nou
1595 2792 1691 2815 eram
