1800 3132
530 187 908 232 HISTORIARUM
946 187 1018 226 ιιι.
1046 189 1116 234 53.
1417 161 1531 235 309

93 296 307 350 εἰρημένω
333 294 431 347 περὶ
454 293 605 347 Δημᾶ,
635 289 708 332 καὶ
732 288 830 344 περὶ
856 304 931 330 σου
961 288 1091 330 εἰπεῖν
1119 285 1240 338 νυνὶ,
1267 277 1344 336 ὅτι,
1373 277 1574 324 Mami-A
1583 276 1726 321 (2.1342

95 376 184 415 ριος
209 359 321 414 ἧμας
346 358 630 412 ἐγκατέλιπεν,
655 354 899 434 οἷγαπῆσαςυ
927 352 1001 396 τὸν
1027 355 1103 396 νῦν
1131 351 1288 403 αἰῶνα,
1327 348 1400 389 καί
1434 346 1532 388 ἐπο·

93 425 227 480 ρεύθη
262 440 321 473 εις
360 423 683 476 Θεσσαλονίκην.
741 437 769 462 α
795 420 922 474 ἐχρῆν
948 419 1235 473 μεμνημένον,
1271 430 1341 456 και
1371 427 1427 461 ως
1454 411 1531 452 νῦν

96 489 348 544 α’νοσιαὶτερα
391 505 463 530 και
502 487 736 542 ἀδικώτερα
772 486 911 542 πολλῶ
945 485 1125 562 τολμᾷς,
1181 479 1254 524 τὸν
1291 478 1414 520 οὐδὲν
1451 476 1572 528 ἐμὲΡ·
1587 476 1654 512 5²⁰

73 551 319 633 δι’]’δικηκότα
357 550 601 610 αὖτοχειρία
637 566 863 605 μονονουχι
892 548 1147 605 πειρώμενος
1174 541 1391 602 φονεύειν,
1407 540 1536 596 χάριν

92 615 214 669 ἀξίαν
242 620 287 660 ἐν
313 617 447 675 τούτω
476 618 802 670 κατατιθέμενος
830 620 918 664 τοῖς
947 613 1023 670 τήν
1052 609 1372 688 ἀρχιερωσύνην
1399 609 1534 660 ἐγχει-

91 684 283 738 ρίσασιν,
313 683 487 735 αιμασιν
516 679 676 732 ἀδίκοις
702 682 893 735 μολύνων
919 681 994 758 τὰς
1020 685 1192 734 χεῖρας,
1236 674 1294 730 μή
1326 676 1429 728 ἐμοῦ
1459 687 1534 720 κα-ι

90 750 411 805 ταψηφίζεσθαι
439 745 606 790 ἀδικίαν
631 764 699 790 και
728 744 1023 802 ἆγνωιιοσύνην
1050 747 1147 801 περὶ
1171 743 1373 800 βασιλέα,
1415 738 1535 781 οὐδὲν

92 829 190 856 ουτε
238 813 463 869 πρότερον,
503 809 596 855 ου’τε
638 813 769 868 μέχρι
811 814 886 854 νῦν
936 810 1102 862 ἀνάξιον
1149 813 1222 866 τῆς
1263 811 1321 858 εἰς
1380 808 1535 849 ἐκεῖνον

43 881 236 935 ιοφιλίας
282 880 569 934 εἰργασμένου.
624 881 723 934 περί
770 880 848 931 μὲν
901 873 977 919 ουν
1013 879 1087 932 τῆς
1140 892 1198 926 εις
1244 873 1419 929 βασιλέα
1462 885 1536 910 και

92 942 195 993 τούς
221 946 380 993 παῖδας
407 946 511 1006 ἐμοῦ
539 941 857 1024 εὐγνωμοσύνης
899 941 1016 996 λόγον
1054 943 1205 983 ουδένα
1232 938 1337 1019 πρὸς
1365 939 1412 979 σὲ
1440 950 1533 976 ποι-

92 1006 251 1062 ήσομαι
274 1026 378 1063 νυνι,
406 999 604 1059 καθάπαξ
630 1025 708 1058 τας
733 1010 891 1089 φρένας
919 1007 1179 1064 διεφθορότα
1207 1022 1278 1047 και
1310 999 1436 1046 αδικα
1461 995 1535 1040 καὶ

94 1074 316 1131 παράνομα
354 1092 426 1117 και
461 1077 630 1129 λέγοντα
673 1090 741 1116 και
788 1072 1085 1127 διανοούμενον
1128 1088 1222 1127 περι
1266 1072 1399 1124 ἐμοῦ,
1441 1066 1533 1109 ἀλλ’

92 1139 288 1195 ὕστερον,
318 1141 438 1195 ἡνίκα
468 1136 521 1182 ἂν
546 1139 669 1196 ἐθέλῃ
698 1138 808 1188 θεός.
868 1141 966 1194 περί
994 1141 1040 1181 δὲ
1069 1132 1126 1180 ὧν
1154 1137 1346 1192 εἴρηκας,
1385 1134 1442 1184 ὦς
1471 1136 1541 1176 δεῖ

45 1207 310 1260 ι5βασιλίδος
336 1205 474 1261 ἱκέτην
504 1204 577 1248 καί
591 1204 854 1261 πατριάρχου
882 1206 1092 1259 γενέσθαι,
1126 1203 1182 1252 ὥς
1201 1199 1252 1244 ἂν
1281 1200 1565 1255 συγγνώμηνΒ

90 1270 403 1326 παρασχόμενοι
442 1269 637 1326 πρόνοιάν
679 1286 774 1312 τινα
819 1267 1077 1324 ποιήσωνται
1124 1270 1224 1324 πρίν
1269 1264 1534 1310 παντάπασιν

91 1338 343 1390 α’πολέσθαι,
364 1338 494 1378 ἐκεῖνο
514 1333 710 1391 εὔκαιρον
728 1338 870 1388 εἰπεῖν,
898 1332 972 1388 ὅτι,
995 1333 1056 1389 μὴ
1078 1337 1239 1376 κλαίετε
1270 1333 1332 1374 ἐπ’
1343 1334 1430 1386 ἐμὲ,
1451 1327 1534 1372 θυ-

90 1403 256 1457 γατέρες
275 1400 565 1457 Ἰερουσαλὴμ,
596 1399 929 1456 οἱλλ’ὲφ’ἓαυτιὶς
948 1402 1020 1442 καί
1043 1399 1114 1441 ἐπὶ
1130 1400 1182 1442 τὰ
1219 1402 1342 1441 τέκνα
1370 1398 1533 1451 ύμῶν.”

91 1466 198 1522 πρὸς
223 1469 301 1519 μὲν
343 1465 419 1507 οὖν
455 1469 608 1508 ἐκεῖνον
649 1466 671 1507 ὅ
700 1464 899 1518 βασιλεύς
934 1467 1112 1507 τοιαῦτα
1142 1466 1403 1520 α’πεκρίνατο.

40 1553 91 1579 20
201 1532 272 1584 vy'.
333 1530 433 1577 ζΥπὸ
482 1532 529 1571 δὲ
569 1529 669 1578 τούς
710 1530 864 1579 αὖτοὺς
890 1528 1071 1584 χρόνους
1121 1532 1193 1572 καί
1218 1532 1264 1573 ἐκ
1302 1530 1571 1578 Θετταλίαςρ

91 1590 191 1652 ἧκον
214 1598 427 1652 πρέσβεις,
458 1597 675 1643 καλοῦντες
700 1596 876 1647 βασιλέα
904 1596 978 1636 καί
1003 1594 1191 1647 δεόμενοι
1220 1590 1368 1650 ἄρχειν
1395 1596 1530 1649 σφῶν.

91 1661 166 1704 καί
189 1659 388 1717 πρότερόν
415 1676 460 1702 τε
488 1659 570 1716 γὰρ
599 1660 757 1712 ἕτοιμοι
786 1656 891 1715 ἦσαν
917 1658 1144 1701 ὑπακούειν
1171 1662 1245 1701 καί
1282 1657 1335 1700 τοὶ
1369 1659 1528 1699 ἐκείνου

89 1730 248 1782 μᾶλλον
282 1726 470 1784 ’ᾑροῦντο
481 1759 493 1779 ,
533 1722 560 1781 ἢ
596 1727 841 1780 βασιλίδος,
897 1726 970 1766 καί
1007 1724 1099 1768 τότε
1134 1727 1179 1768 δὲ
1227 1721 1531 1779 ὁμονοήσαντες

91 1860 161 1894 tibi
186 1863 337 1906 possunt
362 1861 548 1893 occinere:
573 1859 750 1892 Macarius
776 1870 841 1893 nos
869 1859 1042 1906 reliquit,
1067 1859 1221 1904 diligens
1240 1858 1309 1893 hoc
1329 1858 1528 1900 saeculum,

92 1914 130 1941 et
153 1907 333 1952 profectus
358 1913 412 1940 est
437 1906 738 1940 Thessalonicam.
796 1907 957 1951 Quorum
992 1911 1026 1939 te
1059 1917 1253 1940 memorem
1280 1916 1357 1939 esse
1382 1911 1530 1949 oporte-

92 1954 177 1993 bat,
201 1958 238 1986 et
261 1952 388 1987 horum
412 1954 531 1993 simul,
550 1964 643 1999 quae
672 1963 766 1985 nunc
791 1953 1020 1986 sceleratiora
1035 1953 1217 1998 magisque
1243 1953 1353 1996 impia
1378 1963 1451 1984 non
1470 1962 1530 1983 re-

93 1999 288 2033 cormidas·
331 1999 417 2032 dum
453 2010 534 2039 me,
570 2001 632 2044 qui
669 2000 758 2031 laesi
791 2000 998 2039 neminem,
1031 2005 1171 2033 tantum
1207 2009 1280 2032 nou
1319 2008 1383 2042 per
1418 2002 1532 2030 temet

104 2047 241 2080 sonaris
276 2045 439 2079 occidere
470 2046 611 2091 (dignas
645 2045 817 2078 videlieet
856 2048 923 2078 islo
968 2045 1074 2078 modo
1116 2044 1246 2088 gratias
1280 2047 1438 2078 relerens
1471 2044 1531 2083 iis,

92 2093 157 2139 qui
183 2092 428 2146 episcopatum
453 2092 522 2124 tibi
547 2091 867 2136 mandaverunt20t
891 2090 1028 2125 nefarie
1059 2094 1170 2124 effuso
1198 2091 1368 2135 sanguine
1403 2101 1528 2123 manus

92 2144 172 2172 tuas
196 2139 394 2172 scelerare:
419 2138 469 2171 ita
496 2150 553 2171 me
579 2139 739 2183 ingratae
765 2143 802 2170 et
828 2138 1014 2183 improbae
1049 2138 1087 2170 in
1113 2140 1366 2182 imperatorem
1397 2137 1529 2169 volun-

91 2186 179 2218 tatis
213 2196 286 2218 non
326 2195 551 2225 accusasses,
600 2186 662 2230 qui
698 2184 798 2216 nihil
837 2196 994 2231 unquam
1029 2184 1106 2217 eius
1143 2183 1301 2216 amicitia
1339 2181 1528 2224 indignum

91 2231 308 2276 perpetravi.
356 2232 408 2263 De
444 2243 525 2264 mea
558 2232 666 2274 igitur
694 2231 732 2262 in
767 2230 869 2264 illum
897 2236 933 2264 et
956 2231 1091 2263 liberos
1120 2230 1198 2263 eius
1226 2229 1362 2274 pietate
1386 2229 1528 2262 nullum

95 2288 191 2312 nunc
216 2282 334 2310 tecum
358 2277 469 2310 semel
494 2278 687 2321 depravato
711 2287 753 2310 ac
777 2276 823 2310 de
847 2288 904 2310 me
934 2277 1087 2321 pessime
1113 2276 1340 2309 existimante
1372 2275 1527 2319 loquen-

95 2330 205 2369 teque
247 2322 397 2356 verbum
429 2323 674 2357 commutabo:
713 2323 778 2356 sed
801 2334 882 2357 cum
916 2324 1015 2357 Deus
1052 2323 1223 2359 voluerit,
1270 2320 1379 2364 Quod
1406 2327 1527 2355 autem

95 2370 253 2404 iniecisti
288 2370 327 2402 in
367 2381 554 2410 sermone,
585 2375 751 2417 oportere
783 2380 839 2402 me
883 2369 1101 2414 imperatrici
1127 2380 1168 2402 ac
1192 2366 1416 2413 patriarchae
1439 2379 1527 2412 sup-

94 2417 244 2462 plicare,
269 2420 320 2455 ut,
346 2414 427 2449 data
451 2417 568 2453 venia,
582 2417 691 2450 saluti
718 2425 818 2449 meae
841 2421 1067 2462 prospectum
1089 2415 1215 2454 velint,
1245 2413 1336 2447 illud
1362 2415 1526 2458 apposite

92 2462 351 2517 responderim.
388 2462 501 2496 Filiae
525 2462 760 2502 Hierusalem,
798 2463 915 2495 nolite
950 2462 1034 2496 ssei-e
1068 2472 1176 2505 super
1209 2472 1284 2494 me:
1325 2459 1388 2495 sed
1418 2471 1526 2504 suiper

91 2521 156 2544 vos
188 2510 283 2554 ipsas
321 2509 406 2542 flete
441 2514 478 2541 et
508 2519 614 2553 super
650 2509 743 2542 filios
774 2515 921 2542 vestros
980 2509 1077 2541 Haec
1110 2507 1156 2541 ad
1186 2507 1381 2541 macarium
1408 2518 1527 2541 coram

94 2556 298 2602 imperator.

189 2603 245 2638 53.
292 2600 366 2634 Sub
392 2600 488 2633 idem
513 2606 652 2646 tempus
686 2601 794 2634 etiam
823 2612 842 2634 e
869 2600 1054 2634 Thessalia
1081 2599 1189 2645 legati
1215 2610 1294 2632 eum
1320 2599 1365 2632 ad
1390 2609 1428 2633 se
1458 2609 1526 2633 vo-

97 2654 179 2682 cant
201 2653 238 2680 et
265 2653 392 2687 orant,
431 2653 470 2679 ut
494 2648 564 2680 sibi
599 2649 752 2691 praesit:
786 2659 869 2679 nam
905 2652 942 2679 et
977 2652 1081 2678 antea
1119 2646 1196 2679 eius
1234 2647 1380 2690 potius,
1415 2657 1523 2691 quam

95 2697 274 2739 Augustae
299 2699 417 2746 partes
442 2694 620 2738 amplexi,
657 2695 854 2739 principem
879 2704 980 2724 suum
1008 2703 1086 2725 esse
1117 2691 1332 2737 cupiebant,
1371 2697 1407 2725 et
1437 2697 1523 2724 tunc

97 2741 320 2774 concorditer
345 2740 550 2781 mittentes,
577 2740 622 2773 ad
646 2739 885 2784 gubernaculi
915 2739 1078 2771 eumdem
1104 2738 1315 2772 invitabant.
1365 2740 1522 2782 Impera-

99 2791 156 2820 tor
180 2798 260 2820 cum
283 2800 346 2835 pro
372 2788 485 2821 veteri
510 2787 786 2827 benevolentia,
817 2792 892 2819 tum
918 2785 1017 2829 quod
1041 2795 1137 2819 nunc
1163 2785 1259 2819 ultro
1283 2786 1318 2819 ei
1343 2796 1379 2819 se
1405 2785 1523 2820 subii-
