1800 3132
558 175 937 220 msTomAnUM
979 179 1052 219 ιιι.
1082 180 1152 223 63.
1453 160 1563 235 387

120 281 193 323 ἐπὶ
233 277 350 322 τοῦτό
388 292 444 331 με
480 275 604 319 αΰτοὶ
642 278 998 332 παρακαλοῐῗντες.
1069 274 1150 333 ἐγώ
1192 276 1238 319 δὲ
1278 275 1377 331 τόγε
1409 279 1470 327 εἰς
1494 280 1766 337 ἐμὲΑ.(Ξ.ι343

118 339 241 400 ἧκον,
282 340 379 386 οὔτε
409 343 601 393 εὐδοξίας
625 341 778 396 χάριν,
823 337 917 383 οὔτε
945 343 1119 396 κέρδους
1147 342 1259 391 τινος
1290 343 1495 401 ἐπιθυμιᾷ
1521 343 1568 385 τὸ

116 408 222 466 ὑπὲρ
264 411 420 452 ἐκείνου
454 413 593 450 πονεῖν
629 410 702 450 καί
729 406 987 449 κινδυνεέειν
1016 405 1183 464 ᾔρημαι
1199 441 1212 461 ,
1271 409 1360 450 ἀλλ’
1390 405 1571 466 ἀνάγκην

119 473 206 529 ἔχω
237 473 371 529 πάσης
397 475 655 528 βιαιοτέραν,
685 470 825 528 ὥσπερ
856 473 961 527 ὑπὲρ
992 475 1180 525 ἐμαυτοῦ
1208 473 1449 526 ἀμύνεσθαι
1474 474 1571 524 τοὺς

92 539 314 589 5ἑπιόντας
352 541 424 581 καί
462 541 535 594 τῆς
564 538 691 595 φίλης
720 538 975 591 ἀντέχεσθαι
1006 541 1112 594 ζωῆς
1133 541 1261 594 μέχρι
1289 541 1363 581 καί
1389 542 1466 582 τοῦ
1494 543 1570 582 δυ·-

113 607 250 648 νατοῦ.
316 601 366 646 οὗ
405 603 483 660 γὰρ
525 602 667 659 (ὅσπερ
698 603 736 645 οἱ
763 605 912 646 πολλοὶ
939 603 983 646 τὸ
1015 606 1223 658 βασιλέως
1253 605 1375 661 φίλος
1398 617 1598 661 προσα-(Ξ

110 669 364 725 γορεύεσθαι
392 669 562 725 εἱλόμην
589 669 732 723 μόνον,
766 671 858 711 ἀλλ’
887 667 1020 719 οὕτως
1050 673 1165 727 αὐτῷ
1193 674 1437 726 συντέτηκα,
1467 670 1568 713 ὥστ’

111 736 152 777 εἰ
179 739 368 791 συμβαίη
398 737 481 778 τῶν
511 737 745 791 ἀνηκέστων
773 736 928 777 ἐκεῖνόν
968 752 1007 778 τι
1035 740 1214 789 παθεῖν,
1255 737 1432 790 ἀβάοτον
1466 735 1568 792 ἡγη-

111 799 289 854 σόμενος
317 800 390 843 τὸν
415 805 509 855 βιόν
536 801 612 843 καί
637 801 774 851 αὐτός.
829 803 902 843 καί
930 800 1000 843 διὰ
1030 801 1185 855 ταύτην
1212 797 1463 858 τὴνίφιλίαν
1485 807 1568 856 βα·-

65 870 228 908 ιοσιλεῖ
247 882 291 908 τε
328 868 386 925 τῷ
413 865 662 925 Ἀνδρονίκῳ
690 865 796 922 πρὸς
822 864 894 908 τὸν
921 866 1026 908 κατὰ
1058 867 1230 921 Λέσβου
1260 868 1333 909 καί
1363 870 1565 917 Φωκαίας

109 928 292 984 πόλεμον
328 933 645 987 συνεπολέμησα
679 932 835 988 χρόνον
863 932 939 973 οιῖκ
969 932 1108 986 ὀλίγον
1125 963 1137 986 ,
1198 932 1271 974 καί
1296 931 1497 989 πρότερον
1521 931 1566 975 ἑ·

109 994 181 1045 νὸς
209 996 327 1046 ἔτους
355 996 606 1052 ὀγδοήκοντα
634 997 708 1039 καί
732 998 990 1052 τριακοσίαις
1018 996 1146 1039 ναυσί
1173 999 1315 1052 διέβην
1343 999 1416 1039 ἐπὶ
1447 998 1563 1054 Θρᾴ-

106 1078 205 1116 κην,
230 1059 398 1118 γνώμην
425 1060 556 1116 ἔχων,
587 1062 646 1111 ὥς
676 1064 781 1105 πᾶσι
808 1063 1078 1117 μαχούμενος
1107 1062 1350 1117 ἀνθρώποις
1378 1061 1452 1104 καί
1481 1064 1563 1104 πᾶ-

90 1143 186 1169 ’σαν
224 1126 406 1170 κάκωσιν
444 1127 571 1171 οἴσων
608 1130 682 1171 καί
717 1127 873 1183 αὐτὸς,
911 1124 1036 1184 ἄχρις
1076 1123 1129 1170 ἂν
1167 1127 1274 1184 πρὸς
1300 1128 1377 1183 τήν
1405 1130 1563 1171 οἰκείαν

59 1193 356 1249 ῐῦἐπαναγάγω
376 1226 389 1250 ,
433 1192 576 1249 οἵσπερ
623 1194 715 1237 ἴστε
749 1194 824 1237 καὶ
857 1195 982 1236 adron*
1009 1192 1405 1250 συστρατευόμενοι.
1461 1193 1563 1236 νυνί

104 1262 151 1303 δὲ
187 1261 231 1302 ἐν
257 1258 389 1317 τούτῳ
416 1262 646 1316 καθέστηκε
672 1259 724 1303 τά
754 1258 984 1317 πράγματα
1016 1261 1142 1315 ἡμῖν,
1191 1257 1301 1302 ὥσθ’
1340 1260 1452 1315 ἡμᾶς
1477 1261 1691 1313 μὲνν.454

103 1323 186 1367 ὑπὸ
217 1327 300 1367 τῶν
337 1325 502 1378 ἀνέμων
541 1328 727 1368 ἐνταῦθα
767 1327 1100 1380 κατεχομένους,
1148 1322 1390 1381 ἀπράκτους
1429 1321 1558 1377 εἶναι,

106 1392 262 1432 ἐκεῖνον
291 1392 338 1432 δὲ
366 1388 448 1431 ὑπὸ
483 1391 730 1447 Ῥωμαίων,
760 1392 816 1441 ὥς
842 1388 1071 1445 ἀκούομεν,
1104 1394 1433 1447 πολιορκεῖσθαι.
1490 1391 1601 1434 δὲ-ι)

105 1458 224 1497 δοικα
256 1458 328 1510 δὲ,
359 1454 417 1510 μὴ
458 1456 537 1497 καί
561 1473 604 1497 τι
630 1460 714 1499 τῶν
743 1459 979 1512 ἀνηκέστων
1006 1459 1148 1514 συμβῇ
1174 1460 1273 1512 περὶ
1299 1457 1445 1499 αὐτόν.
1499 1457 1560 1498 εἰ-

51 1519 175 1570 2οκὸς
201 1520 281 1576 γάρ
310 1521 383 1563 καὶ
404 1520 640 1577 χρημάτων
667 1518 838 1578 ἀπορεῖν
867 1524 942 1563 καί
960 1525 1165 1576 στρατιᾶς
1194 1519 1432 1576 ἀξιομάχου
1451 1520 1558 1576 πρὸς

102 1585 202 1636 τούς
227 1589 464 1658 πψμίους,
493 1585 593 1643 ἄρτι
621 1589 667 1629 ἐκ
693 1590 765 1642 τῆς
790 1585 945 1643 πλάνης
974 1587 1253 1643 ἐπανήκοντα,
1285 1590 1358 1629 καί
1386 1588 1462 1628 οὐκ
1489 1588 1556 1637 ἐξ-

104 1655 330 1709 αρκοῦντος
371 1656 449 1695 τοῦ
487 1656 641 1708 καιροῦ
683 1652 788 1708 πρὸς
827 1652 874 1695 τὸ
918 1655 1098 1707 δύναμιν
1138 1653 1374 1707 κτήσασθαι
1408 1653 1557 1706 βεβαί-

100 1734 165 1760 αν.
221 1717 261 1761 oi
301 1721 494 1773 πολέμιοι
536 1720 583 1762 δὲ
619 1721 693 1761 καί
728 1715 871 1768 ὅπλοις
906 1720 1135 1773 βιάζεσθαι
1177 1715 1361 1762 δύναιντ’
1379 1714 1459 1772 ἂν,
1484 1713 1554 1759 ὅν-

197 1848 207 1870 ι
218 1837 250 1873 5.
274 1835 407 1882 ἐξαρκο
415 1836 500 1872 ῦιος
525 1836 563 1868 P.

98 1939 217 1978 tinet,
257 1949 377 1984 neque
412 1937 548 1982 gloriae
574 1948 701 1978 causa,
735 1947 855 1983 neque
888 1945 1008 1968 amore
1042 1938 1214 1981 quaestus
1238 1945 1304 1978 pro
1335 1945 1378 1967 eo
1403 1933 1549 1967 labores

98 1995 141 2018 ac
164 1985 323 2029 pericula
358 1984 458 2018 adire
491 1985 592 2019 volo:
633 1984 697 2018 sed
734 1995 789 2016 me
827 1982 1079 2027 potentissima
1113 1981 1287 2026 quaedam
1316 1981 1547 2014 necessitudo

99 2036 227 2074 urget,
262 2037 303 2064 ut
327 2031 373 2064 ab
411 2041 454 2063 eo
488 2042 563 2064 non
599 2042 701 2064 secus
737 2035 847 2075 atque
872 2041 891 2062 a
919 2039 975 2062 me
1000 2030 1078 2072 ipso
1103 2028 1224 2061 hostes
1252 2028 1483 2072 propulsem,
1511 2033 1549 2060 et

99 2083 274 2123 quantum
301 2079 339 2110 iu
363 2088 420 2111 me
447 2082 524 2118 est,
548 2089 615 2122 pro
642 2078 742 2110 illius
768 2078 840 2108 vita
865 2075 954 2108 mihi
981 2075 1164 2108 carissima
1193 2083 1426 2118 propugnem.
1463 2073 1548 2107 Non

99 2124 197 2156 enim
224 2129 264 2156 ut
294 2124 425 2164 multi,
458 2125 684 2168 imperatoris
724 2125 859 2156 amicus
895 2121 1022 2155 audire
1058 2126 1249 2154 contentus
1278 2130 1378 2160 sum,
1406 2119 1545 2153 sedita

97 2181 178 2203 sum
203 2172 236 2204 ei
262 2171 531 2214 conglutinatus
547 2197 557 2212 ,
584 2176 625 2203 ut
647 2171 678 2204 si
704 2181 786 2202 eum
815 2169 1004 2214 quippiam
1031 2167 1220 2200 infandum
1255 2167 1330 2210 pati
1358 2169 1547 2212 continge-

97 2222 178 2257 ret,
201 2219 311 2250 vitam
337 2228 402 2262 ego
427 2228 574 2264 quoque
597 2218 675 2251 sine
697 2217 764 2250 illo
790 2216 976 2249 insuavem
1001 2214 1092 2247 mihi
1117 2219 1154 2247 et
1176 2213 1342 2246 acerbam
1367 2217 1544 2257 putarem.

95 2264 217 2309 Atque
251 2263 359 2296 huius
395 2265 527 2298 amoris
564 2274 647 2308 ergo
690 2263 901 2308 imperatori
933 2260 1163 2300 Andronico,
1196 2259 1295 2293 bello
1340 2259 1474 2292 Lesbio
1508 2265 1547 2293 et

94 2309 429 2349 Phocaeensi,non
454 2322 568 2355 pauco
593 2316 757 2355 tempore
782 2320 863 2341 cum
888 2308 1036 2341 auxiliis
1062 2308 1172 2346 affui,
1199 2311 1236 2339 et
1259 2317 1355 2339 anno
1379 2306 1544 2350 proxime

95 2359 283 2403 superiore
307 2357 481 2390 trecentis
514 2357 697 2402 octoginta
728 2356 881 2389 navibus
920 2356 958 2389 in
983 2354 1175 2389 Thraciam
1199 2353 1402 2393 transmisi,
1425 2352 1542 2386 bella·-

94 2408 199 2437 turus
231 2401 420 2450 quibusvis
451 2404 666 2438 mortalibus
704 2408 743 2436 et
775 2403 904 2435 damna
930 2402 1099 2435 illaturus
1123 2400 1264 2439 omnia,
1290 2399 1411 2444 quoad
1432 2399 1540 2432 illum

95 2451 136 2484 in
175 2450 278 2484 sedes
314 2460 396 2483 suas
434 2450 667 2491 reducerem,
706 2448 1012 2496 quemadmodum
1053 2458 1114 2480 vos
1148 2445 1411 2486 recordamini,
1449 2456 1542 2491 quos

95 2501 185 2530 tunc
222 2495 484 2530 commilitones
522 2496 709 2530 ducebam.
770 2497 877 2531 Nunc
912 2507 954 2529 ea
979 2500 1034 2527 est
1056 2503 1174 2527 rerum
1202 2491 1384 2532 conditio,
1411 2497 1453 2525 ut
1475 2504 1542 2526 nos

98 2543 247 2588 quidem
284 2554 305 2576 a
340 2544 457 2576 ventis
488 2542 549 2576 hic
584 2543 726 2577 detenti
759 2543 951 2576 feriemur:
987 2541 1050 2574 ille
1075 2551 1095 2573 a
1119 2539 1313 2580 Romanis,
1353 2543 1396 2571 ut
1425 2538 1543 2579 aiunt,

95 2589 318 2623 obsideatur.
368 2590 505 2624 Vereor
527 2595 667 2630 autem,
692 2600 739 2622 ne
765 2589 865 2635 quod
888 2589 922 2622 ei
947 2587 1078 2621 malum
1103 2585 1307 2618 insanabile
1343 2586 1541 2629 contingat.

98 2635 284 2670 Credibile
324 2637 420 2670 enim
451 2641 529 2676 est,
558 2636 664 2669 illum
701 2641 740 2670 et
773 2635 928 2680 pecunia
962 2643 1066 2678 egere
1096 2638 1133 2665 et
1163 2631 1331 2666 hostibus
1364 2632 1541 2710 imdparem

97 2693 199 2723 esse,
252 2684 362 2730 uippe
387 2683 451 2727 qui
475 2693 598 2716 recens
620 2693 729 2727 vagus
754 2687 792 2715 et
817 2682 900 2715 exul
926 2690 1002 2714 esse
1027 2679 1196 2720 desierit,
1233 2683 1270 2712 et
1297 2678 1355 2712 cui
1380 2689 1399 2710 a
1453 2689 1540 2711 eon-

93 2729 240 2763 trahem
255 2741 291 2762 as
330 2730 450 2774 copias
488 2739 617 2774 genere
652 2739 877 2773 numeroque
917 2727 1035 2760 firmas
1074 2727 1231 2770 spatium
1255 2724 1444 2758 sufficiens
1464 2735 1539 2758 non

98 2776 330 2813 concedatur.
379 2776 510 2810 Hostes
536 2780 656 2809 autem
680 2779 829 2822 propter
852 2772 1129 2808 multitudinem
1154 2778 1191 2806 et
1214 2773 1322 2805 armis
1347 2782 1429 2806 eum
1453 2781 1538 2817 pos-
