1812 3132
297 187 314 219 1
329 167 401 221 36
826 178 1196 221 CANTACUZENI

94 290 183 324 A.C‚
201 288 328 336 ι34ιεῐ
354 285 525 338 περιῆν,
567 282 616 322 οὗ
646 280 772 334 μόνον
799 278 872 335 τὴν
901 280 1032 322 αὐτοῦ
1060 281 1135 320 καί
1159 278 1364 331 βασιλέως
1391 275 1496 331 πρὸς
1526 273 1728 331 ἀλλήλους

288 349 444 403 μικροῦ
471 346 545 389 καί
572 344 874 408 ἀπιστουμένην
903 345 1048 401 φιλίαν
1076 345 1298 396 ἐννοοῦσα,
1328 338 1434 384 ἆλλοὶ
1454 342 1526 383 καὶ
1540 340 1613 396 τὴν
1626 342 1728 417 rjus}

149 421 190 454 V.
206 417 409 469 339τέρᾳν
446 411 549 468 πρὸς
590 407 730 454 αὐτὸν..
802 409 894 455 ἐπεὶ
936 412 971 451 δ’
1010 405 1133 458 αὐτὸς
1174 408 1249 448 ov’n
1289 401 1466 448 ἄλλοθέν
1503 409 1658 459 ποθεν,
1700 423 1724 461 η

282 481 388 522 θεοῦ
427 478 781 533 παραχωροῦντος
818 475 890 516 ἐπὶ
924 476 980 533 τῷ
1002 472 1235 526 Ῥωμαίους
1263 470 1343 512 ὖπὸ
1372 473 1562 523 πολέμων
1589 471 1727 527 ἐμφυ-

153 548 187 583 Ρ-
213 545 393 592 419λίων
423 545 765 599 διαφθείρεσθαι,
794 539 898 596 πρὸς
927 539 1126 594 τοιαύτην
1147 539 1324 580 οἷτοπίαν
1345 534 1502 591 ἐξήχθη
1521 532 1754 590 λογισμῶν5,

284 611 357 651 καί
384 605 515 658 οὕτως
542 603 679 649 ἄδικα·
700 605 774 648 καὶ
797 607 917 659 βίαια
942 603 1152 659 διενοήθη,
1182 602 1320 661 ἐκείνῳ
1348 604 1426 656 μὲν
1442 600 1554 654 θεὸς,
1584 601 1607 643 ὅ
1624 600 1729 643 πάν-

286 691 338 716 τα
371 670 533 716 ἄνωθεν
561 674 753 728 ἐφορῶν,
793 673 867 726 τῆς
894 671 1118 724 ἐπιβουλῆς
1147 670 1318 711 δικάσαι
1345 666 1418 709 καὶ
1442 669 1523 709 τῶν
1550 681 1728 721 πραττοε-

284 743 421 793 μένων
458 737 579 789 α’ξίας
609 736 864 793 παράσχοιτο
893 735 970 786 τοὶς
995 733 1240 783 ἀντιδόσεις.
1294 732 1373 787 ἐγώ
1408 735 1444 775 δ’
1471 731 1569 786 ὑμῖν
1596 733 1729 784 ἐμαυ-

285 805 360 859 τὴν
397 805 470 846 καὶ
504 805 625 857 τέκνα
664 803 872 857 ἐπιτρέπω
916 800 1019 855 μετὰ
1050 800 1171 852 θεὸν,
1200 799 1249 841 ἵν’
1279 797 1350 840 ὕπ’
1378 800 1518 855 ἐκείνῳ
1544 795 1729 853 μάρτυρι

285 870 421 915 πάντα
452 868 524 910 καὶ
550 868 775 922 διανοῆσθε
802 866 876 908 καί
908 863 1117 920 πράττητε
1146 863 1250 919 ὑπὲρ
1281 864 1413 919 ἡμῶν,
1445 863 1502 912 ὦς
1528 860 1602 905 τὸν
1636 860 1781 911 {bomo

283 934 461 989 τρόπον,
504 932 552 975 ὃν
589 934 714 974 av’rol
754 931 855 987 πρὸς
895 934 971 984 ἐμὲ
1013 930 1085 971 καὶ
1116 932 1258 982 τέκνα,
1300 930 1594 985 διακεισομένῳ
1622 925 1727 982 πρὸς

284 1001 435 1053 ὑμᾶς.”
491 1000 623 1053 ἐκείνη
651 1000 729 1051 μὲν
761 994 837 1040 οὖν
864 997 1119 1052 περίδακρυς
1138 995 1319 1038 ’τοιαῦτα
1355 990 1492 1047 εἶπεν,
1523 990 1728 1047 οἷγνοήσα-

286 1082 371 1119 σα,
412 1060 456 1107 οἷ
488 1065 625 1105 κακῶν
663 1063 743 1103 ὑπὸ
774 1062 1054 1118 συκοφαντίας
1082 1062 1317 1115 κατηνέχθη
1346 1058 1420 1101 καί
1450 1060 1658 1114 διαβολῆς.
1688 1056 1728 1101 οἶ

289 1132 328 1172 δ’
355 1130 429 1186 ὑφ’
459 1130 611 1183 ἡδονῆς
641 1128 738 1170 οὐδὲ
767 1129 957 1182 κατέχειν
985 1123 1164 1174 ἑαυτούς
1192 1127 1386 1167 ἑπιπλέον
1413 1125 1672 1178 δυνηθέντες,
1701 1117 1729 1180 ᾗ

251 1194 443 1249 Βτάχους
469 1191 596 1248 εἶχον,
626 1191 875 1242 ἀναστάντες
903 1191 976 1234 καί
1001 1198 1084 1240 τοϊς
1113 1187 1268 1243 ἄλλοις,
1300 1190 1343 1231 οἳ
1366 1191 1449 1231 τῶν
1479 1184 1781 1245 ἆπορ’ῥήτωνί5

289 1257 532 1304 ἐκοινώνουν
550 1292 562 1314 ‚
604 1256 739 1300 πάντα
769 1259 1108 1312 ἀπαγγείλαντες,
1126 1255 1322 1309 ’ἔγνωσαν
1350 1257 1437 1301 δεῖν
1461 1257 1606 1310 μηκέτι
1637 1256 1730 1296 δια-

287 1328 477 1379 μέλλειν,
524 1326 612 1366 ἀλλ’
642 1324 770 1377 ὁμόσε
815 1322 918 1379 πρὸς
964 1321 1039 1369 τὸν
1077 1319 1255 1375 πόλεμον
1280 1326 1460 1376 χωρεῖν,
1503 1320 1574 1362 ἵνα
1601 1321 1662 1374 μή
1689 1335 1729 1362 τι

288 1391 455 1444 συμβὰν
490 1389 542 1432 τοὶ
569 1387 831 1443 μελετώμενα
867 1385 1045 1444 κωλύσῃ.
1105 1386 1258 1436 αὐτίκα
1287 1388 1335 1434 δὲ
1365 1383 1439 1440 την
1464 1386 1542 1438 μὲν
1568 1385 1729 1439 μητέρα

287 1459 362 1498 τοῦ
397 1457 577 1510 μεγάλου
619 1457 860 1507 δομεστίκου
905 1453 979 1494 καί
1009 1450 1276 1506 Ἀνδρόνικον
1315 1449 1389 1492 τὸν
1424 1448 1519 1498 υἱὸν
1557 1452 1628 1491 καί
1652 1447 1728 1503 τὴν

281 1525 462 1575 γυναῖκα
502 1522 735 1562 Ματθαίου
773 1522 850 1561 τοῦ
888 1521 1052 1571 πρώτου
1079 1520 1162 1558 τῶν
1191 1515 1308 1568 υἱῶν,
1334 1517 1378 1557 ἐν
1406 1517 1623 1572 Βυζαντίῳ
1652 1511 1783 1561 οῧ-αο,

288 1602 366 1627 σαν
398 1583 470 1627 καὶ
497 1583 638 1638 αὖτὴν,
670 1583 864 1639 φρουράν
891 1581 1219 1637 περιστήσαντες,
1252 1578 1485 1636 ἐφύλαττον
1516 1578 1620 1621 οἴκοι
1637 1580 1729 1622 δια-

287 1651 516 1705 τρίβοντας.
568 1647 827 1690 Ἀπόκαυκον
857 1650 903 1689 δὲ
931 1646 1004 1688 τόν
1031 1643 1400 1701 παρακοιμώμενον
1430 1642 1613 1701 ἄρχοντα
1639 1649 1729 1687 Βυ-

292 1716 457 1765 ζαντίου
500 1711 784 1764 ἀποδείξαντες
804 1746 817 1768 ,
855 1714 1042 1755 ἐκέλευον
1076 1710 1151 1754 τὸν
1178 1709 1358 1766 πόλεμον
1383 1717 1522 1764 κινεῖν,
1551 1706 1650 1753 ὅθεν
1678 1705 1728 1752 ἂν

389 1803 445 1837 23.
472 1801 645 1838 ἐκέλευεν
670 1803 711 1839 Ρ.

289 1883 474 1925 peresset,
523 1883 817 1923 prospecturum3
860 1878 945 1910 dum
979 1889 1052 1911 non
1086 1878 1229 1918 solum,
1276 1879 1339 1923 qui
1380 1879 1449 1922 ipsi
1483 1888 1563 1911 cum
1603 1876 1731 1911 eodem

289 1927 507 1968 imperatore
540 1925 612 1957 suit
651 1935 750 1957 amor
785 1930 932 1956 mutuus
971 1925 1074 1969 isque
1099 1925 1145 1957 ob
1173 1924 1423 1956 excellentiam
1446 1924 1506 1958 vix
1529 1922 1730 1963 credibilis,

290 1971 354 2003 sed
399 1977 559 2004 nostrum
606 1981 751 2016 quoque
791 1971 830 2002 in
874 1971 989 2014 ipsum
1029 1980 1187 2003 amorem
1222 1975 1436 2013 reputarem.
1511 1968 1607 2013 Quia
1643 1979 1727 2003 vero

289 2027 363 2050 non
399 2017 468 2048 nisi
506 2018 582 2051 Deo
619 2018 877 2060 permittente,
920 2021 960 2048 ut
992 2017 1139 2048 Romani
1185 2015 1357 2049 videlicet
1397 2014 1505 2048 bellis
1544 2016 1728 2056 intestinis

291 2064 389 2095 iuter
429 2074 466 2095 se
512 2069 702 2103 mactent,
747 2068 821 2095 tam
861 2060 1032 2101 nefandas
1074 2062 1307 2105 cogitationes
1349 2062 1532 2104 suscepit,
1581 2066 1618 2094 et
1652 2066 1725 2095 tam

290 2109 465 2141 scelerata
492 2115 528 2142 et
553 2109 740 2151 tyrannica
764 2108 835 2140 sibi
864 2109 1074 2151 proposuit3
1109 2108 1213 2139 illum
1246 2108 1399 2140 caeleste
1435 2118 1570 2141 numen
1605 2109 1726 2145 omnia

290 2165 309 2198 e
341 2155 488 2187 sublimi
525 2156 697 2194 intuens,
740 2159 780 2187 ut
818 2151 1073 2186 insidiatorem
1115 2153 1252 2186 iudicet
1297 2158 1333 2186 et
1375 2165 1440 2198 pro
1472 2152 1624 2187 talibus
1659 2164 1725 2193 aur

297 2201 346 2234 s-is
381 2201 523 2244 dignam
555 2200 755 2240 mercedem
796 2198 983 2233 retribuat.
1046 2200 1120 2244 Ego
1157 2210 1213 2233 me
1241 2201 1355 2243 ipsam
1386 2199 1595 2246 liberosque
1629 2210 1726 2238 meos

288 2249 487 2280 secundum
517 2247 634 2279 Deum
665 2246 767 2281 vobis
802 2245 1046 2288 commendos
1082 2257 1154 2291 quo
1188 2251 1280 2279 teste
1309 2246 1429 2279 omnia
1459 2258 1523 2292 pro
1557 2245 1663 2278 nobis
1689 2251 1726 2280 et

289 2294 442 2337 cogitate
466 2297 503 2325 et
527 2294 658 2333 facite,
685 2294 748 2336 qui
777 2304 847 2338 quo
884 2296 987 2334 pacto
1021 2302 1081 2325 vos
1106 2302 1163 2324 me
1187 2297 1224 2324 et
1258 2293 1351 2325 filios
1387 2303 1485 2325 meos
1509 2291 1724 2332 habueritis,

290 2339 416 2372 eodem
447 2345 553 2384 pacto
587 2349 647 2379 vos
680 2339 895 2373 tractaverit.
945 2338 1042 2371 Haec
1065 2338 1127 2371 illa
1154 2338 1335 2372 uberrimo
1360 2349 1441 2371 cum
1465 2337 1553 2371 fletu
1582 2338 1723 2379 elocuta

290 2391 368 2426 est,
405 2386 570 2429 ignorans
597 2385 747 2426 misera„
789 2396 860 2430 quo
886 2385 1060 2417 malorum
1092 2395 1112 2416 a
1138 2383 1367 2428 sycophantis
1395 2390 1432 2418 et
1454 2385 1723 2425 calumniatori-

288 2431 356 2463 hus
395 2432 473 2464 istis
498 2431 738 2475 redigeretur3
771 2431 834 2476 qui
868 2441 954 2474 prae
991 2431 1179 2473 voluptate
1212 2430 1350 2463 diutius
1386 2441 1460 2464 non
1484 2442 1521 2463 se
1545 2434 1722 2471 tenentes,

290 2476 352 2509 sed
387 2483 428 2510 ut
454 2480 607 2521 primum
642 2477 749 2510 licuit
771 2480 1024 2520 exsurgentes,
1051 2475 1096 2508 ad
1122 2476 1315 2520 populares
1341 2477 1617 2521 conspirationis
1641 2487 1722 2508 om-

288 2522 350 2555 nia
383 2524 578 2566 perferunt.
633 2525 716 2556 Non
749 2522 1079 2568 procrastinandum
1097 2546 1107 2562 ‚
1145 2522 1209 2555 sed
1231 2522 1369 2556 bellum
1393 2534 1413 2556 a
1437 2523 1722 2567 proximo-com·-

288 2569 491 2613 parandum‘
523 2569 745 2608 decernunt:
774 2580 820 2602 ne
859 2568 946 2614 quid
978 2569 1222 2601 interveniens
1247 2571 1402 2613 cogitata
1427 2568 1588 2615 dissipet.
1636 2568 1721 2601 Mox

287 2615 405 2658 magni
433 2615 620 2648 domestici
646 2621 792 2651 matrem
823 2625 902 2647 cum
928 2614 1129 2647 Andronico
1158 2620 1291 2658 nepote
1317 2620 1354 2647 et
1375 2625 1521 2651 uxorem
1545 2611 1721 2646 Matthaei

288 2662 430 2704 nepotis
456 2662 627 2699 senioris,
656 2672 748 2706 quae
775 2667 811 2694 et
835 2661 911 2704 ipsu
936 2665 1010 2692 tum
1040 2666 1116 2693 erat
1142 2661 1314 2704 Byzantii,
1341 2661 1567 2694 circumiecta
1592 2659 1716 2697 domui

287 2706 465 2747 custodia,
491 2707 643 2741 inclusas
681 2708 866 2748 detincnt3
899 2706 1149 2750 Apocauchum
1181 2707 1262 2740 urbi
1296 2707 1532 2751 praeficiunt,
1570 2705 1719 2746 bellum,

289 2751 383 2801 unde
409 2754 605 2801 consultius
616 2760 737 2799 putet,
775 2754 953 2798 auspicari
976 2752 1120 2799 iubentj
1147 2754 1244 2799 quod
1269 2754 1380 2797 ctiam>
1402 2758 1484 2787 ante
1509 2751 1604 2796 (lieni
1640 2763 1717 2797 V¹¹.¹.:
