1800 3146
245 151 357 218 480
776 168 1147 212 CANTACUZENI

49 281 230 325 A,c,1344
244 267 319 322 τήν
353 269 432 320 μὲν
471 267 705 321 ἐγκειμένην
741 270 1030 323 μεγαλαυχίαν
1074 270 1147 310 καί
1185 267 1258 311 τόν
1285 271 1420 325 τῦφον
1447 270 1682 322 θαυμάζειν

120 347 155 381 Ρ.
168 332 427 386 62ομάλιστα
458 334 642 387 ἐπῆλθε·
708 331 818 374 πάνυ
845 332 926 389 γάρ
960 332 1203 389 ἆνάρμοστα
1230 335 1283 390 τῇ
1308 332 1448 392 ἡλικία
1475 332 1688 391 πράττεις.

178 407 180 410 ’
244 401 337 441 δέον
374 397 451 453 γὰρ
482 396 554 439 διά
582 396 629 439 τὸ
654 400 786 453 γῆρας
813 401 887 441 τοῦ
918 397 1178 454 τολμήματος
1203 400 1278 441 καί
1303 402 1376 454 τῆς
1412 400 1472 448 εἰς
1495 399 1569 449 τοὶς
1604 400 1697 453 ploi-¹

242 482 324 519 χας
360 462 572 518 εὐψυχίας
610 463 804 519 ὑφιέναι,
851 462 903 506 σύ
946 466 982 506 δ’
1023 467 1068 507 ἐν
1096 462 1177 522 ἥβῃ
1206 466 1284 518 μὲν
1305 460 1421 519 ἦσθα
1463 463 1691 520 δειλότερος

244 528 379 584 λαγώ,
419 528 511 572 νυνί
562 530 601 570 δ’
629 530 673 571 ἑν
712 533 843 583 βαθεῖ
873 529 978 588 γήρα
1018 531 1131 572 συῶν
1185 531 1379 584 οὐδαμῶς
1422 526 1714 586 ἇμβλυτέρανό

245 594 357 650 ἔχεις
398 594 470 648 τήν
512 592 660 649 ὃρμήν.
713 596 753 636 εἰ
777 593 835 650 μή
863 598 984 636 τοῦτο
1024 594 1173 651 φαίης,
1219 593 1275 645 ὥς
1302 598 1391 645 νέος
1434 594 1694 651 στρατιώτης

247 658 335 714 ὦν,
375 656 514 714 ὥσπερ
557 660 689 714 εἰκὸς,
730 659 884 716 ἐκτήσω
922 662 996 702 καί
1025 665 1116 702 νέον
1155 663 1306 716 τῦφον.
1374 662 1449 716 τῆς
1493 662 1696 715 ἀληθείας

249 728 296 769 δέ
345 742 393 768 σε
434 728 508 768 καί
542 725 651 768 πάνυ
692 727 858 768 ἐπαινῶ.
915 726 985 768 del
1019 726 1100 782 γάρ
1139 726 1302 777 εἰωθώς
1340 725 1456 780 παρὰ
1495 725 1568 768 τὸν
1604 724 1697 779 βίον

248 791 597 846 καταψεύδεσθαι
634 791 707 833 καί
745 792 1005 846 αὕτοψεῦδος
1044 788 1125 845 ὢν,
1163 793 1236 834 νῦν
1272 808 1325 845 με
1361 789 1542 844 μάλιστα
1590 792 1699 832 εἰδέ-

248 875 318 901 ναι
356 873 403 899 σε
443 855 597 909 εἰπών,
633 855 742 899 πάνυ
779 856 960 911 μάλιστα
1004 859 1194 914 ἐφθέγξω
1238 858 1431 911 τάληθές.
1491 853 1585 898 οἶδα
1616 854 1755 912 γάριο

250 924 413 980 σαφῶς,
445 925 489 974 ἐξ
522 922 613 972 οἵας
649 924 781 978 τύχης
809 923 1061 978 ἀνειλόμην,
1101 924 1175 964 καί
1211 922 1269 972 ὥς
1293 923 1451 977 η’ξίωσα
1480 920 1698 975 μειζόνων,

251 985 279 1045 ἢ
306 991 504 1044 προσῆκε.
559 991 768 1042 βασιλέως
807 990 852 1031 δὲ
879 987 949 1030 διὰ
979 987 1052 1044 τήν
1080 991 1324 1044 προσοῦσαν
1356 989 1599 1042 μοχθηρίαν
1627 985 1700 1028 καὶ

221 1057 341 1101 Βτῶν
390 1052 554 1110 τρόπων
601 1053 677 1109 τήν
719 1052 964 1111 φαυλότητα
1032 1055 1298 1110 δεσμωτηρίῳ
1353 1054 1701 1101 κατακλείσαντος

254 1119 361 1177 πρὸς
390 1117 540 1176 ὄργήν,
585 1120 710 1168 αὐτὸς
753 1117 950 1174 ἐξήγαγον
978 1117 1341 1175 παραιτησάμενος
1377 1119 1451 1159 καί
1492 1115 1597 1172 πρὸς
1624 1114 1702 1171 τήν

256 1189 463 1243 προτέραν
491 1184 622 1240 τύχην
650 1184 923 1240 ἐπανήγαγον.
978 1186 1050 1226 καὶ
1077 1187 1128 1226 ου’
1126 1202 1157 1238 χ
1185 1182 1323 1238 ἅπαξ,
1351 1180 1456 1226 ἄλλα
1495 1185 1568 1225 καί
1602 1181 1758 1224 πολ-15

259 1252 375 1302 λάκις
402 1249 575 1307 ’ὕστερον
608 1253 866 1305 βουλομένου
907 1253 985 1293 τοῦ
1015 1252 1220 1304 βασιλέως
1255 1252 1329 1304 τῆς
1356 1252 1554 1306 πονηρίας
1582 1245 1705 1289 κολά-

263 1321 414 1370 ζεσθαι
452 1318 600 1368 ἀξίως,
643 1314 771 1364 αΰτὸς
810 1313 1082 1373 παρῃτούμην
1124 1313 1305 1357 διαλύων
1347 1313 1424 1369 τήν
1454 1311 1580 1368 ὀργήν
1634 1314 1707 1354 καὶ

263 1384 423 1425 πολλῶν
451 1381 522 1423 καί
547 1381 739 1435 μεγάλων
775 1382 919 1436 ἠξίουν
959 1382 1145 1434 ἀγαθῶν.
1202 1382 1276 1421 καί
1305 1378 1502 1428 πολλάκις
1530 1378 1607 1419 καί.
1626 1382 1707 1432 βα-

264 1450 412 1497 σιλέως
454 1448 686 1502 περιόντος,
725 1445 798 1487 καί
837 1444 945 1499 μετὰ
985 1444 1056 1500 τήν
1083 1443 1279 1499 τελευτήν
1306 1443 1705 1499 προσκεκρουκότος,

265 1509 325 1556 ὧν
354 1511 453 1554 οῦδὲ
493 1514 539 1555 σὲ
585 1510 724 1565 οἴομαι
763 1512 1059 1566 ἐπιλελῆσθαι,
1099 1508 1251 1552 οὐδένα
1281 1511 1362 1551 τῶν
1389 1506 1762 1566 προσκρούσεωναό

264 1579 386 1633 λόγον
414 1575 668 1632 ἐποιούμην,
701 1573 788 1619 οἷόν
829 1593 911 1619 τινι
945 1575 1035 1633 ζώῳ
1070 1578 1151 1617 τῶν
1180 1572 1461 1631 ἀχθοφόρων,
1500 1572 1605 1630 πρὸς
1631 1575 1710 1626 μὲν

266 1643 314 1686 τὸ
346 1645 607 1699 ἆχθοφορεῖν
639 1644 892 1697 κεχρημένος
920 1641 1073 1695 μόνον,
1101 1642 1184 1684 τῶν
1213 1643 1251 1682 δ’
1269 1637 1406 1682 ἄλλων
1443 1638 1487 1681 εἴ
1509 1657 1549 1681 τι
1579 1637 1713 1694 πρόσ-

233 1719 362 1753 (Σεστι
406 1709 659 1764 δυστροπιάς
699 1705 879 1761 ἀμελῶν.
929 1703 995 1749 ὅτι
1028 1708 1073 1748 δὲ
1106 1709 1165 1757 εἷς
1193 1708 1393 1748 τοσοῦτον
1421 1704 1589 1758 ἔμελλες
1616 1705 1712 1746 α’το-

366 1811 399 1847 5.
424 1801 579 1846 ου’δενὸς
601 1809 676 1843 τῶν
698 1808 740 1844 ἐν
765 1808 888 1853 ἡλικία
912 1807 1039 1845 δοκεῖς
1062 1808 1098 1845 Ρ.
1122 1818 1188 1853 pro
1221 1807 1322 1842 συῶν
1340 1805 1523 1853 οὐδαμῶς.

275 1890 409 1925 litteris
437 1889 674 1923 huiusmodi:
710 1889 798 1933 Legi
823 1899 916 1934 quae
942 1886 1135 1932 scripsisti,
1159 1886 1341 1932 praefecte
1365 1885 1546 1925 cubiculi,
1571 1888 1608 1918 et
1632 1883 1715 1917 elu-

278 1942 418 1971 centem
457 1947 501 1969 cx
534 1937 580 1968 iis
626 1936 905 1969 ostentationem
952 1933 1338 1980 atquearrogantiam
1368 1938 1466 1966 tuam
1497 1941 1716 1976 magnopere

278 1984 473 2016 admiratus
499 1994 593 2016 sum:
618 1982 723 2016 valde
749 1982 842 2015 enim
869 1987 1027 2015 aetatem
1050 1986 1148 2013 tuam
1174 1980 1378 2016 dedecoras,
1405 1979 1508 2016 Nam,
1527 1982 1568 2009 ut
1593 1987 1717 2018 senex,

280 2031 325 2064 de
353 2031 504 2063 audacia
531 2029 715 2074 pugnandi
753 2033 789 2061 et
813 2028 1002 2072 spiritibus
1037 2026 1195 2061 debebas
1221 2026 1416 2059 remittere.
1463 2026 1520 2058 Tu
1545 2034 1630 2058 vero
1654 2024 1718 2056 iu-

279 2078 380 2110 venis
416 2075 577 2109 timidior
618 2076 761 2120 lepore,
798 2086 894 2108 nunc
920 2075 998 2108 aevi
1042 2080 1201 2108 maturus
1225 2072 1326 2107 velut
1360 2082 1446 2116 aper
1479 2071 1640 2103 furentes
1675 2080 1718 2103 ac

279 2123 458 2157 violentos
482 2122 594 2155 habes
621 2123 791 2165 impetus.
847 2122 926 2154 Nisi
953 2121 1023 2154 hoc
1047 2120 1168 2160 dicas,
1194 2125 1231 2153 te
1268 2119 1436 2151 iuvenem
1469 2117 1623 2150 militem
1659 2121 1719 2150 et·-

281 2171 353 2203 iam
389 2170 566 2209 iuvenili,
601 2174 642 2201 ut
682 2168 941 2207 conveniebat,
980 2168 1077 2202 fastu
1103 2171 1139 2199 et
1163 2164 1382 2198 confidentia
1416 2164 1539 2197 fuisse.
1598 2163 1718 2196 Macte

279 2217 418 2250 virtute
453 2216 499 2248 ob
536 2215 734 2248 veritatem.
783 2214 927 2247 Etenim
956 2224 1036 2247 cum
1061 2218 1138 2245 tota
1163 2213 1238 2244 vita
1262 2211 1408 2244 mentiri
1432 2210 1657 2243 consueveris
1682 2213 1721 2241 et

285 2264 333 2296 sis
359 2268 545 2295 concretus
575 2272 619 2294 ex
641 2260 853 2301 mendacio,
882 2271 998 2301 nunc,
1036 2270 1115 2293 cum
1142 2257 1267 2291 dixisti
1295 2269 1350 2291 me
1374 2267 1480 2291 nosse
1505 2256 1569 2302 qui
1594 2261 1634 2289 tu
1658 2255 1720 2295 sis,

282 2310 473 2342 veritatem
498 2313 569 2342 tam
597 2308 692 2341 clare
720 2307 881 2341 elocutus
907 2318 967 2346 es,
992 2310 1034 2338 ut
1059 2305 1154 2338 nihil
1177 2315 1294 2348 supra.
1345 2304 1426 2337 Scio
1451 2304 1547 2337 enim
1572 2301 1720 2347 optime,

285 2366 330 2388 ex
354 2356 454 2400 quali
478 2360 512 2388 te
537 2354 747 2388 conditione
776 2353 980 2392 extulerim,
1017 2356 1054 2385 et
1079 2350 1177 2396 quod
1200 2352 1336 2384 maiora
1358 2351 1485 2390 multo,
1510 2360 1619 2394 quam
1655 2348 1722 2382 de-

286 2403 374 2441 cuit,
402 2404 440 2435 in
476 2406 512 2434 te
548 2401 677 2440 merita
712 2401 939 2434 contulerim.
997 2397 1086 2431 Cum
1119 2409 1202 2431 vero
1227 2399 1421 2441 imperator
1447 2396 1494 2428 ob
1518 2395 1725 2440 nequitiam

285 2451 386 2480 tuam
425 2454 461 2481 et
484 2459 599 2481 mores
633 2448 783 2481 vitiosos
810 2446 848 2480 in
883 2455 1058 2479 carcerem
1085 2449 1121 2477 te
1143 2444 1256 2477 iratus
1293 2443 1550 2481 conclusisset,
1587 2451 1651 2486 ego
1683 2445 1722 2473 te

287 2493 394 2526 venia
428 2494 619 2538 impetrata
657 2494 773 2526 exemi
808 2498 845 2526 et
881 2493 918 2525 iu
943 2490 1097 2536 pristina
1134 2490 1280 2524 fortuna
1306 2489 1498 2523 collocavi:
1523 2498 1589 2521 nec
1611 2486 1725 2520 semel.

288 2545 438 2584 postea,
477 2541 541 2573 sed
579 2541 813 2584 frequenter,
850 2549 930 2571 cum
964 2537 1028 2570 ille
1063 2537 1186 2570 debita
1218 2536 1414 2571 sceleribus
1447 2536 1520 2568 tuis
1544 2533 1724 2578 supplicia

288 2587 443 2629 irrogare
477 2587 608 2626 vellet,
636 2597 701 2631 ego
726 2586 814 2625 illa,
839 2585 916 2618 eius
941 2584 992 2617 ira
1020 2584 1229 2628 mitigata,a
1255 2584 1371 2628 capite
1391 2588 1454 2615 tuo
1479 2582 1591 2613 averti
1615 2586 1725 2625 teque

291 2631 536 2674 compluribus
571 2643 638 2665 nec
672 2631 879 2677 vulgaribus
914 2631 1133 2665 ornamentis
1165 2631 1258 2663 auxi.
1322 2630 1365 2662 Et
1403 2639 1482 2661 cum
1522 2637 1578 2659 me
1614 2628 1726 2659 toties

292 2677 504 2716 offenderes,
519 2680 735 2722 imperatore
759 2680 840 2712 vivo
867 2682 975 2723 atquc
991 2682 1147 2716 mortuo,
1160 2675 1357 2722 (quodnec
1375 2680 1416 2714 ,te
1438 2674 1591 2708 oblitum
1606 2671 1725 2717 puto,)

294 2734 417 2758 omnes
443 2725 656 2758 offensiones
687 2725 790 2758 flocci
814 2723 949 2769 pendi,
976 2727 1013 2756 et
1046 2723 1139 2756 sicut
1167 2723 1314 2756 animali
1340 2721 1524 2754 dossuario
1545 2718 1591 2752 ad
1615 2727 1725 2754 onera

294 2774 435 2805 tantum
458 2770 636 2814 portanda
660 2778 695 2806 te
721 2782 827 2813 usus,
853 2771 891 2804 in
916 2769 1092 2815 reliquis,
1124 2771 1156 2802 si
1180 2769 1271 2815 quid
1294 2765 1538 2814 perversitatis
1571 2763 1725 2799 adhibe·
