1800 3138
288 171 314 205 2
332 171 349 205 1
361 170 394 204 0
785 167 1153 210 CANTACUZENI

89 276 367 322 A.C.1342r10v
411 265 619 322 ἀφίκοντο.
684 268 870 319 βασιλίδι
912 282 956 309 τε
991 265 1300 321 συγγενόμενοι,
1341 265 1414 308 καὶ
1449 265 1710 325 πατριάρχου

282 336 354 375 καί
370 335 451 374 τῶν
468 335 564 387 περὶ
580 327 707 373 αὐτὸν
726 334 971 384 συνωμοτῶν
989 331 1214 386 παρόντων,
1242 330 1410 387 ,,ἧμεῖς”
1427 329 1590 387 ἔφασαν
1606 331 1710 387 ,,τήν

282 398 575 451 κατασχοῦσαν
595 396 827 449 Ῥωμαίους
855 396 1028 452 ὁρῶντες
1054 395 1299 452 συμφορὰν,
1330 395 1445 438 δεινὰ
1473 399 1549 449 μὲν
1577 395 1709 453 ᾠόμε-

282 466 342 504 θα
379 461 431 503 τὰ
460 459 715 515 πραττόμενα
751 461 824 502 καί
866 463 972 516 πέρα
994 463 1150 502 δεινῶν.
1206 461 1327 503 ου’δὲν
1364 463 1410 503 δὲ
1442 463 1564 503 πλέον
1606 459 1709 515 πρὸς

284 528 524 582 ἐπικουρίαν
563 524 634 566 καί
665 524 905 580 ἀποτροπήν
942 528 1024 567 τῶν
1054 527 1199 568 δεινῶν
1230 525 1451 578 δυνάμενοι
1479 522 1738 579 συμβάλλε-ὄ

285 596 402 645 σθαι,
430 593 511 633 τῶν
539 585 672 632 ἄλλων
701 587 1002 646 ἀμελήσαντες,
1030 591 1133 644 ὑπὲρ
1166 593 1249 631 τῶν
1276 592 1388 648 κοινῇ
1416 589 1714 646 συμφερόντων

245 655 490 710 Βέδεόμεθα
519 658 643 707 θεοῦ,
674 656 747 696 τοῦ
772 653 900 708 μόνου
930 656 1082 709 στῆσαι
1119 656 1352 707 δυναμένου
1380 654 1452 704 τὰς
1478 656 1714 711 προσδοκω-

284 724 410 774 μένας
447 720 682 776 συμφοροίς.
739 721 830 762 νυνί
859 722 905 761 δὲ
936 718 982 760 τό
1013 717 1223 773 διεστηκός
1252 722 1333 760 τῶν
1356 719 1572 771 Ῥωμαίων
1601 718 1713 762 ἰδόν-

285 803 351 835 τες
375 789 500 841 μέρος
529 783 717 838 οἷσμένως
742 787 910 839 χωροῦν
937 782 1040 839 πρὸς
1068 782 1142 838 τήν
1172 783 1336 839 εἰρήνην
1363 785 1435 827 καί
1455 783 1636 839 μάλιστα
1669 783 1714 827 ὅ·

287 867 363 904 περ
392 849 561 906 δόκησιν
589 856 764 905 παρεῖχε
792 849 866 904 την
895 850 1034 891 αἰτίαν
1063 852 1359 908 παρασχέσθαι
1385 852 1459 906 τῆς
1486 853 1694 906 διαφορᾶς
1703 866 1772 903 ‚m

286 919 360 958 καί
375 920 466 974 θεῷ
491 919 549 973 τῷ
570 919 643 970 τῆς
672 914 836 970 εἰρήνης
850 916 1014 971 χορηγῷ
1034 913 1188 963 πολλάς
1200 914 1380 971 χάριτας
1395 915 1719 972 ὁμολογήσαντες

287 981 359 1023 καί
376 983 507 1037 γῆρας
524 983 595 1023 καί
610 979 848 1035 σωματικὴν
867 982 1086 1022 α’σθένειαν
1105 979 1176 1022 καὶ
1191 979 1288 1030 τούς
1301 980 1401 1037 πρὸς
1413 982 1489 1037 τὴν
1509 981 1720 1037 ὁδοιπορί-

289 1063 340 1088 αν
367 1045 521 1096 πόνους
542 1047 797 1102 παριδόντες,
827 1041 977 1099 ἥκομεν
1005 1045 1246 1101 δεησόμενοι
1274 1050 1346 1089 καί
1370 1047 1504 1102 ὑμῶν,
1519 1050 1719 1102 δέχεσθαι

286 1110 359 1166 τήν
386 1109 551 1165 εἰρήνην
592 1113 664 1152 καί
698 1109 756 1165 μή
786 1108 856 1152 διὰ
889 1110 1143 1166 φιλονεικίαν
1171 1110 1246 1166 τήν
1266 1112 1482 1166 Ῥωμαίων
1501 1114 1720 1169 ἡγεμονίαν

287 1178 360 1218 νῦν
387 1191 432 1216 τε
461 1177 816 1231 διαφθειρομένην
842 1177 1040 1231 περιορᾷν
1057 1178 1130 1217 καί
1156 1174 1217 1217 ἔτι
1248 1176 1459 1232 δεινότερα
1487 1179 1774 1234 προσδοκω-ιό

288 1242 418 1295 μένην
451 1236 654 1293 πάσχειν,
697 1236 751 1281 ἂν
785 1238 844 1294 μὴ
874 1242 1034 1293 ταχέως
1066 1239 1089 1281 ὅ
1119 1238 1295 1294 πόλεμος
1324 1247 1550 1301 καταλυθῇ.
1605 1241 1719 1287 ἔλεον

292 1302 368 1346 οὖν
404 1304 477 1346 καί
513 1305 636 1345 αὐτοὶ
673 1301 867 1356 λαβόντες
905 1306 987 1346 τῶν
1031 1304 1235 1362 ὁσημέραι
1272 1310 1481 1361 χεομένων
1526 1308 1718 1362 αἱμάτων

292 1369 364 1411 καί
389 1371 470 1411 τῶν
497 1370 792 1424 δεσμωτηρίοις
820 1372 1102 1422 κατεχομένων
1128 1372 1201 1412 καί
1224 1374 1306 1414 τῶν
1331 1374 1616 1426 ἐλαυνομένων
1650 1375 1722 1415 καί

250 1433 494 1489 ῦοῖνήκεστα
530 1433 774 1486 πασχόντων
813 1434 1070 1489 ἀνθρώπων,
1105 1437 1318 1492 κυρώσατε
1355 1436 1430 1493 τήν
1458 1437 1623 1493 εἰρήνην
1650 1438 1723 1480 καὶ

291 1501 374 1541 τῶν
402 1501 561 1540 πολλῶν
604 1500 676 1538 καί
714 1502 908 1551 χαλεπῶν
945 1498 1143 1542 κινδύνων
1184 1498 1444 1552 ἄπαλλάξατε
1467 1504 1774 1557 Ῥωμαιόυςρο

296 1563 353 1612 ὥς
395 1559 444 1606 ἂν
480 1561 577 1612 θεός
616 1579 659 1603 τε
697 1561 717 1604 ὃ
755 1565 828 1617 τῆς
855 1563 1015 1618 εἰρήνης
1042 1565 1220 1620 χορηγός
1246 1568 1433 1624 δοξασθῇ
1461 1571 1534 1610 καί
1557 1571 1722 1621 βασιλίς

293 1645 335 1671 τε
374 1629 445 1669 καί
478 1626 738 1682 πατριάρχης
775 1627 848 1670 καί
880 1627 999 1681 ὑμεῖς
1026 1627 1051 1684 ἦ
1078 1630 1300 1686 σύγκλητος
1336 1630 1387 1672 οῦ
1417 1633 1531 1687 παρὰ
1561 1633 1723 1677 πάντων

292 1691 419 1747 μόνον
441 1693 683 1744 Ῥωμαίων,
732 1692 836 1733 α’λλά
869 1694 941 1734 καί
967 1694 1083 1748 ἡμῶν
1119 1697 1202 1737 τῶν
1227 1699 1429 1739 ταπεινῶν
1459 1698 1576 1748 α’ξίας
1605 1701 1722 1752 κομί-

296 1760 422 1812 ζησθε
462 1758 729 1811 εὐχαριστίας
756 1758 830 1811 τῆς
857 1760 1097 1814 προθυμίας
1123 1762 1194 1814 τῆς
1220 1764 1316 1816 περὶ
1340 1760 1390 1803 τοὶ
1423 1761 1528 1804 καλὰ
1553 1762 1627 1806 καὶ
1649 1765 1722 1819 τῆς

298 1916 475 1957 triarcha,
514 1916 710 1950 coniuratis
747 1918 832 1950 item
871 1919 1121 1962 praesentibus
1151 1922 1352 1964 congressi,
1393 1924 1443 1957 ita
1480 1925 1592 1959 locuti
1625 1929 1721 1958 sunt.

297 1965 388 1996 Cum
417 1973 637 1996 cerneremus
665 1964 926 2005 calamitatem,
959 1976 1052 2010 quae
1086 1967 1257 2000 Romanos
1290 1971 1494 2013 oppressit,
1531 1971 1598 2004 etsi
1625 1971 1723 2016 qnod

301 2010 470 2052 agebatur
498 2008 683 2041 infandum
710 2008 925 2053 apparebat,
965 2016 1085 2046 tamen
1109 2013 1196 2057 ‘quia
1228 2014 1273 2046 ad
1299 2021 1428 2049 tantam
1453 2019 1523 2050 vim
1549 2018 1632 2050 mali
1657 2016 1722 2050 de-

299 2054 504 2099 pellendam
529 2054 623 2086 nihil
647 2055 774 2088 auxilii
797 2057 921 2088 afferre
944 2063 1170 2100 poteramus,
1198 2060 1347 2106 reliquis
1372 2063 1610 2106 posthabitis,
1634 2065 1724 2104 Deo,

301 2101 365 2145 qui
390 2101 484 2133 solus
510 2099 756 2142 impendentes
779 2111 966 2134 aerumnas
991 2108 1099 2148 atque
1125 2105 1284 2139 miserias
1317 2118 1548 2143 averruncare
1582 2115 1724 2154 potest,

301 2156 523 2179 communem
566 2146 714 2178 salutem
750 2147 1110 2194 incolumitatemque
1155 2152 1332 2195 supplices
1380 2156 1723 2190 commendabamus.

300 2192 404 2225 Nunc
427 2191 512 2237 quia
538 2193 787 2234 cognovimus,
823 2200 1037 2238 segregatam
1070 2198 1304 2229 Romanorum
1328 2206 1462 2243 partem
1479 2227 1489 2242 ,
1525 2213 1617 2248 quae
1641 2203 1725 2247 opi-

301 2240 447 2271 nionem
479 2236 674 2281 praebebat
708 2237 858 2270 maxime
887 2240 1021 2285 incepti
1051 2240 1159 2275 huius
1186 2242 1350 2285 dissidii,
1382 2248 1477 2291 pacis
1510 2255 1588 2282 esse
1621 2249 1725 2293 cupi-

303 2283 406 2323 dam,
433 2283 507 2315 Deo
531 2283 626 2326 pacis
653 2283 810 2326 largitori
837 2284 1054 2320 immortales
1078 2289 1208 2331 gratias
1233 2291 1389 2333 egimus,
1425 2294 1598 2340 nullaque
1623 2303 1734 2328 senei

304 2331 412 2361 ctutis
437 2334 474 2361 et
495 2327 754 2361 imbecillitatis
778 2340 819 2361 ac
849 2330 1011 2364 laborum
1039 2333 1180 2367 itineris
1203 2337 1342 2368 ratione
1367 2337 1494 2380 ducta,
1520 2346 1556 2374 et
1579 2351 1641 2374 vos
1665 2351 1725 2374 ro-

306 2375 420 2419 gaturi
447 2374 675 2414 advenimus,
699 2379 739 2407 ut
758 2385 879 2419 pacem
898 2378 1206 2421 complectamini:
1230 2391 1275 2413 ne
1304 2383 1350 2415 ob
1375 2384 1570 2420 discordias
1592 2391 1725 2420 vestras

308 2426 346 2453 et
368 2430 465 2452 nuuc
489 2421 665 2452 laceretur
682 2421 876 2454 Romanum
900 2423 1088 2466 imperium
1107 2429 1145 2457 et
1167 2426 1236 2458 nisi
1257 2429 1373 2471 primo
1398 2443 1543 2477 quoque
1563 2438 1724 2477 tempore

308 2466 445 2500 bellum
470 2465 696 2506 inhibeatur,
729 2469 903 2500 atrociora
934 2469 1111 2502 formidet.
1161 2472 1400 2516 Quamobrem
1435 2482 1471 2510 et
1499 2488 1574 2519 vos,
1592 2479 1654 2523 qui
1685 2478 1725 2510 in

310 2511 387 2543 dies
413 2511 576 2545 funditur
593 2513 797 2555 sanguinem
829 2519 866 2546 et
890 2514 929 2545 in
952 2525 1127 2548 carcerem
1156 2525 1356 2563 compactos
1378 2527 1487 2568 atque
1511 2523 1548 2557 in
1576 2524 1724 2557 exilium

307 2557 485 2601 proiectos
532 2563 569 2590 et
594 2559 795 2591 saevissime
819 2559 1001 2592 afflictatus
1026 2562 1208 2603 miserati,
1243 2576 1366 2608 pacem
1392 2575 1500 2602 ratam
1534 2570 1723 2609 conficite,

309 2603 557 2646 Romanosque
590 2604 712 2636 multis
738 2614 779 2636 ac
802 2605 965 2638 nefandis
995 2606 1154 2640 cladibus
1180 2611 1343 2650 eximite,
1377 2618 1418 2646 ut
1444 2620 1480 2648 et
1506 2617 1603 2649 Deus
1626 2617 1724 2659 pacis

310 2647 462 2680 donator
486 2647 703 2688 celebretur,
736 2655 772 2682 et
796 2650 1000 2694 imperatrix
1024 2662 1064 2685 ac
1088 2655 1288 2697 patriarcha
1313 2664 1348 2691 rt
1371 2670 1432 2692 vos
1458 2667 1599 2694 senatus
1615 2686 1624 2700 ,
1651 2671 1725 2695 non

311 2703 332 2723 a
357 2694 528 2744 Romanis.
542 2694 647 2726 modo
674 2697 826 2738 passim,
859 2697 921 2729 sed
943 2698 1050 2731 etiam
1078 2711 1097 2731 a
1119 2700 1223 2734 nobis
1245 2702 1464 2747 humilibus,
1503 2713 1646 2752 propter
1671 2707 1725 2740 fa·

311 2738 484 2775 cilitatcm
518 2748 556 2773 ln
588 2740 693 2774 rebus
726 2741 885 2777 honestis
921 2749 958 2777 et
1000 2745 1275 2782 sollicitudinem
1310 2749 1493 2786 hominum
1529 2753 1728 2790 insontium«
