1800 3146
289 176 403 250 476
816 193 1184 241 CANTACUZEM

98 293 447 346 Α.Ο.ι343αὖτοὺς
474 293 546 336 καί
573 292 844 349 οἰκειότητος,
894 295 1183 348 βδελύξασθαί
1211 303 1253 336 τε
1292 293 1389 344 τούς
1426 295 1600 350 τρόπους
1645 296 1718 338 καὶ

287 359 362 416 τὴν
398 359 513 416 παρὰ
553 364 723 414 βασιλεῖ’
755 362 970 416 διατριβὴν
1006 359 1178 403 ἑλέσθαι
1213 361 1384 414 μᾶλλον.
1442 359 1638 414 βασιλεὺς
1667 362 1714 403 δὲ

289 423 479 478 ἀσμένως
511 442 555 467 τε
596 427 765 476 ἐδέξατο
794 426 867 468 καὶ
889 429 970 468 τῶν
997 442 1040 467 τε
1068 425 1199 479 λόγων
1229 426 1300 467 καί
1329 427 1401 480 τῆς
1434 428 1608 482 κρίσεως
1633 425 1715 480 χά-

288 506 356 547 ριν
383 490 605 545 ὡμολόγει·
661 494 733 533 καί
757 492 827 547 τῆς
852 494 911 541 εἰς
939 489 1067 533 αὐτὸν
1098 490 1260 540 εὐνοίας
1287 491 1451 534 καὶτοῦ
1477 507 1716 546 προσκεχω-

289 558 456 611 ρηκέναι
487 556 778 610 ἀμειβόμενος,
823 557 938 614 αὐτῷ
972 559 1051 608 μὲν
1081 555 1157 610 τήν
1187 553 1370 610 μεγάλου
1401 557 1742 612 στρατοπεδάρ-5

286 637 368 676 χου
411 625 633 678 παρείχετο
672 622 818 676 ἀξίαν,
860 629 943 671 τοῖς
973 618 1114 671 ἄλλοις
1146 623 1191 663 δὲ
1215 623 1297 663 τῶν
1316 623 1520 676 συγγενῶν
1558 618 1716 678 ἑκάστῳ

289 689 499 743 ἀναλόγως
530 690 604 730 καί
636 687 763 741 τιμάς
790 688 1008 742 παρείχετο
1042 686 1116 729 καί
1140 685 1373 743 προσόδους
1399 690 1600 743 ἐτησίους.
1657 683 1718 728 εἶ-

288 771 342 796 τα
382 752 460 796 σύν
506 756 644 812 ἐκείνῳ
674 755 732 803 εἰς
768 755 1020 809 Τηρίστασιν
1049 751 1210 804 ἐλθών,
1240 753 1397 808 ἐκείνην
1425 770 1468 796 τε
1500 751 1716 808 παρελάμ-

287 824 412 874 βανεν
456 820 612 861 ἐκείνου
656 817 979 874 παραδιδόντος,
1025 820 1097 860 καί
1134 817 1187 859 τοὶ
1227 819 1325 874 περὶ
1366 818 1497 873 αὐτὴν
1524 820 1716 873 πολίχνια

287 884 361 926 καί
400 884 451 926 τὰ
491 883 678 940 φρούρια
705 882 1014 940 προσεχώρουν.
1053 886 1365 933 Καλλιούπολις
1392 886 1438 925 δὲ
1465 883 1538 926 καὶ
1555 880 1714 938 Ἐξαμιί
1725 904 1772 930 ιο

288 955 377 992 λιον
416 951 606 1004 ἀντεῖχον
644 950 716 992 καί
741 953 877 993 πᾶσαν
905 953 991 993 δεῖν
1018 945 1140 1007 ᾤοντο
1167 953 1326 1004 μᾶλλον
1351 950 1573 1003 ὑπομένειν
1602 953 1719 991 πολι-

290 1018 457 1070 ορκίαν,
500 1011 528 1071 ἢ
564 1022 826 1072 προσχωρεῖν
853 1017 910 1074 τῷ
939 1020 1116 1069 βασιλεῖ.
1171 1015 1232 1066 ἔτι
1257 1017 1304 1057 δὲ
1331 1011 1448 1073 afim?
1479 1017 1577 1071 περὶ
1603 1011 1720 1071 Xer}-

245 1079 460 1138 Βρόνησον
486 1083 738 1137 διατρίβοντι
777 1080 1015 1134 Σουλιμάν,
1045 1083 1128 1123 τῶν
1155 1079 1257 1122 κατὰ
1289 1080 1363 1135 τήν
1390 1080 1532 1124 Ἀσίαν
1562 1097 1720 1136 σατρα-

284 1148 375 1189 πῶν
415 1143 501 1201 εἷς,
544 1148 603 1197 εἰς
641 1145 916 1203 Χερῖρόνησον
942 1146 1047 1201 μετὰ
1079 1147 1278 1201 στρατιᾶς
1306 1149 1572 1201 περαιωθείς,
1598 1161 1719 1188 συνε-ε

284 1214 422 1266 γένετο
449 1214 505 1269 τῷ
533 1215 706 1265 βασιλεῖ
727 1214 771 1254 ἐν
798 1211 933 1266 Αἰγὸς
962 1217 1188 1265 ποταμοῖς,
1225 1212 1298 1253 καί
1325 1213 1476 1262 ἵππους
1502 1229 1547 1254 τε
1575 1213 1776 1266 mayel-15

284 1297 383 1335 χετο
422 1283 494 1322 καί
531 1277 639 1323 ὅπλα
681 1282 796 1335 δῶρα
823 1279 898 1322 καί
936 1280 1139 1336 στρατιὰν
1180 1281 1254 1321 οῦκ
1297 1278 1436 1333 ὀλίγην
1468 1283 1718 1331 συμμαχεῖν,

288 1345 612 1402 φιλοφρονηθεὶς
655 1347 700 1388 δὲ
745 1345 826 1387 ’ὑπὸ
871 1347 1075 1399 βασιλέως
1102 1344 1174 1387 καί
1200 1342 1337 1399 αὐτὸς,
1383 1344 1636 1399 ἀνέστρεφεν
1663 1343 1722 1391 εἷς

285 1411 363 1466 τήν
388 1412 544 1454 Ἀσίαν.
599 1410 796 1465 βασιλευς
826 1412 872 1452 δὲ
902 1410 955 1452 τὰ
986 1408 1112 1464 μήπω
1145 1409 1502 1464 προσχωρήσαντα
1529 1407 1724 1462 πολίχνια

286 1476 406 1534 ἐπῄει
438 1479 511 1517 καί
538 1477 867 1527 κατεδουλοῦτο,
915 1475 987 1516 καί
1011 1473 1117 1530 πρὸς
1145 1474 1434 1530 Μυριόφυτον
1471 1472 1607 1516 ἐλθών
1644 1475 1726 1530 ηὕ-

287 1544 430 1583 λίσατο
458 1539 533 1596 τὴν
562 1539 692 1583 νύκτα
722 1542 766 1582 ἐν
797 1542 904 1598 οἰκίᾳ
932 1538 1090 1597 μεγάλῃ
1122 1537 1331 1598 διωρόφῳ.
1387 1539 1548 1582 εἴθιστο
1578 1541 1624 1582 δὲ
1652 1538 1780 1589 διάῃο

285 1622 328 1648 τε
356 1606 432 1661 τὴν
461 1607 706 1662 βραχύτητα
732 1608 803 1662 τῆς
831 1606 1001 1662 ἡμέρας·
1031 1604 1192 1660 χειμών
1220 1604 1299 1660 γὰρ
1332 1602 1396 1661 ἦν·
1425 1604 1497 1647 καί
1525 1604 1569 1647 τὸ
1598 1603 1726 1660 ἀνάγ-

161 1678 361 1727 Ρ.6ι8κην
397 1671 510 1727 ἔχειν
552 1668 653 1728 ἄχρι
682 1672 829 1722 νυκτός
856 1671 1038 1728 ἔφιππον
1067 1668 1201 1726 εἶναι,
1233 1673 1306 1727 (ου’
1331 1671 1410 1727 γὰρ
1438 1667 1488 1727 ἦν
1516 1667 1610 1713 ὅποι
1639 1672 1725 1713 ταῖν

287 1738 423 1780 ἵππων
451 1738 688 1792 ἀποβάντας
716 1734 884 1795 ἄριστον
912 1736 1141 1793 αἱρεῖσθαι,
1169 1740 1243 1792 τῆς
1273 1737 1438 1794 Θρᾴκης
1458 1737 1622 1791 ἀπάσης
1639 1733 1723 1777 ὑπὸ

158 1801 280 1848 V·495
293 1806 370 1846 τοῦ
393 1804 574 1858 πολέμου
604 1802 796 1861 ἀοικήτου
825 1805 1041 1859 γενομένης
1067 1802 1173 1858 πλὴν
1208 1805 1291 1845 τῶν
1319 1802 1518 1862 πόλεων,)
1541 1798 1724 1858 ἆρχομὲ-
1759 1850 1761 1852 v

382 1906 434 1940 15.
461 1907 675 1952 συνεγίνετο
695 1906 729 1938 Ρ.

284 1996 456 2030 affinitate
488 2001 525 2030 et
559 1997 830 2031 necessitudine
855 2009 935 2031 cum
959 1998 1004 2031 iis
1028 1999 1078 2031 ita
1102 1998 1289 2042 copulatus
1316 2001 1430 2037 esset,
1454 2001 1576 2029 tamen
1601 2006 1720 2030 mores

285 2054 408 2076 eorum
439 2042 682 2084 detestatum,
713 2043 830 2078 facere
865 2044 909 2077 ab
951 2048 1170 2089 imperatore
1201 2044 1320 2076 malle.
1378 2045 1577 2087 Imperator
1600 2042 1721 2076 virum

284 2089 443 2123 libenter
475 2090 625 2135 accipit,
665 2095 702 2123 et
731 2096 808 2123 tum
841 2090 886 2123 de
923 2092 1088 2125 oratione
1125 2091 1215 2129 hac,
1252 2095 1328 2122 tum
1353 2089 1397 2122 de
1425 2089 1562 2122 iudicio
1586 2090 1719 2133 gratias

286 2136 380 2180 agit:
407 2148 561 2182 eumque
590 2147 656 2180 pro
685 2137 754 2171 isto
781 2147 859 2182 erga
884 2147 920 2169 sc
948 2139 1087 2178 animo,
1115 2142 1151 2170 et
1173 2135 1271 2181 quod
1294 2136 1340 2169 ad
1364 2147 1445 2169 suas
1464 2141 1582 2180 partes
1598 2145 1720 2168 acces-

287 2184 413 2223 sisset,
449 2193 700 2222 remunemns,
732 2194 898 2228 magnum
931 2183 1255 2229 stratopedarcham
1285 2189 1406 2216 creat:
1441 2183 1601 2226 cognatis
1637 2181 1720 2214 aliis

287 2229 419 2275 cuique
443 2241 507 2274 pro
531 2230 698 2274 portione
722 2229 876 2263 honores
906 2236 942 2263 et
966 2242 1099 2264 annuas
1123 2229 1304 2263 mercedes
1331 2229 1508 2262 attribuit.
1533 2230 1615 2262 Post
1640 2238 1723 2261 cum

287 2276 353 2310 illo
388 2276 586 2309 Teristasin
619 2277 769 2310 veniens
801 2278 1001 2316 castellum,
1035 2287 1076 2309 eo
1111 2277 1289 2316 tradente,
1321 2280 1482 2318 occupat.
1545 2274 1721 2308 Finitima

284 2333 432 2369 quoque
453 2323 597 2355 castella
624 2327 660 2355 et
683 2322 854 2367 oppidula
890 2335 927 2357 se
958 2323 1105 2357 dedunt.
1163 2323 1375 2366 Calliopolis
1402 2327 1438 2355 et
1460 2320 1718 2360 Hexamiliunn

286 2369 586 2414 qualemcumque
624 2369 744 2413 potius
777 2369 1003 2403 obsidionem
1041 2369 1315 2408 sustinendam,
1355 2380 1461 2414 quam
1493 2366 1718 2401 deditionem

286 2416 321 2448 ei
345 2414 567 2456 faciendam,
594 2415 827 2455 arbitrantia,
852 2418 1032 2449 resistunt.
1083 2415 1208 2450 Adhuc
1232 2416 1270 2449 in
1286 2414 1509 2448 Chersoneso
1533 2413 1716 2454 manebat,

286 2472 366 2494 cum
390 2462 713 2502 Sulimanus,unus
739 2473 782 2495 ex
807 2462 911 2495 Asiae
940 2462 1111 2507 satrapis,
1135 2463 1196 2507 qui
1220 2463 1259 2495 in
1284 2472 1362 2494 eam
1387 2460 1612 2506 peninsulam
1637 2469 1719 2493 cum

287 2509 446 2541 exercitu
492 2510 702 2549 traiecerat,
745 2509 998 2553 Aegospotami
1039 2509 1079 2541 in
1119 2508 1339 2554 colloquium
1376 2507 1546 2546 veniens,
1592 2516 1720 2550 equos,

287 2563 383 2586 arma
402 2559 439 2587 et
473 2565 548 2588 non
581 2557 744 2600 exiguam
778 2555 934 2588 militum
971 2565 1114 2588 manum
1148 2555 1193 2587 ad
1221 2555 1392 2588 auxilium
1421 2555 1454 2586 ei
1484 2553 1640 2586 donavit.
1688 2551 1719 2585 A

287 2611 358 2645 quo
383 2601 539 2635 vicissim
577 2602 726 2635 comiter
757 2607 945 2646 acceptus,
980 2603 1018 2634 in
1043 2601 1160 2633 Asiam
1189 2602 1307 2634 rediit.
1358 2602 1554 2644 Imperator
1578 2597 1719 2642 reliqua

288 2647 421 2689 oppida
442 2648 480 2680 in
503 2654 716 2692 potestatem
743 2649 896 2682 adduxit
919 2653 956 2681 et
977 2647 1199 2692 Myriophyti
1224 2649 1261 2680 in
1287 2648 1414 2691 amplis
1437 2644 1604 2684 aedibus,
1631 2644 1721 2678 duas

289 2693 573 2734 contignationes
606 2695 842 2735 habentibus,
867 2696 1103 2739 pernoctavit.
1161 2695 1406 2728 Consueverat
1432 2697 1550 2725 autem
1577 2696 1725 2735 propter

289 2738 502 2772 brevitatem
529 2740 614 2779 diei,
640 2742 697 2785 (ut
719 2741 882 2775 hibernis
908 2740 1120 2784 mensibus‚)
1144 2746 1181 2773 et
1205 2740 1304 2786 quod
1329 2749 1476 2773 necesse
1501 2742 1577 2771 erat
1612 2746 1725 2782 usque

291 2783 337 2818 ad
363 2790 506 2820 noctem
544 2797 636 2833 equo
670 2788 846 2830 insidere,
870 2789 967 2835 (nou
996 2787 1092 2823 enim
1119 2786 1380 2829 inveniebant,
1410 2785 1475 2818 ubi
1501 2782 1727 2818 descenden-
