1820 3138
511 174 888 217 mSTOmARUM
931 178 1003 215 111.
1034 178 1103 224 69.
1435 152 1554 221 *425

118 275 224 321 εἶναι
253 279 502 330 συμμαχεῖν,
535 276 575 315 εἰ
597 271 798 327 χρήματα
827 272 1102 327 παράσχοιτο,
1134 268 1213 314 ὅσα
1247 266 1299 313 ἂν
1315 273 1749 324 συμβῶσιν·Α.Ε.ι343

119 341 228 399 ἦσαν
269 343 316 384 δὲ
353 341 576 396 τρισχίλιοι
617 338 692 380 καί
727 337 890 380 ἑκατόν.
945 341 1117 392 βασιλεῖ
1136 340 1214 390 μὲν
1243 333 1482 380 οὖννὲδόκει
1510 337 1558 379 a‘-

119 405 388 463 ναγκαιοτάτη
428 402 536 447 εἶναι
576 402 601 460 ἧ
631 407 704 459 τῆς
732 406 949 458 Περσικῆς
990 403 1212 457 συμμαχία
1250 405 1451 458 στρατιᾶς
1487 401 1561 444 καὶ

120 473 299 527 μάλιστα
325 471 397 514 ἐπὶ
420 469 568 526 καιρὸν
594 472 837 525 γεγενημένη
851 503 864 522 ,
907 468 1116 511 τοσούτων
1135 471 1342 523 πολεμίων
1361 468 1558 510 ἐπιόντων
1616 485 1622 490 ·

92 539 325 582 5παντοθεν
368 539 440 579 καί
478 535 588 579 οὕτω
628 538 840 578 δυνατῶν·
916 532 1082 578 ούδέπω
1123 535 1204 592 γὰρ
1242 530 1336 593 ᾔδει
1375 531 1590 590 Κράληνῦ

119 605 225 659 πρὸς
260 604 336 660 τὴν
364 606 518 646 οἰκείαν
543 605 589 645 ἐκ
617 604 786 656 Ζιχνῶν
814 601 1183 658 ἀνακεχωρηκότα.
1246 602 1481 657 χρημάτων
1512 602 1558 650 δὲ

118 671 194 714 οὐκ
234 672 447 725 εὖπορῶν,
496 669 547 711 οὗ
578 671 757 725 μετρίως
784 668 952 723 ἠνιᾶτο·
1025 666 1140 720 ὅμως
1163 674 1250 716 τοῖς
1277 664 1559 721 πρεσβεύουσι

119 738 237 791 δῶρα
282 734 631 791 παρασχόμενος,
675 733 813 776 ἔπεισε
841 737 1076 776 συνθέσθαι
1105 735 1176 775 ἐπί
1200 732 1393 789 χρήμασι
1418 732 1561 788 ῥητοῖς

119 800 359 856 συμμαχεῖν
408 803 523 859 αὐτῷ’
559 799 637 855 τὴν
674 798 880 856 στρατιὰν
920 800 1077 855 ἡμέρας
1124 797 1447 854 τεσσαράκοντα.
1500 796 1560 839 τὰ

75 868 322 924 ιοχρηματα
352 870 398 910 δὲ
423 868 482 923 μὴ
507 864 664 908 αὐτίκα
695 868 900 920 α’παιτεῖν,
928 863 1035 907 ἄλλα
1062 864 1165 918 μετὰ
1195 863 1562 918 πεντεκαιδεκάτην

119 937 194 988 τῆς
230 931 411 990 ἀφίξεως
446 934 631 988 ἡμέραν·
686 930 854 988 γνώμην
885 933 931 974 δὲ
977 929 1100 986 εἶχεν,
1137 931 1194 981 ὥς
1233 933 1277 974 ἐν
1313 929 1486 979 ταύταις
1515 931 1561 972 ἐκ

122 1002 430 1054 Διδυμοτείχου
458 999 841 1053 μεταπεμψὸμενος.
895 994 1005 1040 οὕτω
1024 1001 1101 1052 μὲν
1129 993 1204 1040 οὖν
1230 995 1334 1050 μετὰ
1359 998 1442 1038 τῶν
1459 997 1562 1051 πρέ-

120 1069 257 1120 σβεων
294 1064 526 1119 συμβάσεις
561 1067 757 1119 θέμενος,
797 1063 978 1118 ἔπεμπεν
1007 1067 1068 1113 εἷς
1101 1063 1150 1106 τὸ
1179 1060 1459 1118 στρατόπεδον
1492 1060 1565 1103 καὶ

119 1134 204 1174 τῶν
231 1133 392 1173 οἰκείων
418 1131 715 1185 συνεκπέμψας
742 1134 832 1184 ἕνα,
861 1127 969 1173 ὥστε
995 1129 1100 1172 κατὰ
1122 1130 1251 1184 τάχος
1272 1130 1440 1184 ἀγαγεῖν
1457 1125 1562 1182 πρὸς

70 1194 249 1240 Ιόαὕτὸν
290 1195 364 1252 την
403 1196 615 1252 στρατιάν.
685 1199 745 1246 εἰς
772 1195 847 1251 τήν
874 1196 1105 1252 ὑστεραίαν
1133 1198 1180 1239 δὲ
1207 1194 1315 1249 μετὰ
1345 1198 1431 1236 τῶν
1457 1196 1562 1249 πρέ-

119 1267 253 1318 σβεων
286 1262 361 1318 τήν
409 1265 455 1305 ἐκ
487 1264 692 1316 βασιλέως
736 1259 1005 1317 ἀναχώρησιν
1051 1262 1089 1304 οἱ
1136 1265 1182 1304 έν
1219 1259 1442 1316 α’κροπόλει
1487 1262 1603 1315 τῆςῑ)

119 1332 162 1371 Γ
159 1331 364 1384 ρατιανοῦ
405 1330 621 1382 δεσμῶται
656 1333 744 1377 τοῖς
784 1326 1043 1384 φυλάττουσι
1068 1330 1199 1383 μέσης
1225 1325 1386 1381 ἡμέρας
1422 1326 1561 1367 ἐπιθέ-

119 1406 238 1447 μενοι
265 1397 337 1436 καὶ
357 1394 645 1450 κρατήσαντες,
673 1391 848 1437 ἐκάλουν
876 1395 1054 1448 βασιλέα
1072 1393 1228 1436 καπνὸν
1247 1393 1560 1442 ἐπιδεικνύντες,

120 1459 262 1516 ὥσπερ
292 1457 345 1516 ἧν
377 1462 711 1512 συντεθειμένου.
770 1459 970 1513 βασιλευς
998 1462 1044 1502 δὲ
1070 1460 1163 1501 ἐπεὶ
1193 1459 1239 1502 τὸ
1276 1457 1476 1513 σύνθημα
1504 1454 1562 1499 εἶ-

68 1529 215 1580 nodat,
253 1526 377 1578 ὀξέως
418 1524 704 1581 ἐπιβοηθήσας
745 1523 827 1569 εἷλε
865 1527 940 1581 τὴν
978 1524 1100 1567 πόλιν
1127 1527 1172 1567 ἐκ
1199 1527 1273 1580 τῆς
1300 1520 1442 1580 ἄκρας.
1493 1523 1567 1565 καὶ

121 1592 174 1635 τά
215 1602 260 1634 τε
289 1588 396 1634 ἄλλα
434 1588 549 1646 ἥσθη
579 1588 692 1633 οὕτω
720 1592 840 1632 πόλιν
866 1591 996 1645 καλὴν
1020 1593 1197 1645 α’πονητί
1221 1592 1291 1632 καὶ
1316 1589 1449 1645 χωρὶς
1477 1605 1564 1630 κιν-

122 1658 259 1701 δύνων
296 1655 542 1711 κατασχών,
578 1659 651 1700 καί
677 1657 904 1712 χρημάτων
935 1653 1165 1711 εὖπόρησεν
1194 1652 1269 1697 οὗκ
1297 1655 1473 1710 ὀλίγων,
1505 1650 1565 1697 ὧν

120 1726 303 1779 μάλιστα
322 1726 469 1766 ἐδεῖτο.
537 1718 799 1778 Ἀγγελίτζῆς
827 1722 906 1778 γάρ
939 1738 1003 1771 τις
1029 1725 1074 1764 ἐκ
1102 1724 1184 1764 τῶν
1211 1724 1386 1778 φαύλων
1414 1723 1488 1763 καί
1514 1717 1565 1763 ἆ-

121 1788 268 1846 σὴμων
312 1792 510 1843 πολιτῶν,
560 1788 758 1845 πρότερον
785 1788 1051 1830 ὑπωπτεύετο
1089 1787 1310 1844 θησαυρὸν
1334 1785 1565 1843 χρημάτων

215 1880 247 1924 4.
272 1881 467 1927 πολεμίως
492 1880 532 1916 P.

123 1961 291 1995 operam,
330 1950 361 1983 si
397 1948 579 1994 stipendia
618 1953 722 1993 pacta
754 1952 1008 1982 numerenturz
1049 1951 1153 1982 erant
1175 1951 1296 1981 autem
1321 1945 1504 1980 tei-*mille
1530 1949 1568 1979 et

122 2002 280 2034 centnm,
307 1997 518 2041 Imperatori
544 1995 747 2028 subsidium
772 1993 841 2029 hoc
863 2006 1036 2040 perquam
1062 1993 1307 2040 opportunum
1324 2004 1568 2036 summopere·

125 2055 198 2088 quc
233 2043 476 2077 necessarium
509 2041 647 2083 videri,
688 2053 766 2075 cum
802 2041 926 2075 hostes
966 2046 1039 2074 tam
1075 2040 1182 2073 multi
1215 2045 1361 2086 tamque
1397 2043 1567 2084 potentes

124 2091 395 2124 incumberent:
432 2089 594 2122 nondum
619 2089 717 2122 enim
741 2088 862 2122 Crales
887 2087 1028 2122 Zichnis
1051 2088 1196 2122 domum
1232 2086 1454 2120 discesserat.
1501 2085 1567 2120 Pe-

126 2137 234 2170 cunia
272 2142 389 2170 autem
421 2147 496 2169 non
529 2141 766 2181 suppetente,
803 2134 900 2168 haud
937 2146 1063 2180 parum
1098 2134 1342 2168 cruciabatur.
1397 2133 1569 2167 Attamen

126 2182 269 2216 donatis
294 2184 420 2227 legatis
443 2193 504 2215 eos
528 2181 703 2223 adduxit,
724 2187 765 2215 ut
790 2183 830 2215 in
855 2182 1076 2226 stipendium
1100 2186 1237 2214 certum
1264 2179 1443 2213 exercitus
1466 2178 1568 2212 illius

125 2229 379 2263 commilitium
405 2239 524 2262 secum
549 2229 830 2275 paciscerentur,
856 2239 972 2273 usque
999 2228 1045 2261 ad
1073 2227 1150 2260 dies
1175 2226 1426 2271 quadraginta.
1460 2225 1570 2269 Quod

124 2287 170 2311 ne
195 2277 314 2309 statim
343 2280 529 2318 peterent,
555 2275 619 2309 sed
643 2280 727 2320 post
751 2276 868 2308 lucem
893 2274 1236 2320 decimamqnintam
1251 2298 1261 2314 ‚
1297 2284 1341 2306 ex
1365 2284 1437 2318 quo
1461 2272 1507 2306 ad
1531 2284 1569 2306 se

125 2323 376 2356 accessissent:
403 2321 550 2356 voiebat
563 2322 662 2356 enim
682 2323 823 2356 interea
834 2320 1092 2366 Didymoticho
1117 2330 1240 2353 curare
1263 2319 1464 2364 pecuniam.
1510 2319 1572 2353 Sic

126 2369 238 2413 igitur
261 2380 342 2402 cum
368 2369 492 2413 legatis
515 2370 685 2414 pactione
713 2369 898 2408 confecta,
925 2379 987 2402 eos
1013 2368 1058 2401 ad
1083 2372 1200 2399 castra
1230 2366 1390 2406 remisit,
1414 2376 1569 2412 cumque

127 2417 174 2448 iis
200 2426 312 2448 unum
337 2415 381 2448 de
407 2416 506 2455 suis,
531 2416 595 2461 qui
621 2416 703 2448 illas
729 2416 850 2460 copias
876 2415 1043 2453 celeriter
1069 2414 1276 2447 adduceret.
1324 2412 1501 2446 Postridie
1529 2413 1570 2447 in.

128 2473 208 2495 arce
231 2461 574 2504 Gratianopolitana
597 2462 730 2502 vincti,
765 2460 975 2495 custodibus
1004 2460 1156 2493 meridie
1180 2459 1317 2504 impetu
1341 2458 1437 2493 facto
1461 2460 1570 2504 iugu-

128 2509 226 2548 latis,
252 2510 503 2552 imperatorem
529 2508 746 2551 sumisigno
771 2520 815 2542 ex
845 2508 1044 2552 composito
1068 2507 1256 2546 advocant,
1279 2517 1351 2551 quo
1368 2506 1450 2540 *viso
1483 2517 1569 2539 cou-

129 2555 250 2588 sestim
282 2566 359 2588 cum
394 2554 529 2587 auxilio
555 2566 765 2594 accurrens,
805 2565 918 2588 arcem
944 2558 1130 2598 totamque
1155 2551 1282 2585 urbem
1305 2553 1420 2598 capit,
1448 2557 1487 2586 et
1511 2563 1570 2586 ce-

130 2606 207 2634 tera
243 2603 399 2635 laetatus
418 2626 427 2640 ‚
462 2601 710 2646 quodni-bem
733 2607 805 2634 tam
831 2600 1016 2644 pulchram
1042 2599 1144 2633 nullo
1181 2598 1305 2632 labore
1333 2599 1570 2652 periculoque

132 2648 373 2688 obtinuisset,
398 2647 508 2680 etiam
536 2648 703 2692 grandem
729 2649 942 2692 pecuniam,
966 2657 1071 2691 quam
1097 2645 1251 2679 maxime
1275 2645 1472 2690 indigebat,
1507 2656 1569 2678 ln-

130 2695 243 2728 venit.
300 2694 503 2738 Angelitzes
537 2694 632 2727 enim
669 2693 1015 2739 quidam,abiectus
1054 2698 1090 2726 et
1115 2691 1285 2726 obscurus
1319 2693 1426 2732 civis,
1463 2696 1572 2725 antea

131 2740 291 2774 thesauri
328 2742 460 2786 reperti
501 2742 707 2785 suspicione
732 2740 934 2778 laborabat,
954 2739 1013 2772 cui
1029 2764 1039 2779 ‚
1075 2749 1112 2772 re
1133 2738 1292 2772 nondum
1318 2744 1436 2779 certa,
1460 2748 1571 2781 nego-

131 2787 224 2822 tium
240 2786 577 2835 nemossacessehat.
609 2787 654 2823 At
667 2798 749 2824 vero
766 2793 926 2832 tempore
943 2785 1052 2822 huius
1066 2786 1162 2822 saevi
1173 2784 1262 2820 belli
1277 2786 1384 2820 rebus
1403 2784 1570 2820 omnibus
