1800 3146
528 188 903 231 HlsTomARUM
944 191 1016 230 111.
1047 190 1115 234 7‘4.
1431 169 1504 237 45
1519 191 1536 225 1

117 292 230 341 λοις,
265 285 537 342 ἀγνοούμενοι
577 288 618 329 εἰ
658 287 898 341 βασιλικάς,
935 283 962 342 ἦ
1005 287 1219 338 ἰδιωτικάς
1246 287 1364 331 ἔνδον
1400 286 1738 342 ἔχομενΑ.(ἶ.ι343

116 355 306 409 ἐσθῆτας.
370 354 410 395 εἰ
450 348 524 395 οὖν
560 355 680 395 τοῦτο
720 349 908 407 συνθήκη
950 356 1025 396 τοῦ
1055 354 1130 409 τὴν
1171 356 1389 408 βασιλειάν
1428 353 1542 396 ἐστίν

117 419 372 472 ἀποθέμενον
399 420 616 466 ἰδιωτικῶς
649 419 736 475 ζῇν,
767 415 907 473 ὥσπερ
937 421 1088 468 ἐκεῖνος
1111 419 1433 474 καταψεύδεται,
1461 419 1552 475 κρί-

115 500 215 526 νατε
240 485 373 536 ὑμεῖς.
428 486 467 526 εἰ
493 485 529 525 δ’
552 481 727 538 ἑτέρως,
766 479 794 538 ἢ
821 481 959 538 ὥσπερ
988 483 1117 535 αυ’τὸς
1143 485 1342 541 εἷρήκειν,
1369 482 1484 538 ἔχει,
1527 481 1550 524 ὅ

92 548 355 604 5Συναδηνὸς
391 547 538 605 παρών
583 550 840 602 ἐξελεγχέτω.
896 544 987 590 ἄλλ’
1010 550 1086 590 ου’κ
1117 545 1182 605 ἂν
1210 551 1388 596 δύναιτο,
1446 548 1554 603 πρὸς

114 617 193 667 μὲν
231 610 306 656 οὖν
342 613 444 664 τούς
495 614 829 667 ὀνομαζομένους
863 610 1092 669 ἄρχοντας,
1129 617 1173 658 οἳ
1204 615 1461 671 δικαιότερον
1498 612 1551 656 ἂν

112 680 270 733 μᾶλλον
298 679 540 735 ἀνδράποδα
568 681 640 721 καί
665 681 804 721 δοῦλοι
834 683 1048 732 καλοῖντο,
1078 682 1150 722 καί
1176 679 1253 736 τήν
1279 697 1550 736 παρακοιμω-

112 746 241 798 μένου
269 745 546 800 ψευδολογίαν
582 746 747 800 ἀρκέσει
770 744 843 786 καί
865 743 915 786 τὰ
944 746 1143 799 εἰρημένα
1161 777 1173 798 ,
1229 745 1306 801 τήν
1331 762 1376 787 τε
1403 741 1590 788 ἇνοιανΒ

112 811 280 854 ἐκείνων
317 811 390 853 καί
433 810 672 867 φαυλότητα
721 812 794 852 καί
822 808 898 865 τήν
925 811 1082 852 ἐκείνου
1110 812 1353 867 μοχθηρίαν
1380 814 1553 866 ἀπελέγ-

61 893 218 931 ιοχειν.
273 875 379 933 πρὸς
418 879 466 919 δὲ
505 875 583 931 τὴν
613 874 719 932 πρὸς
744 875 1010 932 πατριάρχην
1049 877 1273 931 ἀπολογίαν
1301 872 1381 932 ἤδη
1403 879 1553 933 τρέψο-

108 959 202 995 μαι.
260 937 311 984 ἂν
346 943 387 983 δ’
416 940 499 984 ὑπὸ
542 945 625 985 τῶν
675 939 810 996 λόγων
854 942 1132 997 οἷπελέγχηται
1177 940 1437 995 ψευδόμενος
1482 941 1556 984 καί

108 1010 320 1062 ἐπιορκῶν
346 1007 498 1061 αὐτὸς,
529 1009 602 1050 καί
626 1010 707 1050 τῶν
736 1006 927 1060 αἱμάτων
954 1010 1027 1050 καί
1053 1010 1137 1049 τῶν
1154 1007 1296 1063 φόνων
1325 1006 1458 1057 αἴτιος
1480 1007 1555 1050 καὶ

107 1074 191 1114 ταῖν
218 1074 382 1127 μυρίων
409 1076 571 1128 κακῶν,
600 1071 628 1115 ἃ
657 1073 755 1122 τούς
780 1074 1072 1128 ταλαιπώρους
1094 1074 1329 1127 Ῥωμαίους
1355 1075 1552 1115 τοσοῦτον

106 1132 189 1192 ἤδη
217 1140 382 1192 κατέχει
405 1135 588 1194 χρόνον,
618 1133 677 1181 ὧν
707 1137 835 1187 αὐτὸς
862 1140 906 1180 ἐν
934 1144 1020 1187 τοῖς
1046 1137 1290 1194 γράμμασιν
1311 1136 1446 1180 αἴτιον
1478 1140 1553 1191 ἐμὲ

58 1204 353 1258 ιόγεγενῆσθαι
391 1206 502 1258 λέγει
536 1201 859 1259 ἐπιθυμήσαντα
895 1205 969 1258 τῆς
994 1205 1236 1258 βασιλείας,
1273 1202 1332 1257 μὴ
1362 1205 1456 1256 ε’μοί
1480 1202 1554 1245 τὸν

105 1267 277 1323 ἔλεγχον
315 1270 668 1325 προσλογίζεσθαι
707 1271 781 1311 καί
806 1268 882 1323 την
912 1268 1113 1322 αἰσχύνην
1140 1268 1217 1322 τήν
1260 1265 1343 1309 ἀπὸ
1373 1270 1457 1310 τῶν
1484 1268 1552 1310 λό-

105 1350 213 1388 γων,
247 1338 335 1376 ἀλλ’
366 1337 505 1393 ἐκείνῳ
532 1339 589 1393 τῷ
615 1335 721 1391 πρὸς
758 1331 929 1381 τούτους
958 1329 1274 1386 καταστήσαντι.
1330 1334 1443 1387 λέγει
1469 1333 1554 1375 τοί..

104 1415 204 1453 νυν,
243 1400 299 1448 ὥς
335 1399 415 1454 ἐγώ
457 1399 555 1450 τούς
589 1400 694 1455 πρὸς
721 1400 898 1452 βασιλέα
933 1395 1085 1452 ὅρκους
1113 1396 1309 1452 παραβάς
1363 1398 1438 1440 καί
1474 1398 1553 1453 τήν

103 1464 364 1518 θαυμαστὴν
406 1466 565 1519 ἐκείνην
601 1467 748 1520 φιλίαν
790 1463 1022 1517 ἀθετήσας,
1052 1462 1128 1518 ὑφ’
1167 1457 1217 1517 ἧς
1260 1463 1377 1519 παρὰ
1420 1464 1590 1510 mimae

53 1530 176 1575 2ordv
213 1530 367 1572 ἐκείνου
414 1529 507 1583 βίον
554 1531 717 1570 πολλῶν
764 1529 983 1570 ἀπέλαυσα
1020 1530 1094 1570 καί
1119 1529 1313 1581 μεγάλων
1350 1529 1548 1589 ἀγαθῶν,

103 1595 387 1649 ἐπεβούλευσα
430 1599 515 1643 τοῖς
555 1595 680 1636 παισὶ
718 1595 790 1635 καί
824 1594 1012 1646 βασιλίδι
1053 1594 1106 1649 τῇ
1149 1595 1308 1650 γαμετῇ
1341 1593 1448 1646 μετὰ
1474 1594 1550 1649 την

101 1660 308 1715 τελευτήν.
367 1661 408 1702 εἰ
438 1662 516 1713 μὲν
555 1656 631 1701 οὖν
669 1659 894 1700 ἀκολασίαν
935 1659 1177 1714 κατηγόρει,
1222 1655 1250 1713 ἢ
1295 1660 1545 1713 ἀσυνεσίαν,

103 1725 134 1782 ἢ
164 1727 351 1776 δειλίαν,
390 1721 419 1780 ἦ
447 1742 487 1768 τι
529 1728 611 1767 τῶν
654 1722 730 1766 ὅσα
758 1723 1009 1779 πρόσκαιρον
1037 1722 1125 1778 ἔχει
1153 1723 1233 1779 τὴν
1270 1725 1434 1777 μέμψιν
1474 1727 1548 1767 καί

102 1790 130 1848 ἦ
159 1788 283 1846 ὕβρις
311 1792 369 1840 εἰς
394 1790 439 1833 τὸ
469 1794 591 1844 σῶμα
623 1792 858 1844 διαβαίνει,
905 1784 1054 1843 ἤνεγκα
1094 1783 1146 1831 ἂν
1183 1791 1277 1846 σιγῇ
1303 1788 1379 1844 την
1418 1808 1544 1846 κατη-

196 1882 251 1916 23.
275 1877 373 1925 πρὸς
397 1875 534 1923 καιρὸν
557 1878 592 1910 Ρ.

103 1959 231 1995 quam,
270 1959 346 1983 non
381 1946 524 1980 difficile
548 1945 745 1978 sustulero:
777 1944 901 1978 armati
927 1945 1023 1977 enim
1051 1944 1327 1984 conveniemus,
1353 1948 1394 1978 ut
1422 1945 1540 1990 impe-

103 1996 306 2036 ratorione‚
348 2005 394 2027 an
426 1995 566 2038 privato
602 1991 734 2024 vestitu
760 1991 856 2023 intus
882 1992 969 2024 tecti
999 1992 1133 2032 simus,
1162 1992 1356 2035 ignoretur.
1412 1993 1539 2025 Utrum

103 2042 214 2086 igitur
236 2041 304 2074 hoc
325 2045 467 2086 pactum
501 2040 549 2073 sit
581 2038 754 2084 aliquod,
786 2037 938 2081 imperio
966 2036 1156 2083 deposito,
1194 2037 1416 2082 privatorum
1441 2049 1540 2072 more

103 2088 268 2129 vivendi,
300 2093 341 2121 ut
373 2087 438 2120 ille
471 2087 671 2125 mentitur,
706 2095 765 2118 vos
796 2083 1004 2118 iudicatote.
1067 2084 1104 2117 Si
1138 2084 1244 2117 aliter
1270 2089 1335 2124 est,
1368 2095 1408 2116 ac
1440 2084 1536 2124 dico,

103 2134 315 2179 synadenus
349 2133 410 2166 hic
439 2143 607 2178 praesens
640 2141 697 2163 me
729 2129 896 2171 refellat,
937 2129 1035 2175 quod
1076 2140 1151 2162 non
1183 2131 1328 2174 poterit.
1388 2129 1443 2163 Ad
1475 2140 1538 2164 eos

103 2182 234 2226 igitur,
267 2183 331 2227 qui
365 2179 552 2214 archontes
583 2184 779 2216 vocantur,
811 2177 955 2222 (melius
981 2177 1161 2220 mancipia
1196 2180 1233 2210 et
1255 2175 1347 2209 servi
1371 2176 1538 2210 nomina.

106 2227 265 2272 rentu·r,)
292 2233 328 2262 et
355 2227 400 2260 ad
425 2225 741 2271 mendaciloquum
766 2223 989 2269 praefectum
1014 2223 1196 2264 cubiculi,
1221 2221 1268 2254 ad
1292 2222 1448 2263 illorum,
1475 2223 1534 2255 in-

131 2285 222 2315 uam,
263 2274 499 2307 stoliditatem
535 2277 573 2305 et
610 2272 792 2306 inscitiam
828 2275 863 2303 et
898 2269 1005 2302 huius
1035 2270 1304 2314 perversitatem
1336 2279 1535 2313 coarguen-

102 2285 204 2361 flam,
229 2322 314 2354 satis
339 2320 475 2354 dictum
499 2324 562 2354 est.
611 2318 794 2365 Sequitur,
807 2322 848 2350 ut
871 2316 1094 2361 patriarchae
1124 2315 1383 2360 respondeam:
1426 2326 1534 2361 quem

106 2369 138 2400 si
172 2366 377 2400 mendacem
409 2377 450 2399 ac
481 2367 666 2412 periurum
697 2365 935 2409 caediumque
965 2368 1001 2396 et
1026 2363 1127 2395 effusi
1163 2362 1344 2407 sanguinis
1371 2367 1408 2395 et
1431 2362 1532 2395 mille

100 2413 293 2454 malorum,
324 2424 416 2460 quae
452 2413 616 2447 infelices
648 2412 822 2445 Romanos
854 2409 992 2444 tamdiu
1017 2409 1248 2453 opprimunt,
1285 2410 1453 2454 (quorum
1473 2418 1531 2440 mc

99 2464 248 2505 propter
272 2460 416 2504 imperii
441 2460 646 2504 cupidinem
670 2469 810 2491 causam
835 2456 944 2490 fuisse
973 2455 1010 2487 in
1037 2456 1166 2489 litteris
1193 2456 1390 2499 autumat‚)
1428 2465 1530 2488 reum

99 2506 320 2552 probavero,
345 2517 390 2539 ne
415 2506 461 2539 ob
487 2517 564 2540 eam
588 2505 841 2551 probationem
870 2503 1180 2548 ignominiamque
1205 2500 1250 2534 ad
1279 2511 1316 2534 se
1342 2512 1386 2534 ex
1407 2501 1529 2535 verbis

101 2554 192 2586 meis
231 2553 491 2586 redundantem
526 2553 628 2593 mihi,
661 2552 724 2585 sed
762 2551 830 2590 illi,
855 2562 874 2583 a
898 2560 969 2594 quo
994 2549 1065 2581 huc
1093 2548 1266 2580 deductus
1291 2552 1366 2588 est,
1398 2547 1530 2581 irasca-

101 2604 172 2633 tur.
220 2599 283 2632 Ait
306 2600 428 2645 igitur,
452 2610 507 2632 me
532 2601 732 2633 iuramento
759 2597 963 2630 Andronico
996 2595 1204 2639 imperatori
1228 2600 1413 2638 concepto,
1439 2595 1529 2628 defi-

103 2645 256 2679 cientem
293 2650 330 2677 et
365 2645 633 2679 memorabilem
668 2645 768 2678 illam
807 2643 1015 2681 amicitiam,
1055 2652 1099 2673 ex
1127 2652 1210 2686 qua,
1237 2641 1354 2686 quoad
1378 2641 1441 2673 ille
1466 2652 1528 2673 su·-

101 2697 240 2737 perstes
278 2691 367 2731 fuit,
392 2693 570 2737 complura
595 2698 632 2725 et
655 2691 850 2735 singularia
874 2688 968 2721 bona
996 2688 1061 2720 sim
1086 2688 1257 2732 adeptus,
1297 2687 1527 2726 dissuentem,

101 2743 185 2784 post
215 2738 355 2771 obitum
393 2740 493 2772 uxori
518 2743 555 2770 et
587 2738 712 2771 liberis
739 2737 816 2769 eius
843 2734 992 2767 insidias
1015 2735 1203 2778 paravisse.
1253 2734 1290 2768 Si
1318 2745 1372 2766 me
1397 2735 1528 2767 intem-

102 2784 297 2829 perantiae,
321 2786 500 2829 stuporis,
533 2785 762 2824 timiditatis,
787 2788 849 2816 aut
871 2781 1023 2815 alicuius
1050 2791 1192 2822 eorum,
1229 2791 1321 2827 quae
1349 2786 1532 2824 tempora-¹

1052 2830 1078 2854 o
