1812 3132
296 173 401 239 146
812 184 1184 230 CANTAcqum

91 294 172 330 ΑΒ.
193 295 272 339 ι34ι
291 289 335 332 τὸ
363 284 479 344 ἦθος,
507 289 572 344 ἐφ’
601 288 720 341 ὗμιὸν
748 289 956 338 διεξιέναι.
1015 285 1107 329 ἐπεὶ
1121 289 1161 329 δ’
1182 289 1228 330 ἐκ
1244 285 1408 344 πρώτης
1431 283 1594 349 ἡλικίας
1615 281 1719 342 ἄχρι

245 356 361 396 Βνῦν
389 351 439 394 οὗ
468 356 566 408 παρ’
593 352 695 405 ὑμῖν
722 349 1020 408 ἐπολιτευόμην
1045 348 1185 405 μόνον,
1214 350 1320 393 α’λλὰ
1348 350 1420 394 καί
1445 349 1520 405 τῆν
1541 351 1722 404 Ῥωμαι-

285 435 344 460 ων
369 417 507 472 ἀρχὴν
537 415 712 473 διῴκουν
741 415 847 470 μετὰ
874 416 1068 470 βασιλέα,
1098 416 1141 467 ἐξ
1169 412 1347 472 ὅτουπερ
1378 416 1530 464 ἐκεῖνος
1549 416 1722 470 κατέστη

283 482 390 539 πρὸς
418 482 549 536 αὐτὴν
559 514 572 534 ,
610 481 682 538 ὑφ’
714 477 762 537 ἧς
789 484 894 535 ἐμοῦ
921 483 1046 523 πᾶσιν
1074 477 1102 536 ἢ
1127 484 1339 534 βελτίονος
1365 477 1392 536 ἢ
1417 481 1606 535 χείρονος
1633 494 1724 520 πει-

288 551 449 604 ρᾶσθαι
489 547 748 601 παρέχεσθαι
789 545 1098 601 ἠναγκαζόμην,
1142 547 1222 599 οὐχ
1250 540 1370 601 ἧττον
1409 541 1460 588 ἄν
1486 560 1559 599 μοι
1587 549 1751 592 συνῆ-5

288 615 420 668 δείητε
455 611 527 654 καὶ
566 612 699 654 advoc*
726 611 798 653 τόν
835 612 1014 665 τρόπον,
1046 607 1072 666 ἢ
1100 608 1438 668 αὖτὸςςέμαυτῷ.
1495 607 1594 653 ὅθεν
1623 609 1725 651 οὐδὲ

260 680 361 727 ,τοῦ
405 679 603 733 προτέρου
639 679 734 730 βίου
763 679 931 718 πλείονα
960 673 1188 730 ποιήσομαι
1216 674 1290 718 τὸν
1318 676 1455 741 λόγον,
1484 675 1627 732 ὄρθῶς
1655 673 1727 716 καί

285 745 457 791 δικαίως
486 742 830 794 πεπολιτευμένον,
857 744 958 796 παρ’
986 741 1089 793 ὑμῖν
1115 739 1296 793 ἐμαυτὸν
1323 740 1593 794 α’ποδεικνύς,
1621 755 1726 781 παν-

286 825 340 849 τα
380 810 530 863 σαφῶς
567 806 618 848 τά
661 806 845 862 ἡμέτερα
885 803 1053 847 εἰδόσιν.
1110 807 1188 854 ἕως
1214 808 1292 858 μὲν
1320 801 1397 847 οὖν
1425 807 1569 861 περιῆν
1596 804 1726 866 ὄιβα-

287 871 428 922 σιλεὺς
444 907 456 926 ,
495 872 649 921 ἐκεῖνός
687 887 732 913 τε
761 870 857 924 ἐμοὶ
890 870 1045 925 πολλὴν
1073 871 1119 912 ἐν
1146 876 1233 919 τοῖς
1258 870 1476 926 πράγμασι
1505 868 1778 926 παρείχετοιο

1119 932 1140 948 Ἃ
1183 933 1195 947 ι

161 937 364 994 Ρ.4α5τὴν
397 936 526 994 ῥοπὴν
555 939 627 979 καί
653 938 790 979 πάντα
831 932 911 989 οὖχ
951 930 1075 990 ἦττον
1111 954 1134 992 η
1177 938 1315 995 εαυτῷ
1353 937 1425 977 καί
1459 933 1510 977 τοὶ
1549 936 1727 989 μέγιστα

288 1005 486 1058 ἐπέτρεπε
517 1004 700 1044 διοικεῖν.
766 998 846 1056 ἐγώ
877 1017 922 1041 τε
949 1000 1024 1055 τὴν
1052 1000 1147 1057 ἴσην
1175 996 1341 1058 εὔνοιαν
1367 997 1629 1056 παρειχόμην
1656 1000 1731 1041 καί

284 1066 489 1122 σπουδὴν,
517 1064 605 1109 ὅσα·
629 1068 808 1122 προσῆκε
832 1065 905 1108 τόν
934 1065 1186 1121 φιλούμενον
1203 1071 1348 1120 ποιεῖν,
1377 1067 1498 1108 οὐδὲν
1517 1066 1729 1107 ἐλλείπων.

288 1134 380 1175 ἐπεὶ
407 1124 461 1186 δ’,
492 1128 600 1174 οὕτω
634 1131 755 1180 δόξαν
782 1132 839 1189 τῷ
867 1130 918 1172 τὰ
950 1132 1047 1188 τῇδε
1074 1129 1206 1173 πάντα
1235 1132 1473 1184 διοικοῦντι,
1498 1132 1542 1180 ἐξ
1561 1127 1728 1184 ἀνθρώ-

289 1214 378 1239 πων
399 1199 559 1251 ἐγὲνετο
588 1198 764 1250 ἐκεῖνος,
793 1195 872 1251 ἐγώ
906 1198 984 1249 μὲν
1012 1196 1134 1238 οὐδὲν
1161 1198 1299 1252 ἕτερον
1328 1194 1572 1250 ἐλογιζόμην
1599 1197 1780 1250 προσ-15

291 1263 405 1316 ήκειν
444 1264 627 1320 ἐμαυτῷ,
659 1257 692 1316 ἢ
731 1264 804 1317 τῆς
834 1264 893 1311 εἰς
919 1264 1072 1304 ἐκεῖνον
1100 1263 1264 1312 εὐνοίας
1292 1264 1443 1316 δεῖγμα
1469 1262 1731 1317 σαφέστατον

291 1326 367 1382 τήν
405 1328 464 1376 εἷς
500 1326 597 1376 τούς
626 1328 779 1375 παῖδας
811 1324 1012 1383 πρόνοιαν
1038 1327 1111 1369 καὶ
1131 1329 1332 1381 βασιλίδα
1359 1326 1436 1382 τὴν
1465 1327 1625 1368 ἐκείνου
1651 1331 1729 1379 γα-

291 1391 421 1446 μετὴν
461 1393 691 1445 ἐξενεγκεῖν.
758 1393 832 1433 καί
859 1391 1066 1435 διετέλεσοί
1095 1397 1147 1447 γε’
1167 1389 1278 1446 μετοῖ
1301 1391 1375 1447 την
1402 1392 1558 1434 ἐκείνου
1587 1395 1732 1432 τελευ-

292 1456 367 1511 τὴν
399 1451 504 1513 ἄχρι
532 1459 606 1499 νῦν
636 1454 759 1498 οὐδὲν
786 1459 869 1498 τῶν
897 1456 1076 1500 δεόντων
1104 1460 1387 1511 παραλείπων,
1417 1454 1522 1498 ἀλλὰ
1553 1455 1624 1496 καί
1648 1453 1740 1507 oa5-‚

157 1524 199 1558 V·
216 1523 279 1568 344
291 1536 421 1574 ματος
459 1520 532 1563 καί
549 1522 774 1577 χρημάτων
804 1523 990 1578 ἀφειδῶν
1017 1525 1089 1564 καί
1115 1524 1251 1564 πάντα
1277 1522 1470 1577 πράττων
1497 1519 1569 1561 καί
1593 1536 1783 1575 spuma-20

261 1587 482 1638 Βνιόμενος
523 1587 595 1628 ἐπὶ
632 1589 688 1644 τῷ
727 1586 1027 1639 συνδιασώζειν
1063 1588 1232 1636 ἐκείνοις
1261 1587 1337 1642 τὴν
1365 1584 1516 1642 ἀρχήν.
1571 1586 1620 1628 οὕ
1647 1583 1732 1641 μὴν
1763 1625 1768 1630 .

292 1651 387 1692 οὐδ’
417 1646 519 1706 ἄχρι
547 1653 622 1693 νῦν
646 1654 724 1705 μὲν
753 1651 893 1709 ὀρθῶς
919 1653 992 1694 καί
1018 1653 1188 1701 δικαίως
1216 1649 1528 1707 ἐπολιτευόμην,
1559 1648 1732 1707 ὕστερον

293 1804 413 1827 meum
449 1793 551 1826 vobis
586 1794 812 1838 explicarem.
862 1795 934 1829 Sed
966 1796 1139 1841 quoniam
1170 1808 1191 1830 a
1220 1796 1418 1839 primordio
1448 1797 1577 1830 aetatis
1610 1807 1727 1843 usque

293 1839 339 1872 ad
363 1839 433 1873 hoc
458 1845 598 1883 tempus
626 1851 699 1873 non
722 1842 838 1873 solum
863 1841 959 1886 apud
982 1853 1044 1875 vos
1068 1844 1194 1877 vestris
1213 1842 1352 1887 legibus
1371 1844 1620 1888 institutisque
1639 1845 1728 1885 vixi,

294 1885 358 1918 sed
383 1887 623 1919 Romanorum
652 1896 796 1931 quoque
824 1888 1014 1931 imperium
1039 1889 1235 1922 secundum
1271 1890 1519 1933 imperatorem
1547 1889 1645 1930 rexi,
1684 1901 1730 1923 ex

295 1943 366 1976 quo
392 1931 430 1964 id
447 1931 510 1964 ille
534 1933 697 1976 accepit,
737 1934 790 1976 (in
814 1945 885 1978 quo
913 1940 1057 1968 coactus
1079 1946 1179 1975 sum,
1218 1946 1274 1968 me
1299 1939 1361 1968 aut
1393 1935 1641 1980 benigniorem
1666 1940 1731 1970 ant

294 1978 509 2012 severiorem
534 1979 797 2022 experiundum
827 1979 1002 2023 praebere
1030 1982 1214 2026 omnibus)
1245 1991 1319 2013 non
1355 1982 1472 2014 minus
1509 1992 1571 2014 vos
1636 1982 1728 2014 ualis

295 2023 388 2065 sim,
420 2035 529 2070 quam
555 2031 697 2068 egomet
723 2025 800 2069 ipse
821 2049 830 2065 ,
868 2027 1050 2070 cognitum
1073 2031 1370 2073 perspectumque
1405 2028 1558 2060 habetis.
1607 1993 1730 2072 {uate

294 2081 363 2103 nec
388 2070 433 2103 de
458 2075 620 2103 anteacta
655 2072 729 2104 vita
763 2082 841 2104 mea
876 2073 979 2115 plura
1013 2073 1150 2114 dicam,
1181 2077 1223 2106 ut
1251 2073 1395 2107 doceam
1436 2074 1631 2114 nimirum,
1670 2084 1728 2107 me

295 2115 448 2149 honesste
474 2127 515 2148 ac
547 2117 641 2148 iuste
673 2118 767 2150 inter
799 2127 861 2150 vos
894 2119 1049 2158 vixisse,
1085 2118 1230 2165 quando
1263 2118 1411 2165 quidem
1446 2125 1569 2153 nostra
1608 2121 1728 2154 omnia

295 2162 486 2206 perspicue
509 2162 631 2195 nostis.
683 2162 866 2207 Quamdiu
890 2164 998 2209 igitur
1016 2165 1194 2209 superfuit
1215 2166 1428 2210 imperator,
1453 2166 1567 2199 multo
1592 2177 1649 2200 me
1673 2176 1729 2199 res

295 2207 440 2251 imperii
475 2208 733 2251 gubernantem
767 2221 885 2243 amore
916 2216 1124 2254 prosecutus
1147 2216 1224 2251 est,
1260 2223 1327 2244 nec
1352 2212 1460 2253 magis
1492 2211 1584 2252 sibi,
1621 2223 1730 2258 quam

297 2254 387 2287 mihi
413 2254 552 2293 omnia,
588 2255 750 2300 quamvis
773 2257 902 2289 summi
935 2259 1126 2298 momenti,
1159 2256 1314 2301 regenda
1338 2258 1511 2300 permisit.
1569 2258 1638 2292 Cui
1663 2269 1728 2302 ego

298 2301 337 2334 in
364 2310 485 2333 amore
512 2310 552 2331 ac
586 2301 705 2334 studio
736 2302 1016 2346 respondebam,
1036 2324 1038 2327 -
1060 2313 1127 2337 nec
1155 2313 1176 2335 a
1210 2313 1267 2335 me
1293 2303 1447 2338 officium
1481 2304 1597 2338 ullum
1629 2304 1728 2338 desi-

299 2346 418 2379 derari
457 2346 639 2389 patiebar,
683 2347 780 2391 quod
811 2351 875 2392 qui
908 2349 1090 2393 diligitur,
1126 2359 1164 2382 se
1197 2349 1362 2394 diligenti
1393 2356 1570 2394 praestare
1606 2349 1726 2384 debet.

298 2392 494 2437 Postquam
530 2398 648 2427 autem
684 2393 748 2426 ille
778 2400 869 2427 nutu
901 2406 942 2428 ac
972 2395 1158 2429 voluntate
1188 2397 1353 2429 universa
1382 2396 1600 2431 moderantis
1634 2397 1727 2438 Dei,

302 2439 399 2472 inter
427 2438 591 2472 homines
617 2450 693 2473 esse
715 2439 844 2482 desiit,
887 2440 925 2473 id
957 2441 1072 2474 solum
1098 2442 1234 2486 negotii
1263 2441 1452 2475 credebam
1474 2442 1563 2476 mihi
1590 2442 1727 2484 datum,

299 2490 341 2519 ut
364 2484 669 2519 evidentissimum
689 2487 762 2519 mei
785 2496 864 2530 erga
879 2487 996 2531 ipsum
1014 2488 1140 2522 amoris
1164 2493 1425 2532 argumentum,
1454 2487 1727 2522 solicitudinem

299 2538 407 2576 atque
448 2542 575 2564 curam.
600 2534 638 2565 iu
667 2532 801 2565 liberos
836 2538 873 2566 et
904 2534 1087 2576 coniugem
1118 2533 1195 2566 eius
1229 2535 1384 2572 ederem.
1431 2535 1476 2569 Et
1503 2534 1648 2582 quidem
1678 2533 1724 2568 ab

300 2578 378 2612 eius
411 2577 515 2610 obitu
538 2590 651 2624 usque
672 2577 742 2611 huc
766 2578 860 2615 nihil
885 2579 1133 2623 praetermisi,
1164 2579 1227 2612 sed
1249 2591 1316 2614 nec
1341 2581 1482 2625 corpori
1512 2591 1591 2614 meo
1613 2591 1726 2626 pecu-

299 2624 414 2656 niisve
438 2626 584 2667 peperci
614 2623 781 2668 nihilque
813 2635 886 2658 non
910 2623 980 2657 feci
1008 2631 1043 2658 et
1072 2625 1229 2666 tentavi,
1263 2632 1304 2660 ut
1325 2627 1398 2660 illis
1423 2628 1612 2670 imperium
1638 2637 1724 2660 con·

300 2677 487 2703 servarem.
552 2669 677 2716 Neque
709 2681 792 2704 vero
831 2682 912 2704 cum
954 2670 1127 2704 hactenus
1159 2681 1223 2715 pro
1264 2684 1306 2706 eo
1340 2685 1381 2707 ac
1419 2672 1528 2706 debui
1565 2673 1722 2706 fideliter

301 2716 468 2760 iusteque
501 2716 738 2759 praefuerint,
782 2716 923 2749 demum
947 2717 1191 2760 magnitudine
1220 2721 1408 2763 potestatis
1435 2719 1597 2758 inflatus,
1629 2717 1722 2751 mihi

300 2761 498 2796 Romanum
529 2762 718 2807 imperium
750 2767 946 2798 asserturus
976 2769 1012 2797 et
1036 2774 1227 2809 personam
1259 2765 1364 2800 istam
1394 2764 1434 2798 in
1457 2764 1722 2813 imperatoriam
