1812 3132
292 158 394 214 130
814 170 1185 216 CANTACUZENI

85 285 350 335 &0134qu
388 276 652 329 διαμέλλειν,
705 268 795 316 ἄλλ’
833 269 915 329 ἤδη
942 275 1042 329 περὶ
1073 271 1279 328 σωτηρίας
1307 270 1437 329 αὖτῆς
1465 288 1510 316 τε
1539 277 1613 317 καί
1635 277 1718 319 τῶν

282 345 432 384 τέκνων
459 341 711 382 σκέπτεσθαι
727 370 741 394 ,
779 338 1078 393 οἷνεμᾴινησκεν
1105 338 1130 392 ἦ
1160 337 1327 390 βασιλὶς
1351 341 1435 380 τῶν
1461 339 1565 395 πρὸς
1592 339 1720 395 ἀλλή-

280 411 383 454 λους
424 400 540 446 οὔπω
580 406 688 458 χθὲς
723 403 796 445 καί
831 401 973 459 πρώην
1001 404 1064 444 ἐπ’
1094 404 1228 443 αιῖτοῦ
1253 405 1529 458 γεγενημένων
1556 400 1716 460 ὅρκων,

280 473 326 513 ἐν
354 467 416 519 οἷς
456 465 564 512 ἄλλα
593 485 639 510 τε
662 467 801 524 εἴρητο
828 470 886 526 τῷ
913 466 1079 524 μεγάλῳ
1110 467 1364 526 δομεστίκῳ,
1407 468 1610 525 ἔφασκεν,
1639 466 1721 511 ὅσα

280 533 481 589 σύνισμεν
522 533 675 584 αὐτοὶ,
720 532 794 590 καί
817 532 896 590 πρὸ
925 534 1008 574 τῶν
1037 528 1174 574 ἄλλων
1202 530 1419 587 ἁπάντων,
1463 533 1556 588 ἵνα,
1591 529 1643 576 ἄν
1679 539 1747 581 τι5

281 600 551 656 κατηγορηθῇ
578 596 694 655 παρά
723 614 833 649 τινος
850 631 862 653 ,
905 597 962 654 μή
1001 598 1159 654 ἐρήμην
1188 595 1321 649 οὕτως
1349 599 1504 642 ἐκείνου
1532 611 1722 655 καταψη-

282 667 482 722 φίζεσθαι
521 662 633 719 ἡμᾶς
657 697 668 714 ,
715 661 803 706 ἄλλ’
832 663 904 706 ἐπὶ
930 665 1048 718 δίκην
1074 664 1332 712 καλέσαντας
1356 665 1429 706 καὶ
1461 664 1589 707 τόπον
1616 660 1724 705 ἆπο-

281 732 426 784 λογίας
453 731 827 786 παρασχομένους,
866 725 918 771 ἂν
943 729 1021 782 μὲν
1050 724 1209 771 ἀδικῶν
1237 726 1456 784 ἁλίσκηται
1483 730 1556 771 καί
1580 731 1722 785 ἐπιορ-

280 798 392 849 κῶν,
433 797 551 844 δίκας
590 793 667 843 τὰς
695 791 873 848 ἐσχάτας
902 795 1110 836 ἀπαιτεῖν·
1163 790 1215 836 ἂν
1243 795 1290 836 δὲ
1316 795 1448 849 μηδὲν
1476 796 1612 851 προσῇ
1638 800 1724 844 τοῖς

280 862 525 917 εἰρημένοις
549 859 721 915 ἀληθὲς,
750 861 834 901 τῶν
861 857 1127 914 ἐγκλημάτων
1151 860 1230 912 μὲν
1257 860 1411 901 ἐκεῖνον
1440 856 1778 913 ἀπολύεσθαι,ιο

239 927 378 976 croug
404 925 671 983 συκοφάντας
697 927 744 967 δὲ
773 924 877 967 αὐτὸ
907 926 1042 979 τοῦθ’,
1087 921 1187 980 ὅπερ
1220 926 1355 977 εἶσὶν,
1386 924 1726 980 ἀποδείκνυσθαι,

283 989 566 1048 συκοφάντας.
622 989 717 1032 νυνί
744 992 791 1032 δὲ
818 991 980 1032 πολλῶν
1009 985 1136 1032 ὄντων
1162 991 1246 1032 τῶν
1276 986 1470 1039 οἷπιστίας
1496 992 1568 1032 καί
1586 991 1727 1045 ἐπιορ-

283 1061 377 1107 κίας
404 1055 650 1109 διωκόντων,
690 1055 842 1099 οὐδένα
870 1053 998 1112 ὅρᾷν,
1029 1052 1075 1104 ὃς
1102 1056 1444 1111 α’ντικαταστῆναι
1470 1053 1569 1109 πρὸς
1599 1051 1728 1098 αὐτὸν
1786 1089 1788 1091 -

282 1124 356 1165 έπί
381 1125 454 1178 τῆς
483 1123 599 1177 δίκης
626 1121 824 1177 τολμήσει
833 1153 846 1174 ,
890 1118 987 1163 ὥστ’
1017 1121 1244 1174 ἐξελέγχειν
1271 1117 1510 1165 ἀδικοῦντα.
1567 1121 1618 1161 οὔ
1642 1119 1728 1175 μὴν

287 1185 381 1230 ἀλλ’
412 1189 513 1229 οὐδὲ
541 1189 615 1229 νῦν
641 1203 735 1229 τινα
765 1183 999 1243 διαρῥήδην
1028 1187 1184 1228 ἐκείνου
1213 1191 1476 1241 κατηγορεῖν,
1508 1183 1574 1227 ὅτι
1593 1183 1781 1239 notit-15

285 1270 369 1296 των
397 1254 533 1301 κακῶς
560 1246 695 1294 ὦπται
723 1253 796 1294 καί
822 1251 1024 1308 προδότης
1049 1252 1147 1305 περὶ
1173 1253 1272 1304 ἐμὲ,
1303 1247 1401 1293 ὥστ’
1429 1252 1475 1293 ἐκ
1501 1253 1583 1292 τῶν
1612 1254 1726 1305 λεγο-

284 1320 421 1371 μένων
457 1317 531 1359 καί
556 1316 685 1372 αὐτὴν
713 1315 824 1371 ἔχειν
851 1319 1054 1374 συνορᾷν,
1094 1318 1134 1358 εἰ
1159 1315 1419 1372 συκοφαντία
1447 1314 1500 1357 τὰ
1527 1317 1726 1370 εἰρημένα

284 1378 315 1438 ἢ
350 1384 551 1438 ἀληθείας
587 1381 737 1437 ἔχεταί
766 1398 890 1431 τινος.
945 1382 1036 1423 ἀλλ’
1065 1379 1195 1430 οὕτως
1223 1379 1360 1436 ὥσπερ
1380 1378 1436 1422 ἐκ
1466 1378 1728 1436 συνθήματος

284 1448 437 1497 πάντες
464 1445 595 1490 αὐτοῦ
629 1450 991 1502 καταψηφίζονται
1019 1445 1095 1500 τήν
1121 1447 1337 1500 βασιλείας
1359 1445 1568 1500 ἁρπαγήν,
1596 1447 1727 1500 μηδὲν

288 1516 414 1555 πλέον
442 1512 745 1567 προστιθέντες.
774 1509 822 1553 οὗ
849 1511 899 1566 δὴ
931 1513 1112 1563 δίκαιον,
1142 1507 1226 1552 οὔτ’
1246 1507 1380 1559 ἄλλως
1400 1511 1601 1564 εὐπρεπὲς
1617 1513 1782 1564 ἐμοι“,20

290 1585 374 1628 τοῖς
401 1576 514 1633 παρὰ
541 1578 623 1619 τῶν
649 1578 811 1618 πολλῶν
839 1580 1085 1618 πεισθεῖσαν
1107 1575 1267 1630 λόγοις,
1297 1576 1419 1617 οὐδὲν
1434 1578 1605 1629 βέβαιον
1628 1574 1729 1631 πρὸς

292 1642 506 1692 ἀπόδειξιν
534 1640 680 1696 ἔχουσι
707 1645 783 1697 τῆς
810 1641 1012 1697 α’ληθεώις
1028 1673 1038 1692 ,
1070 1639 1252 1694 πόλεμον
1276 1639 1382 1697 πρὸς
1409 1643 1563 1683 ἐκεῖνον
1589 1640 1730 1699 ἐμφύ-

245 1712 382 1764 Βλιον
410 1712 553 1751 κινεῖν.
613 1708 664 1749 οὕ
692 1706 772 1764 γαρ
801 1709 883 1750 τῶν
910 1708 1071 1750 πολλῶν
1099 1702 1183 1762 εἷς,
1213 1703 1313 1751 ὥστ’
1340 1706 1469 1750 αὐτοῦ
1496 1708 1629 1766 ῥᾷστα
1656 1722 1729 1750 πε-

390 1830 440 1864 13.
469 1828 564 1875 ὄρᾷν
588 1828 669 1863 add.
698 1828 749 1862 M.
1515 1837 1550 1866 ,e

295 1929 412 1963 salute
438 1929 588 1963 laboret.
637 1927 794 1962 Redibat
825 1932 944 1961 autem
971 1928 1010 1961 in
1035 1926 1244 1961 memoriam
1278 1928 1512 1971 imperatrix.
1546 1925 1729 1971 quomodo

295 1976 568 2015 recentissime,
593 1974 673 2020 ipso
695 1973 897 2019 patriarcha
920 1979 1127 2017 praesente,
1167 1975 1346 2008 iurassent
1371 1979 1556 2013 mutuum,
1584 1971 1731 2018 quaudo

297 2027 335 2055 et
357 2022 428 2055 alia
454 2021 589 2055 dixerit
609 2032 756 2066 magnus
784 2020 1020 2060 domesticus,
1057 2030 1149 2066 quae
1173 2020 1243 2064 ipsi
1267 2031 1384 2053 secum
1412 2018 1665 2058 recordentur,
1694 2023 1733 2052 et

294 2068 366 2101 hoc
388 2069 577 2112 inprimis,
612 2072 654 2100 ut
688 2068 718 2098 si
743 2066 834 2112 quid
867 2071 1116 2107 accusaretur,
1153 2077 1198 2099 ne
1233 2066 1416 2099 absentem
1455 2065 1591 2099 indicta
1628 2076 1732 2098 causa

297 2113 532 2154 damnarent,
557 2113 621 2146 sed
648 2113 687 2145 in
713 2113 889 2146 iudicium
912 2117 1037 2146 vocato
1053 2137 1063 2153 ,
1097 2112 1216 2145 locum
1242 2112 1465 2145 defensionis
1499 2111 1650 2150 darent,
1694 2116 1732 2144 et

297 2159 479 2205 siquidem
505 2159 660 2192 iniustus
686 2169 727 2191 ac
752 2159 918 2202 periurus
946 2157 1228 2202 comperiretur,
1258 2164 1417 2192 extremo
1443 2168 1524 2190 eum
1549 2157 1730 2201 supplicio

297 2205 530 2247 addicerent,
566 2206 622 2238 siu
649 2204 790 2238 abesset
821 2204 866 2236 ab
892 2206 1118 2238 accusatione
1142 2204 1272 2237 veritas
1288 2228 1297 2243 ‚
1333 2204 1543 2237 criminibus
1568 2204 1734 2237 absolve-

298 2257 381 2286 rent
405 2257 443 2285 et
465 2250 701 2295 sycophantas
725 2250 794 2284 hoc
818 2252 956 2295 ipsum,
984 2249 1083 2295 quod
1107 2255 1210 2289 sunt,
1235 2251 1476 2283 ostenderent.
1525 2251 1630 2283 Nunc
1653 2259 1733 2282 cum

296 2299 406 2332 illum
438 2297 611 2342 perfidiae
648 2307 688 2329 ac
712 2297 863 2342 periurii
897 2297 1003 2330 multi
1035 2297 1271 2335 insimulent,
1307 2298 1486 2330 neminem
1516 2308 1554 2329 se
1594 2295 1734 2334 videre,

301 2345 366 2390 qui
393 2344 427 2377 ei
451 2345 489 2376 in
513 2343 647 2377 iudicio
673 2354 710 2376 se
735 2353 918 2387 opponere
944 2347 981 2375 et
1003 2352 1068 2386 pro
1101 2343 1274 2376 scelerato
1307 2353 1454 2387 arguere
1480 2342 1632 2385 audeat3
1670 2340 1734 2375 sed

301 2401 369 2423 nec
394 2391 457 2435 qui
484 2388 666 2430 manifeste
698 2400 780 2422 eum
809 2394 974 2428 accuset,
1002 2389 1103 2432 quasi
1129 2390 1192 2434 qui
1219 2388 1411 2432 malignum
1438 2400 1474 2421 se
1500 2393 1536 2421 et
1567 2387 1733 2433 prodito-

302 2447 378 2469 rem
401 2438 478 2469 eius
501 2435 777 2468 demonstrarit:
812 2439 852 2467 ut
878 2446 922 2468 ex
953 2434 1086 2467 auditis
1119 2434 1210 2467 hanc
1240 2434 1458 2468 delationem
1489 2445 1595 2479 puras
1627 2439 1731 2477 putas

304 2493 381 2516 esse
414 2483 610 2515 calumnias
645 2482 786 2525 potius,
829 2492 934 2525 quam
975 2479 1115 2525 aliquid
1148 2482 1311 2514 veritatis
1346 2480 1501 2520 habere,
1530 2481 1732 2524 perspicere

307 2534 437 2573 queat,
467 2534 503 2561 et
526 2529 626 2561 velut
649 2538 692 2560 ex
715 2527 911 2571 composito
934 2526 978 2559 ab
1005 2527 1190 2564 omnibus,
1223 2527 1326 2560 nullo
1352 2532 1560 2572 argumento
1591 2531 1632 2559 ut
1664 2527 1734 2559 im-

305 2575 400 2618 perii
431 2574 630 2607 invasorem
663 2585 762 2607 reum
785 2574 916 2618 peragi.
965 2572 1046 2605 Non
1080 2574 1203 2618 itaque
1239 2574 1372 2606 iustum
1405 2583 1502 2612 esse,
1535 2583 1602 2606 nec
1631 2582 1734 2605 suam

275 2659 278 2662 Α
306 2620 432 2653 decere
457 2631 664 2662 personam,
687 2621 878 2653 multorum
903 2619 1146 2660 sermonibus,
1179 2618 1274 2652 nihil
1300 2619 1344 2653 ad
1367 2619 1615 2663 probationem
1639 2617 1734 2651 veri-

305 2667 391 2700 tatis
416 2666 571 2699 solidum
598 2665 890 2706 continentibus,
924 2664 1128 2705 credulam,
1162 2665 1297 2698 bellum
1322 2665 1427 2698 civile
1459 2664 1624 2697 adversus
1650 2674 1732 2697 eum

306 2714 501 2756 inceptare.
550 2712 631 2745 Non
656 2724 732 2746 esse
756 2723 865 2745 unum
892 2711 935 2744 de
959 2710 1068 2756 plebe
1093 2711 1228 2750 infima,
1243 2717 1283 2744 ut
1309 2721 1415 2754 opera
1440 2711 1616 2744 levissima
1644 2709 1736 2743 sub-

306 2759 434 2802 igatur.
505 2758 577 2792 Sed
615 2769 709 2805 quae
741 2769 839 2793 nunc
869 2757 966 2793 dicta
1001 2758 1096 2800 sint,
1131 2769 1253 2793 eorum
1288 2757 1383 2792 nihil
1413 2758 1448 2791 ei
1482 2755 1734 2799 indicandum3
