1812 3132
506 235 885 278 msTomARmu
930 241 1001 281 111.
1034 241 1103 285 18.
1407 240 1426 275 1
1446 220 1509 276 15

77 341 192 388 νοίας
229 339 303 379 καὶ
341 336 412 380 τὸν
439 339 570 379 παῖδα
597 341 775 392 βασιλέα
804 340 935 381 δοκῶν
962 345 1254 397 καταφρονεῖν.
1313 339 1444 383 καιιτοι
1467 356 1513 396 γε
1523 347 1704 393 Δ.ὓ.ι34ι

78 407 185 461 φαιή
214 421 279 453 τις
305 398 382 456 ἄν,
411 399 509 446 οὐδὲ
535 402 614 458 τὴνΙ
638 405 796 446 ἐκείνου
827 403 1056 447 κατάλυσιν
1097 407 1172 447 καί
1207 404 1378 462 φθοράν
1417 403 1518 449 ἅδο-

68 471 148 512 -λόν
182 484 249 512 σοι
286 468 359 510 καί
395 468 591 524 καθαράν
618 467 693 524 τήν
719 467 876 524 ἡδονήν
903 471 1127 525 παρέχειν,
1166 468 1233 514 οἷα
1264 470 1314 526 δὴ
1342 474 1415 527 τῆς
1441 475 1523 514 θυ-

77 535 228 590 γατρὸς
251 535 390 592 ἐκείνῳ
419 534 746 589 συνατυχούσης.
793 538 916 577 τοῦτο
944 537 980 576 δ”
1007 533 1109 591 ὅσην
1139 535 1227 591 ἔχει
1257 535 1335 592 την
1366 539 1521 594 διαφο-

54 599 157 656 5ράν
178 632 190 654 ,
231 597 364 651 ἔξεστι
398 599 647 655 παράλληλα
675 603 851 653 θέμενον
878 599 930 643 τά
969 603 1195 656 πράγματα
1237 608 1416 645 σκοπεῖν.
1473 602 1644 649 arip-⁴07

78 664 160 721 γάρ
208 661 374 719 ὅμοιον,
417 665 518 715 τούς
557 669 636 719 μὲν
675 669 758 708 τῶν
803 665 971 709 παίδων
1013 664 1152 723 ὥσπερ
1200 667 1526 724 κατορωρύχθαι

81 733 264 785 ζῶντας,
292 730 388 780 τούς
417 733 464 773 δὲ
490 735 588 787 παρ’
616 732 739 783 ἀξίαν
778 731 976 788 πράττειν
1007 736 1144 782 κακῶς
1170 735 1244 775 καί
1279 736 1431 784 ἑνὸέὦς
1457 733 1531 776 καὶ

81 798 367 853 ἀνελευθέρως
406 798 508 854 ζῇν,
553 797 627 840 καὶ
661 799 777 853 γένος
810 798 883 839 ὑπ’
911 799 1071 840 ἐκείνου
1097 800 1183 840 πᾶν
1208 797 1350 855 αῗσπερ
1381 801 1530 841 δοῦλον

83 858 263 918 ἄγεσθαι
297 862 372 905 καί
409 866 646 920 φέρεσθαι,
697 866 771 906 καί
807 862 938 907 αὐτὸν
977 865 1101 906 ου’δὲν
1143 865 1300 917 α’μείνω
1353 862 1532 919 πάσχειν

34 927 165 971 ιοῦπὸ
214 932 289 984 τῆς
324 927 424 984 πρὸς
473 927 629 979 πάντας
684 933 972 984 συμπαθείας,
1019 929 1091 972 καί
1126 932 1227 983 μιᾶς
1273 930 1540 985 ἆτυχησάσης

81 993 292 1051 θυγατρὸς
319 996 438 1037 πάντ’
467 997 602 1038 ἐκεῖνα
631 995 838 1039 λελύσθαι
866 995 919 1038 τά
969 997 1158 1053 δυσχερῆ
1211 996 1285 1038 καί
1325 997 1372 1038 σὲ
1402 992 1533 1037 δύνα-

83 1064 190 1103 σθαι
230 1057 279 1101 οὗ
312 1062 428 1115 γένος
465 1060 594 1113 μόνον
632 1064 707 1103 καί
742 1063 945 1115 οἰκείους,
985 1059 1090 1104 ἀλλὰ
1128 1060 1201 1103 καί
1239 1059 1338 1110 τούς
1378 1057 1530 1109 ἄλλους

86 1125 237 1183 φίλους
274 1125 494 1182 λαμπροὺς
535 1133 668 1169 ποιεῖν
705 1129 780 1170 καί
814 1126 1080 1182 περιδόξους,
1126 1125 1263 1182 πάσης
1302 1128 1346 1177 ἐξ
1372 1127 1531 1169 ἐκείνου

85 1194 427 1247 μετενηνεγμένης
453 1195 527 1247 τῆς
547 1191 766 1247 Ῥωμαίων
797 1194 932 1249 ἀρχῆς
960 1196 1019 1244 εἰς
1036 1196 1099 1236 σέ.
1153 1193 1215 1242 τίς
1243 1192 1346 1248 γάρ,
1375 1195 1532 1234 ἐκείνου

42 1258 286 1306 ιόπεσόντος
315 1253 343 1312 ἢ
368 1259 442 1300 καί
467 1261 541 1313 τῆς
568 1255 703 1314 ἀρχῆς
732 1261 1055 1315 ἐκβεβλημένου,
1088 1262 1165 1301 σοῦ
1191 1262 1352 1312 μᾶλλον
1377 1257 1536 1300 δικαιό-

87 1338 237 1378 τερος,
268 1324 340 1365 ἐπὶ
370 1326 454 1366 ταῖν
482 1324 736 1379 πραγμάτων
763 1322 894 1378 εἶναι,
924 1326 999 1367 οὐκ
1028 1322 1179 1384 ἆνδρίᾳ
1209 1324 1335 1379 μόνον
1362 1327 1436 1366 καί
1461 1339 1539 1364 πο-

91 1388 229 1441 λέμων
256 1389 475 1447 ἐμπειρίᾳ,
506 1388 611 1431 ἀλλὰ
632 1391 705 1431 καί
723 1391 981 1446 λαμπρότητι
1008 1393 1152 1445 γένους
1180 1394 1252 1433 καί
1279 1392 1443 1432 συνέσει
1460 1387 1532 1430 καί
1545 1394 1572 1426 Β

92 1459 182 1501 τοῖς
211 1449 351 1502 ἄλλοις
379 1452 536 1496 ἅπασιν
568 1457 642 1497 οιῗκ
687 1456 811 1514 ὀλίγῳ
837 1459 921 1498 τινί
946 1459 1006 1514 τῷ
1032 1459 1145 1512 μέσῳ
1175 1456 1333 1506 πάντας
1357 1456 1539 1508 Ῥωμαί-

97 1532 170 1566 ους
204 1517 442 1574 παριόντος.
495 1519 575 1574 έγώ
609 1523 655 1564 δὲ
700 1521 806 1577 πρὸς
843 1519 1007 1564 ἅπαντα
1036 1519 1270 1577 προθύμως
1309 1536 1543 1574 συναγωνι-

44 1585 227 1635 Ωοοῦμαι
242 1618 254 1636 ,
284 1582 400 1634 τάξιν
427 1587 588 1638 ἐπέχων
615 1586 826 1643 ὑπηρέτου
855 1587 927 1628 καὶ
954 1587 1057 1644 πρὸς
1085 1590 1169 1629 πᾶν
1196 1587 1243 1628 τὸ
1274 1583 1542 1638 κελευόμενον

99 1644 351 1701 ἑτοιμότατα
379 1648 488 1703 ἔχων
517 1649 756 1693 ὑπακούειν.
813 1653 862 1692 οὔ
895 1652 944 1707 δη
965 1685 977 1706 ,
1019 1651 1120 1708 πρὸς
1154 1654 1341 1693 τοιοῦτον
1368 1648 1543 1706 ἰσχυρό-

99 1730 228 1757 τατον
255 1714 560 1771 α’νταγωνιστην
589 1714 898 1771 ἀποδυόμενον,
925 1721 1026 1773 περὶ
1056 1717 1240 1771 ψεύδους
1273 1718 1346 1758 καί
1372 1715 1545 1771 ἀληθεί-

102 1796 154 1829 ας
181 1781 465 1835 ἀκριβολογεῖν
489 1781 642 1838 χρεών,
673 1783 780 1825 ἀλλὰ
809 1783 913 1839 πρὸς
941 1786 986 1827 ἓν
1013 1782 1155 1838 μόνον,
1182 1783 1258 1839 τήν
1287 1782 1444 1825 ἐκείνου
1470 1798 1545 1823 κα·-

199 1900 232 1944 4.
253 1896 322 1942 τὴν
349 1898 431 1932 add.
459 1899 506 1933 Μ.
578 1900 609 1934 5.
620 1900 822 1946 τιθέμενον
848 1901 881 1932 Ρ.
1255 1910 1299 1935 2¹0

107 1994 186 2028 eius
211 1998 319 2039 atque
344 1994 542 2037 perniciem
564 1993 664 2027 haud
686 2005 812 2039 puram
842 1999 879 2028 et
903 1993 1085 2039 liquidam
1109 1993 1179 2027 tibi
1203 1993 1426 2038 voluptatem
1446 2003 1552 2037 prae-

106 2042 287 2081 bituram,
319 2041 395 2074 filia
429 2046 492 2073 tua
523 2041 738 2075 calamitatis
769 2043 846 2074 eius
873 2042 981 2073 socia.
1030 2041 1141 2085 Atqui
1171 2040 1392 2085 permultum
1428 2039 1555 2073 differe

108 2087 200 2122 haec
224 2086 316 2127 duo,
349 2098 394 2119 ex
418 2089 684 2132 comparatione
708 2089 914 2132 perspicere
939 2088 1036 2121 licet.
1084 2087 1166 2120 Non
1194 2087 1290 2121 enim
1322 2086 1440 2125 simile
1476 2090 1554 2124 est,

112 2134 269 2168 filiorum
295 2138 439 2167 tuorum
464 2135 555 2167 alios
580 2136 686 2180 quasi
710 2134 808 2170 vivos
835 2134 996 2178 sepultos
1023 2144 1124 2174 esse,
1148 2133 1238 2166 alios
1265 2133 1413 2177 indigue
1443 2133 1560 2164 mise-

112 2191 172 2213 ros
198 2190 275 2212 esse
301 2180 484 2226 vitamque
509 2180 728 2214 illiberalem
753 2187 791 2214 et
815 2181 963 2225 inopem
988 2180 1108 2214 vivere
1124 2205 1133 2220 ‚
1170 2180 1256 2211 item
1283 2189 1394 2224 genus
1419 2178 1464 2211 ab
1490 2178 1556 2210 illo

115 2231 234 2260 totum
258 2225 358 2259 velut
387 2238 525 2260 servum
555 2238 619 2271 pro
645 2226 802 2261 libidine
826 2229 961 2261 versari
986 2226 1226 2271 tractarique,
1259 2237 1299 2260 ac
1322 2232 1359 2260 te
1383 2224 1431 2258 ob
1455 2235 1559 2258 com-

116 2272 387 2306 miserationem
413 2284 493 2319 erga
525 2285 649 2307 omnes
682 2273 801 2306 nihilo
835 2274 910 2306 illis
945 2274 1075 2306 melius
1111 2272 1264 2306 habere:
1305 2277 1342 2305 et
1376 2282 1450 2305 unt
1482 2270 1559 2304 filia

116 2319 362 2360 infortunata,
397 2330 516 2354 carere
551 2321 654 2355 malis
688 2321 768 2354 istis
809 2320 978 2353 omnibus
1015 2325 1126 2365 teque
1169 2329 1243 2351 non
1272 2329 1383 2361 genus
1417 2322 1560 2351 tantum

119 2371 158 2398 et
177 2364 416 2410 propinquos,
442 2366 505 2400 sed
526 2367 617 2400 alios
644 2372 830 2411 praeterea
859 2367 1011 2406 amicos,
1043 2371 1119 2399 toto
1143 2365 1381 2399 Romanorum
1406 2364 1561 2410 imperio

120 2411 207 2445 inde
243 2410 290 2443 ad
324 2417 361 2445 te
398 2412 599 2453 translato,
639 2413 820 2446 illustrare
857 2419 895 2447 et
932 2413 1077 2446 inclitos
1114 2412 1263 2444 reddere
1292 2421 1408 2456 posse.
1467 2411 1560 2455 Quis

122 2458 220 2492 enim
244 2457 310 2490 illo
335 2463 399 2492 aut
422 2460 459 2492 iu
485 2460 624 2504 praelio
649 2464 846 2504 oppetente
879 2465 943 2493 aut
979 2459 1130 2502 imperio
1167 2457 1332 2498 deiecto,
1363 2458 1492 2490 iustius
1524 2463 1563 2491 te

122 2504 218 2538 illud
242 2504 426 2548 capessat?
465 2506 527 2552 qui
564 2518 637 2539 non
673 2505 892 2539 fortitudine
930 2506 1118 2539 dumtaxat
1149 2509 1187 2537 et
1219 2503 1358 2537 artibus
1392 2500 1563 2544 bellicis,

123 2550 190 2585 ned
214 2555 251 2583 et
276 2551 467 2594 splendore
501 2553 660 2585 familiae
692 2558 729 2585 et
760 2553 907 2595 ingenio
943 2557 981 2584 et
1015 2552 1096 2583 aliis
1136 2552 1354 2585 ornamenfis
1386 2551 1564 2584 Romanos

125 2606 252 2630 omnes
277 2597 386 2640 longe
409 2598 634 2643 multumque
669 2599 868 2632 antecellis.
918 2600 990 2641 Ego
1017 2608 1101 2630 vero
1130 2597 1176 2630 ad
1200 2598 1320 2630 omnia
1344 2598 1483 2630 socium
1507 2608 1566 2630 me

123 2642 246 2677 libens
271 2645 401 2676 merito
427 2647 535 2678 offero
560 2650 598 2677 et
621 2645 735 2678 instar
756 2645 915 2678 ministri
940 2646 1046 2677 iussis
1071 2643 1142 2676 tuis
1167 2642 1304 2688 ubique
1331 2654 1467 2677 summa
1501 2654 1567 2676 vo-

127 2690 270 2724 luntate
290 2689 468 2723 obediam.
494 2691 543 2724 Ac
562 2702 648 2724 sane
675 2702 756 2727 cum
776 2692 822 2724 ad
842 2692 950 2723 talem
978 2701 1132 2734 pugnam
1157 2690 1465 2734 fortissimumque
1491 2700 1568 2722 cer-

129 2740 284 2769 tator-em
310 2735 480 2776 accedas,
521 2736 748 2770 mendacium
783 2737 1045 2780 veritatemque
1077 2737 1116 2770 in
1146 2735 1203 2768 his
1250 2737 1451 2769 accuratius
1494 2735 1570 2768 dis-

130 2786 253 2815 cutere
283 2787 321 2815 et
345 2784 574 2822 examinare,
605 2782 701 2816 nihil
733 2792 878 2817 necesse
915 2788 991 2824 θεῖς
1030 2782 1093 2816 sed
1116 2783 1287 2826 neglectis
1321 2782 1475 2822 ceteris,
1502 2781 1570 2813 hoc

133 2838 244 2863 unum
269 2829 434 2871 studere,
470 2829 599 2863 utine
625 2830 817 2875 imperium
853 2830 1018 2862 amittat:
1060 2829 1090 2862 si
1123 2829 1230 2862 modo
1263 2829 1450 2873 quippiam
1482 2840 1570 2873 pru-
