1800 3132
254 171 321 225 16
772 185 1142 230 cANrAcqum

52 288 93 328 A.
103 288 141 324 C.
160 286 323 333 ι34ικαί
338 285 365 342 ἦ
383 285 620 342 προθεσμία
636 287 773 342 παρῆν
792 289 874 329 τῶν
888 286 1091 341 ἱλασμῶν,
1122 286 1334 329 ἐτελοῦντο
1361 284 1583 340 ἀθορύβως
1613 286 1688 328 καί

113 357 155 391 V.
170 357 236 393 285
248 347 671 407 τεταγμένωςοῧτως,
694 350 751 402 ὥς
767 353 903 394 δοκεῖν
921 349 1083 407 ὄλίγους
1102 350 1221 400 τινὰς
1240 348 1347 394 εἶναι
1363 353 1436 393 καί
1451 348 1688 407 εύαριθμή-

245 434 343 467 τους
368 414 464 466 τοὺς
488 419 724 466 τελοῦντας.
756 417 856 461 οὐδὲ
885 417 965 473 γὰρ
996 414 1157 473 ἄσημός
1187 433 1251 466 τις
1289 414 1504 472 ἑξηκούετο
1538 417 1685 471 θροῦς,

250 480 338 526 οἷον
373 488 508 523 ποιεῖν
554 486 673 538 φιλεῖ
707 481 753 525 τὸ
791 485 976 538 πλῆθος,
1032 485 1118 525 ἄλλ’
1150 484 1313 534 ἐξαισία
1341 498 1403 531 τις
1430 480 1688 536 εὐαρμοστία

251 550 323 591 καί
353 549 578 604 συμφωνία
605 550 784 601 μέλους,
815 547 979 590 πάντων
1007 550 1157 604 ἐφεξῆς
1184 547 1281 597 τούς
1309 546 1450 604 ἱερούς
1504 544 1723 602 ᾆδόντωνζὶ

250 612 421 667 ὕμνους.
487 616 560 655 καί
602 608 653 668 ἦν
695 614 771 655 ούκ
807 614 997 668 ἔκπληξιν
1031 614 1181 667 μόνον,
1226 610 1332 655 ἄλλα
1369 611 1442 654 καί
1462 610 1613 668 ἡδονὴν
1638 610 1695 659 τὸ,

250 678 393 731 θέαμα
421 680 631 734 παρέχον,
660 680 883 734 κατάλογος
915 676 1025 733 ἱερὸς
1054 675 1259 733 ὁρώμενος
1287 679 1482 726 τοσοῦτος
1497 674 1586 730 ἅμα
1604 681 1693 726 τοῖς

249 743 496 800 ἱεράρχοιις,
539 747 706 794 στολαῖς
742 744 874 799 ἱεραῖς
913 746 1211 798 κεκοσμημένοι
1247 745 1320 784 καί
1352 745 1453 796 μιάν
1479 744 1692 792 τελοῦντες
1715 774 1723 777 -

252 809 431 864 τελετὴν,
460 809 538 866 ὑφ’
565 808 628 851 ἔνι’
654 808 910 864 καθηγεμόνι
936 811 993 866 τῷ
1018 806 1255 865 πατριάρχῃ
1276 809 1526 862 τεταγμένοι.
1582 811 1690 860 λαμ-

210 875 400 924 Βπάδων
427 877 473 917 δὲ
501 877 719 932 περιουσίᾳ
746 873 819 916 καί
842 877 893 931 τῇ
918 869 1022 930 ἄλλῃ
1053 876 1295 930 πολυτελείᾳ
1324 874 1398 928 τῆς
1425 874 1744 928 παρασκευῆςιο

255 943 329 982 καί
352 939 426 990 τοὶς
457 940 620 982 πώποτε
648 940 914 993 ὑμνουμένας
938 937 1214 994 παρηκόντισε
1244 940 1326 980 τῶν
1351 935 1524 994 ἑορτῶν.
1588 934 1691 981 οἶνοι-

255 1006 431 1060 λώματα
459 1007 505 1048 δὲ
534 1004 582 1047 τά
611 1004 684 1047 ἐπὶ
707 1004 870 1053 τούτοις
897 1005 970 1045 καί
993 1000 1097 1053 τούς
1118 1005 1200 1046 τῶν
1228 1002 1373 1059 ἱερέων
1390 1000 1588 1057 μισθούς,
1618 1019 1693 1059 φι-

255 1074 433 1125 λοτίμως
470 1069 654 1124 μάλιστα
693 1071 989 1125 γεγενημένους
1030 1067 1182 1127 ἑκάστῳ
1223 1071 1309 1111 κατ’
1352 1068 1498 1121 α’ξίαν,
1530 1066 1694 1111 οἴκοθεν

257 1136 279 1180 ὅ
307 1139 438 1192 μέγας
463 1136 699 1188 ὃομέστικος
725 1136 957 1191 παρέσχετο
990 1133 1129 1183 αὐτός.

117 1219 154 1258 Ρ,
178 1219 242 1254 351
366 1203 418 1257 β’.
476 1201 604 1245 Ἀλλὰ
634 1198 686 1243 τὰ
724 1203 802 1255 μὲν
832 1202 914 1244 τῶν
941 1199 1130 1254 ἱλασμῶν
1157 1203 1334 1242 τοιαῦτα
1363 1197 1554 1255 ἐγεγόνει.
1616 1199 1748 1249 ani-15

259 1269 330 1319 τὸς
357 1270 403 1310 δὲ
428 1265 559 1321 εἴχετο
591 1271 664 1322 τῆς
689 1269 770 1308 τῶν
797 1265 1054 1322 πραγμάτων
1081 1265 1322 1321 διοικήσεως
1351 1263 1490 1319 ὥσπερ
1511 1263 1585 1307 καὶ
1604 1261 1696 1321 πρότ

259 1349 405 1390 τερον,
431 1333 588 1388 μηδένα
615 1330 858 1374 ὑποπτεύων
896 1333 994 1386 περί
1032 1329 1215 1379 ου’ὃενός.
1275 1333 1334 1388 τῷ
1371 1331 1608 1387 πατριάρχῃ
1647 1331 1696 1372 δὲ

259 1401 337 1442 οὐκ
375 1395 492 1454 ἤρκει
518 1399 657 1451 μένειν
693 1399 766 1439 ἐπὶ
789 1402 875 1445 τοῖς
900 1398 1143 1452 προτέροις,
1172 1397 1260 1437 ἀλλ’
1293 1395 1435 1440 ἐδόκει,
1459 1397 1545 1436 δεῖν
1581 1394 1696 1442 οἰντέ-Ἰ

253 1468 411 1522 >gea-902»
427 1466 500 1519 τῆς
516 1465 597 1505 τῶν
618 1465 764 1504 κοινῶν
791 1459 1045 1517 πραγμάτων
1074 1459 1314 1516 διοικήσεως
1323 1493 1337 1514 ,
1367 1460 1425 1511 ὦς
1446 1460 1556 1516 αὐτῷ
1566 1473 1697 1513 προσ-

256 1529 434 1588 ηκούσης
485 1531 531 1571 ἐκ
558 1527 759 1583 τοιαύτης
800 1525 851 1582 δή
889 1543 996 1576 τινος
1035 1528 1179 1575 αἰτίας.
1240 1525 1300 1568 ἔτι
1331 1524 1543 1581 περιόντος
1568 1529 1751 1579 βασι-20.

258 1599 363 1646 λέως
392 1595 467 1637 οὐκ
497 1592 618 1652 ὀλίγῳ
646 1591 782 1650 χρόνῳ
808 1592 889 1648 πρὸ
924 1595 996 1648 τῆς
1026 1593 1214 1646 τελευτῆς
1242 1590 1539 1645 συνεβούλευεν
1575 1590 1597 1632 ὅ
1626 1591 1698 1644 μέ-

258 1678 336 1718 γας
374 1662 614 1715 δομέστικος
642 1659 756 1716 αὐτῷ
782 1659 1047 1715 πατριάρχην
1078 1663 1220 1699 πεῖσαι
1248 1657 1452 1709 ἐπιτίμιον
1478 1653 1701 1711 οἷνοιτείνα-μ

260 1731 368 1771 σθαι
403 1725 474 1768 καί
511 1723 729 1781 χωρισμὸν
769 1727 843 1779 τῆς
878 1725 1096 1779 ἐκκλησίας
1122 1724 1205 1765 τῶν
1228 1722 1407 1775 πιστῶν,
1434 1720 1479 1763 εἴ
1501 1737 1563 1771 τις
1588 1735 1698 1763 τετε-

264 1850 343 1885 dies
364 1848 550 1895 placandis
588 1846 755 1880 manibus
783 1846 880 1881 dicta
914 1844 1060 1887 illuxit,
1097 1844 1215 1879 omnia
1247 1842 1339 1876 adeo
1377 1844 1466 1878 citra
1501 1834 1701 1878 tumultum

262 1902 442 1942 tantoque
467 1895 594 1929 ordine
622 1899 765 1940 peracta
791 1897 896 1934 sunt,
939 1891 1042 1938 quasi
1075 1892 1138 1936 qui
1168 1888 1386 1936 peragebant
1418 1890 1523 1935 pauci
1553 1900 1594 1924 ac
1625 1901 1700 1924 nu-

265 1948 405 1977 meratu
450 1942 571 1975 faciles
617 1945 746 1974 essent.
811 1940 865 1974 Ne
894 1949 938 1972 ue
980 1937 1075 1972 enim
1115 1937 1242 1971 saltem
1283 1936 1468 1970 obscurius
1516 1947 1702 1976 murmur,

266 1991 373 2037 quale
398 1990 437 2023 in
462 1988 670 2034 frequentia
695 1987 808 2026 solet,
835 1950 897 2019 seffi
922 1982 1144 2017 admirabilis
1171 1981 1347 2029 quaedam
1362 2008 1372 2024 ,
1397 1981 1564 2018 omnibus
1587 1983 1700 2021 alt-er-

265 2037 381 2071 natim
405 2046 520 2069 sacros
543 2034 693 2077 hymnos
724 2030 1015 2070 modulantibus,
1057 2030 1280 2064 concinnitas
1311 2033 1422 2074 atque
1445 2029 1701 2063 convenientia
1728 2061 1730 2063 .

265 2093 392 2118 vocum
430 2080 712 2116 exaudiebatur:
755 2089 823 2112 nec
859 2076 998 2121 stupori
1034 2081 1196 2116 tantum,
1239 2075 1303 2110 sed
1340 2076 1520 2121 voluptati
1552 2085 1700 2122 quoque

268 2135 347 2164 erat
368 2128 438 2163 hoc
469 2127 733 2172 spectaculum,
768 2125 852 2158 dum
886 2123 937 2155 ita
970 2123 1093 2166 ingens
1136 2122 1359 2156 sacerdotum
1392 2122 1588 2156 multitudo
1618 2132 1701 2155 cum

269 2176 469 2221 episcopis,
499 2174 625 2207 induta
651 2171 760 2211 sacris
783 2169 970 2210 vestibus,
1003 2168 1070 2202 sub
1103 2180 1175 2202 uno
1198 2168 1400 2214 patriarcha
1424 2169 1537 2210 duee,
1569 2168 1701 2202 iisdem

268 2222 400 2256 ritibus
422 2222 638 2265 fungeretur.
687 2216 906 2262 Lampadum
927 2226 1010 2249 vero
1041 2216 1145 2262 copia
1172 2216 1381 2261 reliquique
1407 2220 1598 2260 apparatus
1620 2225 1698 2247 am-

270 2268 414 2314 plitudo
446 2266 607 2300 omnium
631 2264 770 2297 dierum
790 2264 978 2303 festorum,
1000 2263 1064 2307 qui
1096 2273 1256 2309 unquam
1276 2261 1527 2296 memorabiles
1551 2261 1701 2295 exstite-

269 2320 376 2355 runt,
417 2312 713 2358 magnificentiam
739 2309 1039 2356 splendoremque
1059 2308 1264 2354 superabat.
1311 2309 1429 2354 Atque
1467 2308 1507 2340 iu
1535 2308 1625 2342 haec
1661 2310 1700 2340 et

273 2363 312 2395 in
340 2360 562 2394 sacerdotum
597 2357 815 2403 amplissima
841 2355 1034 2389 honoraria
1066 2366 1132 2400 pro
1166 2356 1341 2401 cuiusque
1384 2353 1560 2398 dignitate
1600 2364 1698 2388 sum-

272 2413 376 2455 ptum
403 2406 447 2439 de
470 2419 532 2440 suo
558 2407 644 2439 fecit
666 2414 813 2448 magnus
837 2402 1065 2435 domesticus.

368 2466 399 2488 2.
454 2452 615 2486 Piamina
666 2451 813 2496 quidem
867 2448 957 2482 haec
1009 2448 1167 2482 fuerunt.
1255 2447 1336 2491 Ipse
1380 2451 1500 2480 autem
1547 2457 1699 2491 magnus

275 2499 505 2541 domesticus,
541 2498 720 2544 quomodo
746 2495 913 2536 antehac,
937 2494 983 2528 ad
1020 2505 1092 2528 rem
1135 2493 1316 2538 publicam
1353 2493 1610 2537 procurandam
1637 2493 1698 2525 in-

273 2546 487 2585 cumbebat,
527 2545 570 2578 dc
605 2545 748 2577 nemine
776 2542 875 2576 nulla
913 2541 952 2575 in
990 2551 1026 2574 re
1055 2541 1253 2586 quidquam
1277 2539 1459 2583 suspicans
1484 2539 1580 2573 mali.
1629 2539 1697 2571 Pa-

273 2592 428 2630 triarcha
452 2593 489 2624 in
512 2602 574 2624 sua
610 2591 704 2636 pelle
738 2590 922 2635 quiescere
958 2598 1030 2620 non
1064 2591 1227 2632 poterat,
1263 2585 1326 2619 sed
1358 2586 1502 2630 imperii
1539 2585 1698 2619 admini-

273 2641 502 2679 strationem,
539 2642 579 2669 ut
603 2638 672 2670 sibi
698 2639 973 2681 congruentem,
1008 2645 1051 2667 ex
1075 2644 1180 2667 causa
1206 2631 1411 2666 istiusmodi
1445 2631 1699 2677 capessendam

274 2686 481 2730 iudicabat„
528 2683 610 2716 Non
649 2694 775 2728 parum
821 2681 884 2714 diu
919 2685 1002 2713 ante
1033 2689 1215 2713 excessum
1251 2679 1461 2723 Imperatori
1504 2679 1701 2713 eonsilium

274 2733 377 2768 dedit
419 2741 567 2776 magnus
608 2729 843 2770 domesticus,
886 2726 1109 2773 patriarchae
1156 2729 1280 2758 auctor
1318 2729 1412 2758 esset
1460 2735 1614 2770 poenam
1660 2729 1700 2762 et,

276 2780 491 2815 eiectionem
532 2787 576 2811 ex
615 2777 765 2811 ecclesia
803 2772 1082 2816 intel-minandi,
1128 2773 1158 2807 si
1195 2772 1276 2819 quis
1310 2771 1526 2818 Imperatore
1558 2776 1700 2806 mortuo

724 2834 736 2856 ι
