1800 3132
243 156 356 223 364
784 175 1156 244 CANTAcUzENi

45 274 358 331 Δ.ῦ.ι343τριός
385 291 447 324 τις
476 269 584 318 εἶναι
611 274 685 318 καὶ
715 277 922 335 ἐπιεικής,
965 278 1047 322 εἴτε
1091 280 1274 338 τοσαύτῃ
1309 278 1492 334 νομίζεις
1529 283 1682 337 κεχρῆ-

242 345 349 384 σθαι
385 340 561 399 πονηρίᾳ
602 344 675 384 καί
720 343 957 400 ὀφθαλμῶν
984 343 1163 396 άπάταις
1191 341 1264 388 καί
1290 352 1586 402 φενακισμοῖς,
1624 346 1682 396 ὥς

241 405 399 456 πάντας
443 405 609 449 οἴεσθαι
646 407 871 451 λανθάνειν
907 413 1089 453 τοσαῦτα
1126 412 1201 452 καί
1234 413 1462 467 τηλικαῦτα
1501 426 1681 467 κακουρη

242 473 343 526 γαῖν.
407 473 507 526 περὶ
535 474 616 525 μὲν
655 470 705 528 δὴ
745 474 829 517 τῶν
873 473 1074 518 τοιούτων
1114 473 1204 517 ἔστι
1242 477 1507 532 δικαστήριον
1545 479 1684 532 ἕτερον

121 539 234 574 Ρ.55α
251 536 324 579 καί
360 535 505 592 κριτής
540 537 764 588 ἀδέκαστος
801 539 873 582 καί
902 539 1084 597 φοβερὸς
1126 543 1200 583 καί
1236 542 1444 597 μάρτυρες
1488 536 1653 595 ἄγγελοι
1668 545 1711 595 ,5

113 601 381 652 Ἷ.443πάντα
411 601 464 644 τά
491 600 756 658 πραττόμενα
784 604 1019 660 α’νθριόποις
1057 603 1212 656 εἰδότες
1240 610 1452 663 φανεραῖς,
1490 603 1569 649 κᾶν
1602 623 1687 659 μυ-

243 667 351 723 ρίοις
388 671 546 722 τοίχοις
585 665 613 724 ἢ
649 670 1027 725 παραπετάσμασιν
1053 667 1081 726 ἢ
1111 673 1226 730 ζόφῳ
1255 675 1452 731 σκοτεινῷ
1477 667 1504 728 ἢ
1532 673 1686 729 βαθείᾳ

243 733 629 789 περικαλύπτωνται
673 734 824 793 ὁμίχλῃ
840 770 854 790 ,
892 738 962 793 ἐφ’
1008 731 1065 779 ὧν
1095 737 1201 794 ὑπὲρ
1234 741 1319 780 τῶν
1347 736 1452 793 πρὸς
1480 736 1687 792 α’λλήλους

244 797 510 852 δικασόμεθα
549 799 822 856 α’δικημάτων.
887 803 1016 844 ἐκεῖνο
1057 803 1103 845 δέ
1129 818 1204 857 μοι
1228 805 1300 858 τῆς
1330 803 1581 857 θαυμαστῆς
1607 817 1685 844 σου

245 866 500 920 στρατηγίας
538 863 673 908 ἔπεισι
703 869 845 923 γελᾷν,
877 863 936 909 ὅτι
963 869 1122 917 πάντας
1148 870 1223 909 καί
1249 867 1348 918 τοὺς
1374 868 1507 910 πάλαι
1535 870 1739 922 βεβοη-ιο

245 931 397 983 μένους
438 929 509 972 ἐπὶ
534 933 801 987 στρατηγίαις
827 931 990 988 παριών
1018 934 1162 989 καινήν
1201 949 1294 975 τινα
1334 935 1409 975 καί
1441 931 1689 986 θαυμασίαν

246 995 322 1036 καί
347 995 416 1038 σοι’
441 995 733 1052 προσήκουσαν
760 996 946 1040 ἐπίνοιαν
973 999 1163 1054 ἐξεῦρες,
1201 1000 1256 1040 δι’
1283 994 1336 1054 ἧς
1359 1014 1428 1041 σοι
1455 1000 1539 1040 τῶν
1565 1001 1688 1039 πολε-

247 1063 356 1117 μίων
383 1061 503 1116 ὄλίγα
529 1062 751 1118 πονήσαντι
781 1069 947 1120 κρατεῖν
978 1065 1156 1118 ἐξέσται,
1185 1063 1237 1119 ἢν
1265 1065 1306 1106 εἰ
1320 1066 1512 1119 Σκηπίων
1529 1064 1690 1118 Ἀφρι·

248 1125 371 1176 κανὸς
408 1128 482 1169 καί
507 1129 735 1183 Πομπήϊος
766 1128 791 1170 ὅ
825 1130 980 1183 μάγνος
1021 1131 1096 1171 καί
1122 1129 1284 1178 Σύλλας
1313 1128 1385 1171 καί
1410 1127 1455 1171 εἴ
1474 1144 1536 1178 τις
1565 1123 1690 1176 ἄλλος

244 1191 436 1246 ὑμνεῖται
464 1192 688 1249 στρατηγὸς
714 1188 1124 1252 ᾗδεσανῘΡωμαίων
1144 1228 1156 1247 ,
1188 1195 1262 1237 οὐκ
1290 1190 1341 1236 ἂν
1369 1192 1590 1236 ἐκόπτοντο
1617 1195 1740 1236 ¹to-15

217 1260 389 1302 Βσαῦτα
419 1261 493 1301 καί
517 1258 695 1309 πολλοὺς
722 1257 925 1314 ὑπέμενον
952 1257 1106 1310 πόνους
1129 1262 1203 1302 καί
1227 1259 1455 1312 κινδύνους,
1485 1259 1586 1314 ἔθνη
1617 1274 1692 1312 με-

246 1324 356 1377 γάλα
401 1324 475 1366 καὶ
510 1323 825 1379 πολυάνθρωπα
863 1325 1255 1378 καταδουλούμενοι.
1302 1326 1365 1367 ,εἰ
1404 1323 1486 1379 γὰρ
1527 1325 1694 1374 ἐξέσται

246 1404 318 1432 σοι
344 1389 419 1444 τὴν
448 1389 636 1432 διάνοιαν
664 1393 747 1432 τῶν
774 1393 982 1443 πολεμίων
1010 1393 1053 1441 ἐξ
1083 1387 1222 1432 αύτῶν
1238 1390 1587 1442 καταμανθάνειν,
1612 1389 1694 1430 αυ’-

246 1452 320 1504 τός
362 1471 407 1495 τε
445 1454 646 1510 α’ῄττητος
677 1458 805 1510 μέχρι
837 1454 988 1504 παντὸς
1026 1457 1235 1509 διαμενεῖς
1265 1456 1338 1496 καί
1365 1453 1442 1510 τήν
1463 1452 1693 1507 Ῥωμαίων

248 1522 467 1573 βασιλείαν
506 1517 581 1561 ούκ
609 1523 654 1562 ἐν
682 1522 818 1577 πολλῷ
844 1522 901 1577 τῷ
924 1519 1063 1578 χρόνῳ
1091 1519 1276 1575 μεγάλην
1301 1518 1495 1562 τινὰκαὶ
1521 1523 1746 1572 θαυμα-αο

247 1587 347 1628 σίαν
389 1585 650 1638 ἀποδείξεις,
699 1584 835 1641 ὥσπερ
875 1586 927 1641 δὴ
965 1588 1038 1627 καί
1064 1591 1206 1634 ποιεῖς.
1264 1583 1350 1627 ἔδει
1378 1587 1457 1637 μὲν
1485 1578 1560 1626 οὖν
1586 1583 1692 1640 πρὸς

247 1650 453 1706 τοσαύτην
493 1646 639 1694 ἄνοιαν
674 1653 835 1706 μηδένα
874 1654 1087 1693 ποιεῖσθαι
1128 1648 1260 1705 λόγον.
1326 1649 1405 1704 ἐγώ
1446 1650 1492 1691 δέ
1519 1666 1585 1691 σοι
1615 1649 1692 1704 τὴν

247 1711 435 1769 άρχαίαν
463 1715 580 1767 τάξιν
608 1718 745 1772 τηρῶν
774 1717 846 1759 καί
869 1713 1148 1771 χαριζόμενος
1178 1718 1223 1758 ἐν
1250 1718 1395 1768 πᾶσιν,
1432 1716 1473 1757 εἰ
1495 1716 1692 1767 μέλλοιμι

246 1780 321 1823 καὶ
347 1775 472 1832 αὖθις
508 1785 583 1837 τῆς
620 1783 860 1839 εὐεργεσίας
885 1779 1068 1835 ἀμοιβάς
1098 1785 1190 1830 ταῖς
1217 1781 1417 1837 πρότερον
1445 1780 1594 1833 ὁμοίας
1624 1781 1693 1822 δέ·

345 1905 397 1929 ιι.
423 1891 570 1940 περιών
595 1893 630 1928 P.
703 1907 759 1930 21.
786 1893 878 1937 δῆτα
901 1894 950 1928 Μ.

246 1989 371 2012 omnes
408 1978 522 2013 latere
553 1979 687 2014 credas.
745 1980 878 2014 Verum
914 1991 978 2024 pro
1012 1981 1092 2014 istis
1127 1978 1228 2014 aliud
1261 1978 1423 2012 tribunal
1457 1989 1523 2012 nos
1568 1982 1692 2013 manet

246 2030 286 2058 et
309 2025 420 2058 iudex
444 2026 697 2071 integerrimus
720 2038 762 2060 ac
786 2026 975 2066 terribilis,
991 2032 1027 2060 et
1050 2032 1159 2061 testes
1184 2025 1314 2070 angeli,
1339 2026 1458 2058 omnia
1482 2026 1691 2059 mortalium

244 2071 343 2106 facta
367 2073 640 2118 perspicientes,
655 2074 723 2106 etsi
748 2074 850 2108 mille
873 2073 1076 2116 parietibus
1104 2077 1168 2107 aut
1188 2072 1476 2117 peripetasmatis
1502 2078 1566 2105 aut
1600 2073 1692 2106 cali-

247 2118 331 2165 gine
369 2119 563 2152 tenebrosa
602 2125 665 2153 aut
690 2119 800 2152 densa
829 2119 963 2151 nebula
988 2120 1307 2163 circumteguntur:
1340 2129 1457 2152 coram
1483 2117 1617 2163 quibus
1643 2118 1690 2151 (le

246 2164 385 2199 mutuis
419 2165 561 2199 delictis
594 2172 630 2200 et,
666 2167 811 2199 offensis
846 2165 1022 2199 iudicium
1055 2165 1267 2199 subibimus.
1338 2165 1378 2196 In
1416 2169 1493 2197 arte
1517 2175 1601 2198 vero
1626 2170 1690 2198 tua

247 2212 481 2255 imperatoria
521 2223 607 2245 sane
640 2212 849 2245 admirabili
884 2211 978 2244 illud
1002 2212 1214 2251 ridiculum,
1253 2210 1351 2255 quod
1374 2211 1580 2255 praeteritis
1605 2212 1690 2245 uni-

246 2259 360 2292 versis
385 2260 494 2292 etiam
520 2259 607 2291 olim
635 2258 728 2291 fama
754 2258 949 2292 notissimis
974 2258 1262 2297 belli'ducibus,
1288 2267 1415 2291 novam
1443 2257 1624 2302 quandam
1653 2262 1691 2291 et

249 2304 418 2337 eximiam
451 2305 595 2350 tibique
632 2306 907 2338 convenientem
945 2305 1121 2339 rationem
1149 2309 1370 2337 commentus
1396 2313 1455 2343 es,
1481 2316 1552 2348 qua
1581 2314 1689 2347 parvo

246 2350 375 2385 labore
404 2352 593 2385 victoriam
627 2350 671 2384 de
710 2351 876 2384 hostibus
913 2351 1063 2390 referas,
1097 2361 1204 2394 quam
1230 2351 1260 2383 si
1294 2351 1543 2393 cognovissent
1567 2350 1688 2394 Scipio

246 2397 437 2432 Africanus
459 2423 468 2438 ,
500 2398 691 2442 Pompeius
733 2408 909 2442 magnust,
950 2396 1049 2430 Sulla
1086 2401 1123 2429 el.
1158 2396 1222 2442 qui
1258 2401 1448 2440 praeterea
1481 2407 1500 2429 e
1535 2394 1688 2429 ducibus

249 2442 418 2478 Romanis
443 2444 719 2488 praedicantur,
747 2455 820 2475 non
844 2443 935 2476 adeo
961 2447 1075 2476 semet
1101 2442 1371 2487 defatigassent,
1397 2453 1463 2475 nec
1487 2442 1526 2476 in
1550 2442 1688 2486 magnis

249 2499 293 2522 ac
334 2490 519 2534 populosis
554 2489 722 2534 gentibus
755 2488 964 2533 subigendis
1008 2493 1064 2522 tot
1102 2495 1140 2522 et
1178 2494 1248 2522 tam
1291 2489 1512 2533 periculosos
1545 2488 1688 2522 labores

252 2537 508 2575 exantlassent.
556 2538 594 2570 Si
620 2537 717 2572 enim
742 2536 900 2570 hostium
927 2546 1031 2569 sensa
1061 2546 1104 2570 ex
1130 2536 1217 2580 ipsis
1243 2535 1371 2569 licebit.
1394 2534 1464 2568 tibi
1491 2536 1690 2579 percipere:

248 2585 290 2626 >et
313 2586 351 2614 tu
377 2583 531 2616 invictus
557 2594 697 2629 semper
720 2583 810 2623 eris,
845 2588 881 2616 ct
901 2581 1051 2615 Romani
1074 2582 1218 2625 imperii
1246 2583 1418 2615 terminos
1448 2592 1487 2614 ac
1518 2581 1687 2614 maiesta-

252 2633 327 2661 tem
342 2627 441 2661 brevi
459 2634 628 2674 *tempore
657 2628 919 2663 admirabiliter
943 2629 1103 2672 proferes
1128 2628 1364 2674 augebisque,
1385 2627 1689 2672 quemadmodum

253 2680 292 2708 et
316 2685 410 2706 nunc
442 2673 527 2708 sacis
560 2676 739 2710 videlicet.
767 2674 969 2721 Oportebat
1007 2674 1116 2719 igitur
1149 2674 1195 2707 ad
1232 2677 1348 2710 istanc
1372 2674 1564 2707 stultitiam
1589 2677 1689 2706 tuam

252 2730 320 2755 nec
355 2719 503 2753 verbum
542 2722 770 2766 respondere.
829 2723 903 2767 Ego
940 2726 1059 2755 tamen
1088 2721 1282 2766 pristinum
1306 2720 1376 2755 tibi
1401 2720 1520 2753 locum
1541 2730 1687 2753 servans

256 2771 292 2804 et
317 2766 518 2812 gratificans
553 2769 591 2804 iu
618 2768 803 2811 omnibus.
838 2769 869 2803 si
903 2778 1042 2804 tursum
1076 2778 1141 2813 pro
1169 2767 1347 2804 beneficio
1375 2777 1478 2814 pares
1502 2765 1687 2812 prioribus
