1800 3138
546 172 931 232 ,nlsTomARUM
969 176 1041 214 111.
1082 174 1148 219 35.
1458 174 1487 208 2
1504 174 1518 208 ι
1533 155 1566 210 3

134 269 207 313 τίω
235 271 472 324 συμβουλῆς
501 264 672 324 ἥκουσιν
699 269 839 326 ἐκείνῳ
880 268 1157 324 βοηθήσοντες
1175 287 1184 297 ·
1217 267 1321 312 dmi
1350 268 1423 311 καὶ
1445 272 1659 324 ,Ham-As.
1679 273 1762 317 1342

135 339 238 385 λέως
266 335 418 384 πολλὰς
457 337 677 387 καταχέειν
720 337 929 389 λοιδορίας
957 337 1029 376 καί
1066 331 1188 377 οὖδὲν
1207 335 1373 378 ἐκείνων
1399 336 1566 376 οἷπολεί-

131 405 286 443 nsotrae
313 399 387 455 τὴν
414 402 474 449 εἷς
501 399 630 441 αὐτόν
649 401 829 454 πικρίαν.
873 397 972 441 ὅθεν
998 399 1071 442 καὶ
1094 399 1308 454 γενόμενος
1334 399 1380 442 ἐν
1402 402 1566 442 Θεσσα-

131 465 266 522 λονίκῃ
296 464 465 513 ου’δενὸς
490 466 573 506 τῶν
601 466 733 507 ἐκεῖσε
773 466 1063 520 τολμηθέντων
1093 467 1172 508 ἐπὶ·
1190 467 1369 520 ω’μότητι
1396 463 1469 506 καί
1490 480 1567 506 πο-

106 532 251 588 ὄνηρίᾳ
295 532 560 584 βεβοημένων
594 530 852 571 ἀπελείπετο.
906 533 1071 584 πρῶτον
1110 532 1155 572 δὲ
1194 532 1239 571 ἑν
1275 533 1328 586 τῇ
1368 532 1480 587 μονῇ4
1505 532 1557 584 τῇ
1569 535 1698 580 V-374

127 596 514 651 προσαγορευομένῃ
542 596 692 650 Πέτρᾳ
734 591 933 648 ἀπρόϊτον
958 594 1098 647 μένειν
1125 597 1420 646 κατεδίκασαν,
1459 610 1562 650 προ-

126 662 240 709 νοίας
264 662 339 715 τῆς
365 661 426 708 εἰς
453 658 500 700 τὰ
529 661 652 711 σῶμα
670 660 956 713 προσηκούσης
977 655 1176 712 οὐδεμιᾶς
1194 659 1596 715 ιίποστερήσαντες.Β

133 723 278 778 Σαβὰν
316 726 362 767 δὲ
403 723 473 766 διὰ
501 723 548 765 τὸ
579 726 708 780 α’ρετῇ
735 727 817 766 τῶν
845 719 981 765 ἄλλων
1008 723 1229 779 ὑπερέχειν
1255 726 1327 765 καί
1349 723 1566 779 γνωριμώ-

127 805 250 831 τατον
276 793 359 832 τῶν
382 790 587 842 βασιλέως
614 788 749 845 φίλων
776 785 904 840 εἶναι,
935 788 1028 830 ἐπεὶ
1051 788 1110 843 μὴ
1140 795 1395 845 συμφρονεῖν
1423 789 1565 837 αὐτοῖς

82 854 352 908 ιοὲβούλετο,
390 857 436 897 ἐν
469 852 590 911 ἑτέρᾳ
619 855 727 911 μονῇ
753 856 804 911 τῇ
840 853 972 910 Χώρᾳ
1008 857 1388 910 προσαγορευομένῃ
1425 856 1564 905 μένειν

127 919 201 962 καί
236 917 364 962 αὐτὸν
399 921 662 975 ἐψηφίσαντο
701 916 914 974 ἄπρόῖτον.
970 921 1232 972 βουλομένων
1271 920 1318 959 δὲ
1355 918 1426 959 καί
1461 933 1564 973 προε

125 985 241 1033 νοίας
268 982 412 1036 ἀξιοῦν
438 987 612 1039 πολλῆς,
658 981 706 1025 οὗ
737 983 1004 1036 κατεδέξατο,
1033 984 1091 1038 μὴ
1122 985 1280 1024 δίκαιον
1306 980 1442 1035 εἶναι,
1478 981 1562 1038 φά-

125 1066 262 1103 σκων,
291 1052 337 1092 ἐκ
362 1052 443 1091 τῶν
473 1050 625 1102 αἵμασι
650 1050 724 1091 καί
750 1049 895 1105 φόνοις
920 1049 1159 1102 χαιρόντων
1185 1064 1226 1089 τι
1256 1052 1411 1101 λαβεῖν.
1440 1048 1560 1088 τοῦτο

125 1117 173 1158 δὲ
190 1114 315 1168 μόνον
342 1113 493 1167 εἰπών,
523 1112 579 1164 ὥς
607 1113 682 1156 τὸν
707 1113 790 1155 ὑπὸ
807 1117 911 1155 θεοῦ
939 1110 1251 1169 φρουρούμενον
1277 1113 1455 1168 οὐδεμιᾷ
1478 1127 1559 1153 τινι

78 1180 292 1237 ι5μηχανῇ
320 1179 498 1225 δυνατὸν
523 1179 591 1221 ὑπ’
618 1178 784 1228 οὕδενὸς
822 1180 1134 1234 διαφθαρῆναι,
1157 1178 1337 1232 ἡσυχίαν
1361 1172 1446 1231 ἦγε.
1472 1182 1558 1226 τοῖς

126 1247 164 1286 δ’
195 1241 336 1293 ἄλλοις
362 1242 515 1287 ἅπασιν
544 1245 596 1285 ου’
630 1242 815 1298 μάλιστα
853 1242 1079 1296 ἀξιολόγοις
1114 1238 1238 1294 οὖσι,
1278 1240 1352 1296 τήν
1378 1243 1438 1289 εἰς
1480 1240 1558 1290 τὰς

125 1309 236 1358 ἰδίας
263 1309 394 1363 μονὰς
423 1311 647 1365 ἐπέτρεπον
673 1308 885 1353 ἐπάνοδον.
941 1310 1039 1363 περί
1062 1309 1140 1361 μὲν
1170 1303 1245 1348 οὖν
1273 1305 1347 1360 τῆν
1373 1309 1454 1347 τῶν
1478 1321 1557 1358 μο-

124 1391 174 1416 να
176 1377 265 1428 χῶν
283 1374 508 1428 πρεσβείαν
532 1378 706 1417 τοιαῦτα
735 1373 972 1430 πατριάρχῃ
992 1374 1064 1414 καί
1078 1377 1164 1421 τοῖς
1186 1371 1448 1424 συνωμόταις
1467 1373 1555 1412 ἐτε-

125 1444 246 1481 λεῖτο.
303 1439 501 1493 βασιλεὺς
529 1442 576 1482 δὲ
604 1439 626 1482 ὅ
654 1439 1002 1493 Καντακουζηνός
1028 1437 1086 1487 ὥς
1111 1436 1185 1491 τὴν
1204 1438 1310 1493 ὑπὲρ
1339 1439 1411 1491 τῆς
1437 1436 1592 1491 εἷρή-(Ξ

74 1519 196 1560 αονης
221 1507 444 1560 πρεσβείαν
470 1504 493 1546 ὅ
509 1503 724 1559 Βατάτζης
752 1506 834 1546 δέει
850 1507 932 1546 τῶν
957 1503 1011 1546 τὰ
1039 1501 1262 1558 πράγματα
1292 1502 1556 1543 διοικούντων

124 1567 404 1624 ιῖπηγόρευεν,
434 1571 493 1618 εἰς
519 1568 566 1611 τὸ
596 1567 867 1623 στρατόπεδον
901 1570 1117 1622 ἐπανῆκεν.
1170 1563 1270 1620 εὗρε
1298 1569 1344 1609 δὲ
1370 1568 1416 1608 ἐκ
1447 1568 1554 1608 Θεσ-

124 1635 342 1691 σαλονίκης
370 1635 646 1692 ἀφιγμένους,
675 1632 748 1683 οὓς
777 1630 899 1684 αὐτὸς
928 1629 1050 1690 ὀλίγῳ
1078 1631 1277 1687 πρότερον
1304 1629 1408 1686 πρὸς
1440 1647 1554 1686 πρω-

219 1759 270 1794 15.
296 1754 370 1791 ἐπὸ
397 1753 552 1794 ου’δενός
573 1756 608 1790 Ρ.
677 1766 734 1790 no.
762 1753 957 1799 ἀρχόντων
981 1754 1016 1786 Ρ.
1035 1762 1100 1799 pro
1125 1749 1386 1786 διοικούντων.

125 1874 196 1903 tem
220 1868 423 1908 intuentes,
447 1872 483 1901 et
503 1868 617 1900 zelum
642 1867 842 1910 meliusque
863 1865 1054 1899 consilium
1079 1863 1322 1908 praeferentes
1341 1863 1374 1895 ei
1398 1863 1448 1895 sic
1473 1864 1551 1906 opi·

124 1915 277 1948 tutatum
304 1914 499 1957 venirent,)
521 1924 642 1946 verum
664 1914 771 1946 etiam
798 1916 838 1944 ut
861 1911 1002 1956 probris
1028 1910 1152 1944 multis
1180 1910 1428 1954 imperatorem
1454 1907 1551 1941 Can-

124 1966 330 1994 tacuzcnum
371 1962 588 1999 incesseret,
631 1970 698 1992 nec
720 1969 757 1990 se
793 1958 838 1989 ab
875 1958 959 2001 ipsis
997 1955 1208 1999 conspiratis
1243 1954 1478 1987 amarulentis·
1511 1956 1550 1990 in

124 2007 226 2039 illum
250 2007 344 2040 vinci
370 2011 562 2050 pateretur.
595 2004 698 2038 Vnde
722 2010 759 2037 et.
781 2003 1057 2038 Thessalonicae
1080 2012 1158 2035 cum
1183 2003 1251 2034 iam
1276 2005 1387 2040 esset,
1409 2001 1550 2033 nullum

126 2057 204 2087 erat
228 2051 280 2085 ibi
305 2057 375 2085 tam
400 2053 524 2086 nobile
548 2051 764 2085 crudelitate
788 2055 826 2083 et
849 2050 1012 2094 nequitia
1038 2049 1151 2081 scelus
1177 2053 1261 2080 ante
1287 2051 1550 2090 perpetratum,

125 2099 184 2132 cui
208 2099 287 2142 ipse
314 2110 386 2131 non
409 2110 474 2143 par
496 2098 639 2135 faceret.
684 2096 857 2129 isaacium
885 2107 989 2134 vero,
1014 2094 1077 2140 qui
1105 2093 1266 2127 ordinem
1292 2091 1464 2131 ducebat,
1502 2092 1551 2126 ad

125 2145 380 2178 monasterium
405 2145 507 2177 Petra
534 2143 668 2177 dictum
693 2142 948 2176 condemnant:
975 2142 1039 2180 ita,
1064 2145 1104 2172 ut
1127 2149 1146 2171 a
1172 2138 1315 2171 nemine
1339 2138 1551 2171 convenire·

126 2196 205 2230 tur,
230 2191 328 2224 nulla
350 2196 469 2224 tamen
494 2201 532 2223 re
556 2189 603 2222 ad
632 2188 822 2222 curandum
847 2198 977 2231 corpus
1001 2187 1199 2220 necessaria
1228 2190 1355 2227 egeret.
1405 2183 1549 2224 sabam,

126 2235 225 2282 quod
249 2237 380 2270 virtute
404 2238 531 2270 ceteris
555 2240 752 2269 antestaret
778 2238 943 2278 essetque
967 2232 1190 2277 imperatoris
1219 2230 1376 2263 amicitia
1402 2230 1549 2264 notissi-

124 2294 204 2316 mus
228 2288 266 2316 et
287 2280 332 2314 ab
363 2282 451 2327 ipsis
475 2283 591 2316 facere
613 2281 747 2320 nollet,
781 2280 818 2312 in
843 2280 915 2313 alio
941 2279 1156 2312 monasterio
1171 2302 1181 2318 ,
1219 2276 1333 2309 Chora
1357 2275 1554 2320 appellato,

125 2339 292 2369 manere,
326 2338 394 2361 nec
414 2339 495 2362 eum
518 2340 539 2361 a
562 2338 743 2374 quoquam
769 2325 861 2359 adiri
888 2325 1130 2359 decreverunt.
1181 2323 1296 2367 Quem
1323 2333 1401 2354 cum
1423 2321 1550 2356 sedulo

126 2385 250 2408 curare
281 2374 436 2414 vellent,
477 2385 551 2408 non
584 2374 690 2414 tulit,
726 2372 911 2416 dixitque,
935 2372 1100 2417 iniquum
1131 2379 1206 2402 essc
1241 2367 1286 2400 ab
1316 2368 1381 2407 iis,
1413 2367 1476 2413 qui
1509 2368 1549 2400 iu

126 2420 310 2455 caedeet
340 2420 511 2464 sanguine
536 2420 756 2464 voluptatem
790 2417 987 2457 habereut,
1021 2416 1217 2461 quidquam
1253 2414 1425 2458 accipere.
1473 2413 1548 2448 Hoe

125 2473 245 2501 autem
271 2467 347 2499 solo
369 2465 489 2506 dicto,
516 2476 624 2511 quem
650 2466 746 2498 Deus
769 2469 952 2503 tueretur,
982 2463 1081 2495 nulla
1106 2473 1184 2495 eum
1213 2459 1376 2494 machina
1398 2459 1443 2493 ab
1471 2460 1548 2492 ullo

125 2514 329 2547 mortalium
353 2523 456 2555 posse
484 2511 665 2552 interimi,
699 2511 868 2554 deinceps
893 2509 1015 2542 tacuit.
1063 2508 1200 2543 Ceteris
1224 2517 1330 2551 porro
1367 2505 1549 2546 omnibus,

127 2564 169 2592 ut
190 2570 263 2592 non
288 2559 380 2592 tanti
403 2557 653 2596 aestimandis,
688 2556 734 2590 ad
757 2557 970 2590 monasteria
994 2566 1057 2588 sua
1092 2553 1329 2587 reversionem
1365 2561 1549 2586 concesse-

126 2610 220 2639 runt.
268 2604 497 2649 LegatIonem
522 2602 772 2636 monachorum
796 2601 995 2646 patriarcha
1021 2605 1057 2633 et
1080 2599 1254 2632 coniurati
1279 2598 1325 2632 ad
1351 2597 1449 2632 hune
1471 2608 1550 2632 mo-

128 2650 211 2684 dum
236 2655 461 2694 exceperunt.
496 2650 781 2686 Cantacuzenus,
806 2653 991 2692 postquam
1018 2648 1174 2680 Batatzes
1192 2646 1370 2689 legatione
1385 2645 1429 2678 de
1447 2654 1548 2686 pace,

129 2702 226 2730 metu
251 2708 396 2735 eorum,
427 2696 490 2740 qui
514 2694 732 2740 regnabant,
763 2694 862 2739 fungi
891 2692 1098 2737 pertimuit,
1132 2691 1178 2725 ad
1202 2692 1395 2725 exercitum
1420 2689 1545 2724 rediit:

128 2742 193 2778 ubi
218 2742 364 2777 reduces
390 2742 549 2783 invenit,
582 2751 673 2787 quos
696 2751 811 2786 nuper
835 2738 882 2775 ad
903 2742 1194 2784 protostratorem
1219 2738 1384 2779 miserat,
1419 2736 1546 2772 nunti-
