1820 3138
574 151 957 195 ms‘romARUM
998 156 1071 195 111.
1100 155 1170 200 66.
1446 138 1563 206 403

132 254 314 306 ἒλαθείς,
344 250 450 307 πρὸς
475 250 709 305 Ῥωμαίους
738 266 782 293 τε
817 253 976 306 ἐγένετο
1009 256 1083 296 καί
1108 252 1192 296 ὖπὸ
1235 257 1442 309 βασιλέως
1470 257 1562 301 Ἀν-
1573 267 1613 301 Δ.
1629 262 1760 311 enus

133 318 326 373 δρονίκου
369 321 453 366 τοῖς
494 314 769 372 στρατιώταις
809 320 1060 374 κατελέχθη.
1112 321 1276 376 χαίρων
1314 323 1362 364 δὲ
1402 323 1471 365 a'ec‘
1495 326 1607 381 λῃ-(Σ

132 385 290 432 στείαις
322 381 395 424 καί
423 381 553 424 πολλοὶ
588 381 664 437 τήν
703 384 883 424 Μυσίαν
912 387 1153 439 κακουργῶν
1182 384 1253 427 διὰ
1288 385 1335 428 τὸ
1373 387 1559 440 μάλιστα
1572 397 1611 431 V.
1625 395 1688 442 461

132 446 329 503 ἔμπειρον
355 449 439 489 τῶν
467 447 604 489 τόπων
645 444 778 500 εἶναι,
829 454 1052 505 παρῃνεῖτο
1083 452 1163 502 μὲν
1198 449 1330 494 πολλὰ
1373 451 1454 494 ὑπὸ
1487 454 1569 496 τῶν

106 512 182 566 5τά
212 509 395 568 μεθόρια
421 515 494 568 τῆς
522 514 691 555 Μυσῶν
735 512 809 555 καί
836 513 1057 566 Ῥωμαίων
1085 513 1304 569 ἡγεμονίας
1335 516 1567 572 ἀρχόντων,

129 575 189 632 μὴ
217 580 391 620 τοιαῦτα
422 585 694 634 κακουργεῖν,
726 581 915 620 σπονδῶν
945 576 1101 633 οὗσῶν,
1134 579 1209 622 καί
1233 579 1411 635 πόλεμον
1425 589 1569 626 κινεῖν.

132 643 154 684 ὃ
193 644 239 685 δὲ
279 643 332 684 ου’
371 642 479 685 πάνυ
520 645 747 685 πείθεσθαι
789 643 996 698 ἠδύνατο,
1051 647 1143 687 ἄλλ’
1177 648 1253 688 ἐπί
1280 662 1373 689 τινα
1415 648 1569 704 χρόνον

130 706 378 762 ἡσυχάζων,
429 714 515 758 τοῖς
556 705 715 760 ὁμοίοις
755 708 881 751 πάλιν
923 710 1140 763 ἐπεχείρει.
1194 713 1359 764 μέλλων
1400 715 1448 755 δὲ
1487 709 1570 768 ἤδη

128 774 201 826 τῆς
226 774 475 827 κακουργίας
518 771 680 815 διδόναι
711 773 849 826 δίκας,
901 775 996 816 ἐπεὶ
1023 777 1195 826 Μυσοῖς
1223 792 1266 818 τε
1300 777 1569 832 ἀπηχθάνετο

86 835 205 882 rodni
232 836 308 887 τὰς
338 840 530 894 λῃστείας
593 839 667 880 καί
722 838 943 892 Ῥωμαίοις
975 840 1051 880 ου’»ε
1085 840 1266 897 ἐθάρῥει
1302 843 1572 895 βουλομένοις

130 901 467 956 συλλαμβάνειν,
525 897 797 958 ἀπεχώρησεν
843 904 903 954 εἷς
951 904 1187 959 Τριβαλούς
1234 905 1309 947 καί
1354 908 1572 962 διέτριψεν

130 969 220 1009 ἐκεῖ
236 967 390 1023 χρόνον
416 966 508 1010 τινα
548 967 718 1021 συχνόν.
777 967 918 1011 ἔπειτα
947 969 1005 1019 ὥς
1041 969 1239 1024 βασιλεὺς
1267 969 1290 1012 ὅ
1321 974 1573 1014 Καντακου-

131 1028 252 1087 ζηνὸς
283 1034 342 1083 εἰς
369 1032 661 1087 Περιθεώριον
700 1036 745 1076 ἐκ
772 1035 990 1090 Βερ’ῥοίας
1018 1037 1220 1090 ἐπανῆκε,
1261 1036 1459 1092 πρότερον
1486 1036 1573 1080 ὀλί-

127 1114 201 1152 γον
226 1097 378 1151 χρόνον
405 1096 557 1154 Κροίλη
587 1095 773 1149 α’ποστάς
791 1132 803 1153 ,
833 1101 1129 1155 προσεχώρησε
1158 1099 1250 1144 τότε
1275 1106 1451 1154 βασιλεῖ’.
1500 1104 1604 1145 εἰὸῦ

82 1163 214 1212 ι5δώς
241 1165 287 1204 δὲ
316 1162 443 1205 αότὸν
470 1159 564 1205 ὄντα
585 1161 818 1219 ἐπιτήδειον
844 1164 949 1220 πρὸς
987 1164 1184 1220 τοιαύτην
1227 1162 1477 1221 ἡγεμονίαν,
1516 1164 1569 1210 τά

129 1243 173 1270 τε
209 1228 391 1284 φρούρια
438 1229 666 1284 ἐνεχείρισε
703 1232 777 1271 καί
814 1229 890 1278 τὰς
929 1230 1034 1271 κατὰ
1076 1229 1152 1285 τὴν
1193 1230 1404 1286 ΙΙῚερόπην
1443 1229 1574 1282 ἄλλας

130 1293 273 1347 κώμας
301 1296 375 1335 οὐκ
403 1292 546 1348 ὀλίγας
587 1291 726 1344 οὔσας.
775 1297 819 1346 ἐξ
847 1289 908 1337 ὧν
937 1295 1011 1336 οῦκ
1042 1295 1156 1350 ὀλίγη
1190 1298 1286 1350 χείρ
1329 1300 1572 1352 συνελέγετο

130 1358 354 1416 λῃστρική·
410 1354 515 1416 ἦσαν
541 1359 620 1415 γὰρ
649 1359 786 1408 ἱππεῖς
809 1363 888 1413 μὲν
928 1361 1178 1417 τριακοσίων
1221 1360 1344 1419 ὀλίγῳ
1383 1366 1574 1416 πλείους,

130 1427 252 1476 πεζοί
279 1427 326 1467 δὲ
354 1425 460 1479 ὑπὲρ
489 1424 587 1474 τοὺς
614 1429 1000 1479 πεντακισχιλίους·
1026 1421 1086 1468 ‹132›
1115 1425 1309 1469 ἁπάντων
1338 1429 1456 1485 αὐτῷ
1486 1430 1577 1471 ε’νε-

78 1490 291 1545 αοχείρισε
320 1488 413 1531 τότε
437 1488 514 1544 τὴν
542 1486 679 1544 α’ρχὴν
721 1494 790 1531 καὶ
818 1493 1071 1545 προσέταττε
1109 1495 1265 1534 κακοῦν
1302 1491 1378 1542 τοὶς
1407 1493 1575 1548 πόλεις,

132 1556 184 1598 αἳ
204 1554 263 1611 μὴ
294 1561 580 1611 προσχωροῖεν
605 1558 784 1607 βασιλεῖ.

238 1622 311 1673 ξς’.
361 1618 534 1669 Ἐκεῖνος
577 1621 623 1662 δὲ
663 1621 756 1662 ἐπεὶ
790 1620 1086 1675 Περιθεώριον
1119 1618 1241 1664 οῦδὲν
1277 1618 1376 1678 ἤνυε
1400 1628 1693 1684 πολιορὸΡῶῇὸ

129 1689 232 1740 κῶν,
278 1684 357 1736 τὰς
395 1687 473 1739 μὲν
512 1687 906 1741 παρεσκευασμένας
943 1685 1139 1740 μηχανὰς
1194 1690 1394 1744 ἐνέπρησε
1441 1691 1599 1747 πυρι“,Β

221 1772 254 1805 9.
280 1758 344 1793 ἐπὶ
369 1758 403 1791 P.

129 1828 170 1850 ac
195 1815 419 1850 fortitudinis
442 1813 596 1848 officium
622 1813 819 1847 desiderari
846 1818 1052 1858 pateretur,
1079 1812 1124 1847 ad
1149 1815 1396 1858 praedandum
1426 1818 1573 1862 rapien-

130 1863 289 1908 dumque
315 1862 646 1896 exercitatissimus.
696 1860 780 1894 Erat
805 1862 902 1893 enim
932 1870 1062 1905 genere
1098 1862 1255 1901 Moesus,
1271 1867 1307 1896 et
1338 1870 1486 1909 propter
1510 1876 1571 1898 eas

129 1920 218 1954 quas
258 1908 335 1942 dixi
370 1913 464 1940 artes
502 1907 734 1951 p1·ofligatu8‚
773 1906 819 1939 ad
853 1908 1028 1939 Romanos
1063 1918 1102 1940 se
1140 1909 1384 1952 applicaverat
1410 1922 1567 1957 eumque

128 1955 354 1990 Andronicus
387 1955 584 1999 Imperator
616 1955 655 1986 in
683 1953 805 1986 album
830 1953 989 1986 militum
1016 1954 1201 1988 retulerat.
1251 1955 1325 1999 Qui
1354 1966 1434 1989 cum
1463 1967 1570 2001 prae-

130 2002 186 2035 dis
209 2001 357 2046 agundis
381 2011 522 2045 semper
547 1999 786 2032 delectaretur
813 2004 851 2032 et
873 1999 1056 2040 Moesiae,
1083 2004 1209 2044 utpote
1235 2000 1396 2034 locorum
1422 2003 1568 2046 peritis·

127 2048 258 2087 simus,
284 2059 358 2082 non
380 2058 506 2093 parum
530 2045 830 2086 incommodaret,
855 2055 963 2090 saepe
986 2046 1201 2079 monebatur
1225 2045 1271 2078 ab
1295 2047 1353 2088 iis,
1377 2049 1441 2094 qui
1463 2049 1570 2083 Moe..

128 2106 248 2128 sorum
284 2095 596 2139 Romanorumque
635 2093 801 2126 confiniis
836 2092 982 2124 tuendis
1021 2097 1233 2136 praeerant,
1273 2105 1320 2128 ne
1353 2094 1391 2126 in
1419 2095 1567 2129 foedere

127 2141 336 2174 huiusmodi
360 2140 533 2174 maleficia
558 2138 763 2183 designaret
788 2142 826 2172 et
846 2138 984 2171 bellum
1009 2139 1176 2175 irritaret,
1226 2138 1389 2183 Quorum
1416 2141 1566 2175 vocibus

129 2187 194 2220 ille
230 2197 306 2219 non
345 2187 490 2232 penitus
527 2185 824 2230 expugnabatur,
869 2184 933 2218 sed
967 2184 1012 2218 ad
1034 2191 1173 2231 tempus
1201 2187 1415 2229 quiescens,
1446 2189 1567 2222 inter-

128 2234 239 2266 missa
273 2233 470 2278 repetebat.
525 2234 675 2276 lamque
707 2231 883 2264 scelerum
917 2242 1063 2264 suorum
1090 2231 1247 2276 pretium
1283 2233 1445 2273 laturus,
1473 2245 1567 2280 quo·

129 2280 230 2312 niam
266 2285 302 2312 et
338 2280 470 2313 Moesis
505 2284 654 2323 propter
687 2278 877 2311 latrocinia
916 2277 1052 2313 invisus
1083 2283 1184 2318 erat,
1222 2283 1260 2310 et
1283 2279 1451 2312 Romanis
1479 2290 1564 2314 eum

128 2325 432 2370 comprehendere
466 2325 674 2358 volentibus
706 2335 780 2357 non
817 2323 976 2362 fidebat,
1013 2327 1050 2357 in
1088 2323 1272 2357 Triballos
1300 2327 1471 2366 secessit,
1496 2325 1563 2361 ubi

129 2373 192 2405 diu
219 2372 327 2405 vitam
351 2372 432 2415 egit.
469 2373 592 2405 Postea
619 2370 866 2403 Cantacuzeno
886 2370 1145 2403 Peritheorium
1171 2370 1348 2404 Berrhoea
1373 2371 1563 2414 redeunte,

128 2429 246 2462 nuper
270 2430 290 2450 a
315 2418 419 2452 Crale
444 2428 522 2450 cum
549 2418 779 2456 descivisset,
816 2416 860 2448 ad
886 2426 967 2449 eum
999 2427 1039 2449 se
1064 2417 1228 2449 contulit.
1294 2417 1416 2451 Sciens
1450 2420 1562 2462 igitur

130 2466 235 2498 illum
278 2464 364 2497 huic
399 2464 645 2507 praefecturae
683 2463 875 2500 idoneum,
920 2468 957 2495 et
986 2463 1130 2495 castella
1169 2468 1206 2495 et
1242 2462 1338 2496 vicos
1374 2471 1561 2508 praeterea

129 2511 295 2555 Meropes
319 2521 393 2544 non
422 2520 552 2554 paucos
578 2511 612 2543 ei
637 2508 923 2548 commendavit,
951 2520 970 2541 e
997 2508 1130 2554 quibus
1157 2518 1230 2542 non
1256 2511 1380 2554 exigua
1404 2512 1560 2555 praedo-

130 2569 216 2590 num
242 2567 367 2590 manus
393 2555 638 2600 colligebatur.
686 2555 977 2588 Numerabantur
1009 2556 1142 2587 etenim
1169 2556 1309 2599 equites
1341 2558 1447 2600 paulo
1482 2569 1561 2591 am-

132 2605 227 2647 plius
263 2604 415 2636 trecenti
436 2628 445 2641 ‚
481 2601 621 2645 pedites
646 2612 752 2645 supra
781 2602 893 2646 quina
917 2600 1033 2632 millia
1049 2625 1058 2640 ‚
1083 2610 1236 2645 quorum
1263 2603 1422 2635 omnium
1448 2612 1558 2648 prae-

133 2650 307 2683 fecturam
332 2654 418 2682 tunc
442 2648 496 2681 illi
521 2649 725 2688 commisit,
751 2659 829 2680 cum
853 2646 1046 2687 mandatis,
1070 2652 1111 2679 ut
1137 2647 1264 2689 urbes,
1289 2659 1379 2694 quae
1403 2661 1442 2684 se
1466 2651 1561 2685 Can-

132 2700 306 2731 tacuzeno
331 2696 461 2728 dedere
484 2694 642 2733 nollent,
668 2695 817 2727 infestas
841 2692 1005 2725 haberet.

224 2743 282 2778 66.
331 2742 427 2787 Quia
449 2746 568 2775 autem
604 2740 867 2775 Peritheorium
909 2739 1041 2773 frustra
1077 2737 1335 2782 obsidebatur,
1374 2741 1558 2776 machina·
