1800 3138
526 212 901 258 HISTORIARUM
943 219 1013 257 111.
1041 221 1110 267 29.
1433 217 1451 251 1
1468 217 1539 271 79

97 317 189 358 ἰδέα
219 316 493 369 κακοτροπίας
523 314 592 356 διὰ
633 313 709 363 τὰς
745 313 914 363 στάσεις
939 318 1031 364 ταῖς
1069 312 1214 356 πόλεσι
1250 313 1344 357 τότε
1379 314 1727 368 ἕπεδειὶ-Α.ῦ.ι34ι

96 384 183 436 χθη
211 380 283 422 καί
309 381 431 421 ου’δὲν
470 373 549 433 ἦν,
590 375 630 431 ὅ,
669 395 711 420 τι
742 378 797 434 μὴ
836 379 875 420 οἱ
914 381 1203 432 ἐπιεικέστεροι
1242 380 1458 432 ὑπέμενον.
1504 380 1544 422 οῖ

94 448 175 500 μὲν
204 445 286 501 γάρ
317 440 482 499 ἄριστοι
511 440 662 485 αὐτίκα
691 444 1010 499 διεφθείροντο,
1051 441 1078 498 ἢ
1105 443 1180 498 τὴν
1207 446 1412 499 προτέραν
1437 444 1544 500 πρὸς

94 512 269 564 βασιλέα
297 508 368 552 τὸν
397 507 747 563 Καντακουζηνόν
777 503 949 550 εὔνοιαν
975 507 1308 562 ἐπικαλούμενοι,
1353 506 1380 564 ἢ
1407 509 1453 550 τὸ
1483 502 1541 564 μὴ

70 578 143 620 5ἐν
169 578 228 633 τῷ
255 572 407 616 αὐτίκα
437 576 576 631 ἐκείνῳ
605 578 817 626 πολεμεῖν·
863 574 902 615 οἱ
924 576 1046 626 μέσοι
1076 575 1121 615 δὲ
1157 577 1242 615 τῶν
1281 578 1482 629 πολιτῶν,
1510 575 1539 633 ἢ

96 637 164 682 ὅτι
191 641 245 680 015
270 635 598 694 συνηγωνιζοντο
625 637 709 687 τοῖς
737 638 1061 691 στασιάζουσιν,
1093 636 1118 693 ἢ
1148 639 1294 697 φθόνῳ
1323 644 1399 681 τοῦ
1426 658 1544 697 περι-

95 712 214 748 εῖναι.
270 704 342 746 καί
371 705 395 759 ἧ
426 705 670 760 ἀνθρωπεία
702 696 831 760 φύσις
862 705 1041 745 εἰωθυῖα
1082 704 1154 745 καί
1195 705 1309 759 παρὰ
1349 704 1445 755 τούς
1473 709 1580 748 vti-D

95 786 204 824 μους
234 771 393 811 ἀδικεῖν
441 769 532 822 εἰεί,
590 768 684 810 τότε
721 770 881 821 μᾶλλον
918 766 1058 820 ἔδοξεν
1098 769 1281 823 ἀκρατής
1317 772 1396 822 μὲν
1433 767 1544 813 οῧσα

97 835 201 891 πρὸς
230 833 385 890 ὀργῆν,
415 831 470 888 ἦν
500 833 558 889 μή
594 832 674 875 ὑπὸ
701 836 783 876 τῶν
812 830 1029 889 ἇρχόντων
1058 838 1380 890 σωφρονίζηται,
1407 839 1546 891 κρείσ-

44 917 180 944 ιοσων
209 903 255 942 δὲ
287 903 363 941 τοῦ
394 902 572 952 δικαίου,
610 901 694 941 τῶν
723 901 822 954 περὶ
850 897 1004 941 τούτου
1035 905 1222 951 νομίμων
1250 902 1542 956 ἀνῃρημένων,

94 968 273 1019 πολεμία
302 968 349 1007 δὲ
384 966 458 1008 τοῦ
497 967 750 1021 κρείττονος,
792 961 843 1006 ἂν
867 967 1154 1018 περιγίνεσθαι
1180 967 1261 1022 ἐξῇ.

201 1031 282 1073 κδ’.
331 1031 380 1074 ‘O
407 1032 546 1084 μέντοι
577 1032 623 1073 ἐν
646 1029 990 1086 Ἀδριανουπόλει
1025 1032 1156 1084 δῆμος
1182 1030 1275 1072 ἐπεὶ
1292 1030 1391 1079 τούς
1419 1033 1667 1083 δ-υνα-Ρ.444

92 1097 189 1147 τούς
218 1098 358 1139 αὐτῶν
392 1096 608 1150 δεσμώτας
634 1096 694 1144 εἷς
721 1094 956 1145 Βυζάντιον
981 1112 1041 1136 πα
1060 1097 1294 1150 ρέπεμψαν,
1326 1096 1546 1150 δείσαντες,

92 1161 152 1216 μῆ
182 1161 303 1216 ἐγγύς
328 1161 529 1214 βασιλευς
562 1161 790 1216 διατριβων
819 1160 841 1201 ὃ
889 1158 1239 1215 Καντακουζηνός
1268 1163 1427 1215 ἀθρόον
1467 1163 1542 1203 αὔ-

47 1233 178 1276 ι5τοῖς
225 1226 528 1284 ἐπιστρατεύσῃ
566 1226 640 1267 καί
676 1228 756 1279 οὐχ
794 1221 919 1268 οἷοίτε
972 1224 1207 1278 ἀμύνεσθαι
1243 1221 1323 1268 ὦσι
1371 1227 1440 1268 διὰ
1495 1223 1564 1269 τὸ”

93 1292 194 1340 τούς
223 1294 574 1346 στρατευομένους
600 1294 756 1346 μικροῦ
787 1294 873 1332 δεῖν
913 1288 1097 1339 ἅπαντας
1124 1290 1222 1339 τούς
1247 1293 1326 1343 μὲν
1367 1289 1545 1333 ἓαλωκέ-
1563 1296 1589 1328 Β

93 1373 188 1410 ναι,
227 1356 323 1405 τούς
351 1358 398 1398 δὲ
420 1359 528 1411 μηδὲ
555 1359 639 1398 τῶν
667 1357 808 1398 οἰκιῶν
835 1354 1085 1411 προκύπτειν
1104 1388 1115 1408 ,
1157 1358 1201 1398 ἐν
1231 1353 1299 1404 αἷς
1339 1356 1541 1411 κατεκρύ-

96 1437 261 1471 πτοντο,
299 1423 475 1478 τολμᾷν,
505 1418 640 1470 ἄλλως
676 1438 722 1463 τε
739 1423 837 1476 μηδ’
873 1423 918 1463 ἐκ
949 1423 1188 1472 Βυζαντίου
1216 1420 1418 1475 βοήθειάν
1446 1438 1540 1463 τινα

97 1486 216 1541 σφίσι
245 1488 554 1541 προσδοκῶντες
583 1486 714 1542 ἥξειν·
762 1483 936 1544 (ᾔδεσαν
963 1486 1043 1542 γὰρ
1075 1489 1167 1529 ἐκεῖ
1189 1486 1262 1540 τήν
1295 1489 1543 1528 Καντακου-

44 1553 224 1605 ἳοζηνοῦ
250 1553 324 1591 τοῦ
349 1554 554 1604 βασιλέως
578 1552 781 1607 στρατιὰν
808 1554 1289 1608 ἑστρατοπεδευμὲνην·)
1331 1552 1435 1605 πρὸς
1464 1556 1544 1604 βα-

98 1618 217 1658 σιλέα
243 1617 327 1656 τῶν
355 1618 523 1657 ΙΡΙυσιὸν
550 1618 761 1669 πέμπουσι
791 1619 1015 1671 πρεσβείαν
1032 1649 1043 1669 ,
1075 1617 1264 1668 δεόμενοι
1291 1618 1415 1671 σφίσι
1435 1617 1540 1658 κατα

97 1682 226 1734 τάχος
253 1684 435 1736 βοηθεῖν.
475 1682 744 1737 Ἀλέξανδρος
774 1683 842 1734 δὲ,
873 1678 1011 1734 ὥσπερ
1042 1677 1094 1735 ἦν
1121 1680 1257 1733 εἰκὸς,
1289 1679 1343 1722 ov'
1363 1675 1440 1722 Ιδιοὶ
1471 1680 1548 1735 τήν

100 1745 249 1788 στάσιν
285 1744 436 1799 μόνον,
481 1745 586 1788 ἆλλά
620 1749 693 1789 καί
726 1745 919 1804 χρήμασι
956 1746 1161 1800 νομίσας,
1206 1748 1245 1788 εἰ
1280 1748 1548 1803 διαφθείρειε

191 1869 224 1902 8.
249 1867 375 1907 ἔδοξεν
398 1866 469 1908 M„
498 1866 637 1907 ἔδειξεν
660 1868 695 1900 P.

103 1976 348 2022 improbitatis
383 1982 421 2010 et
443 1975 631 2020 nequitiae
667 1977 815 2018 propter
840 1974 1038 2008 seditiones
1064 1979 1150 2007 tunc
1174 1978 1238 2018 per
1253 1971 1415 2006 civitates
1442 1981 1545 2006 usur-

104 2029 227 2069 patum
263 2028 342 2064 est;
383 2033 450 2056 nec
483 2027 558 2055 erat
592 2019 795 2065 quidquam
832 2021 1162 2059 incommodorum,
1207 2019 1305 2065 quod
1343 2019 1431 2052 boni
1472 2030 1546 2052 non

103 2075 388 2114 perpeterentur.
455 2069 545 2101 Nam
586 2068 778 2112 optimates
815 2078 896 2101 mox
930 2079 950 2100 e
983 2067 1103 2100 medio
1139 2067 1385 2105 tollebantur,
1411 2071 1473 2098 aut
1498 2066 1546 2098 ob

107 2117 296 2159 pristinam
332 2126 413 2160 erga
450 2115 704 2160 imperatorem
747 2112 1037 2147 Cantacuzenum
1071 2113 1315 2149 voluntatem,
1354 2117 1416 2144 aut
1448 2111 1547 2156 quod

105 2166 182 2194 tum
209 2171 304 2194 arma
330 2171 395 2205 pro
422 2161 486 2194 illo
512 2171 584 2193 non
608 2166 846 2204 capesserent.
875 2159 1119 2192 Mediiautem
1145 2161 1238 2191 cives
1265 2157 1548 2197 trucidabantur,

105 2213 168 2240 aut
198 2209 283 2253 quia
322 2208 515 2240 seditiosos
540 2218 614 2239 non
640 2206 865 2245 adiuvarent,
887 2212 949 2239 aut
963 2205 1112 2246 invidia,
1130 2205 1476 2250 quodsuperessent.
1503 2204 1548 2236 Et

106 2259 236 2286 natura
261 2253 441 2294 humana,
467 2263 560 2298 quae
586 2253 695 2286 etiam
729 2257 854 2285 contra·
879 2253 975 2297 leges
1002 2263 1141 2296 semper
1164 2261 1313 2294 peccare
1338 2249 1537 2288 consuevit,

107 2306 195 2333 tunc
221 2300 413 2344 praecipue
438 2299 657 2343 impotenter
684 2298 803 2331 furere
838 2298 995 2338 videtur,
1029 2309 1109 2331 cum
1135 2307 1155 2328 a
1178 2296 1444 2341 magistratibus
1473 2306 1548 2328 nou

111 2351 320 2379 coercetur:
350 2346 503 2390 iureque
538 2345 617 2389 ipso
656 2344 862 2388 potentior,
897 2345 1048 2377 sublatis
1078 2343 1273 2376 secundum
1298 2341 1337 2375 id
1361 2341 1545 2386 legitimis,

111 2392 219 2425 etiam
245 2393 345 2430 Deo,
372 2393 402 2424 si
425 2392 570 2425 vincere
595 2391 727 2430 liceat,
755 2401 849 2423 arma
875 2391 1009 2423 inferre
1039 2400 1113 2423 non
1138 2393 1286 2425 metuat,

204 2450 259 2482 ²9.
307 2436 463 2482 Populus
487 2436 846 2481 Adrianopolitanns‚
870 2443 1060 2481 postquam
1088 2437 1262 2480 primores
1287 2433 1442 2467 civitatis
1465 2435 1547 2466 vin-

113 2482 188 2517 ctos
213 2485 429 2528 Byzantium
454 2483 574 2523 misit,
600 2483 818 2523 formidans,
842 2493 888 2516 ne
914 2485 1109 2527 imperator
1132 2483 1402 2515 Cantacuzenus
1435 2486 1548 2524 prope·

113 2528 269 2570 absens,
295 2541 374 2562 cum
401 2530 568 2562 universo
596 2529 755 2562 exercitu
781 2528 908 2562 urbem
933 2528 1151 2562 adoriretur:
1173 2537 1239 2560 nec
1262 2531 1386 2572 posset
1408 2535 1445 2559 se
1482 2525 1547 2558 de-

113 2575 284 2615 fendere,
321 2573 420 2621 quod
459 2575 592 2608 milites
624 2585 748 2609 omnes
786 2574 898 2608 ferme
931 2576 1062 2619 partim
1087 2575 1184 2618 capti
1210 2578 1346 2617 essent,
1370 2571 1502 2616 partim
1528 2578 1549 2603 e

113 2620 329 2662 domiciliis,
355 2620 419 2654 ubi
446 2620 634 2661 latebant,
660 2621 864 2666 prospicere
893 2633 967 2654 non
991 2621 1183 2654 auderent:
1219 2619 1264 2652 ad
1285 2619 1375 2652 haec
1407 2619 1547 2651 nullum

109 2665 282 2710 Byzantio
307 2667 508 2700 subsidium
533 2672 763 2712 exspectans&
789 2667 942 2712 (sciebat
975 2667 1070 2698 enim
1109 2666 1147 2698 in
1180 2665 1258 2699 eius
1290 2667 1382 2710 agris
1421 2667 1549 2698 stativa

114 2713 249 2746 habere
263 2713 548 2747 Cantacuzenum
569 2714 594 2758 ,)
619 2713 665 2746 ad
691 2719 809 2759 regem
828 2713 1033 2746 Moesorum
1068 2713 1202 2757 legatos
1248 2711 1381 2745 celeres
1418 2722 1549 2756 suppe-

116 2759 188 2792 tias
213 2762 350 2792 oratum
378 2760 502 2793 mittit.
551 2759 756 2794 Alexander·
778 2764 925 2799 autem,—
951 2764 991 2791 ut
1015 2764 1089 2792 erat
1111 2758 1326 2797 verisimile,
1359 2768 1431 2790 non
1463 2768 1547 2800 pro-·

116 2811 198 2849 μοι·
220 2805 434 2840 seditionem
458 2805 731 2847 tantummodo,-
754 2806 817 2840 sed
842 2806 949 2838 etiam
976 2806 1128 2851 pecunia
1155 2804 1201 2851 (si
1237 2805 1463 2850 magistratus
1488 2808 1550 2835 ur-
