1800 3132
526 194 910 237 nlSTORlARUM
948 197 1022 236 ιη.
1053 197 1122 242 50.
1431 178 1543 248 '297

90 291 172 338 οὖν
205 296 249 337 ἑν
274 295 492 350 Βυζαντίῳ
520 290 754 349 πανήγυρις
780 287 831 348 ἦν
857 292 1029 349 λαμπρὰ
1060 291 1135 335 καὶ
1158 287 1316 347 ἑορτῶν
1344 292 1370 348 ἧ
1393 306 1542 348 χαριε-
1554 296 1636 332 A.C.
1655 295 1740 341 1342

96 359 238 416 στοῖτη.
276 362 348 402 καί
382 359 405 401 ὅ
435 361 566 414 δῆμος
592 357 698 414 πρὸς
724 357 770 400 τὸ
798 361 871 414 τῆς
899 360 1153 414 θεομὴτορος
1171 359 1447 414 Ὁδηγητρίας
1472 359 1670 399 τέ-Ρ.5ι3

96 442 217 480 μενος
244 424 432 480 ἐχώρουν
460 426 691 479 πανδημεί,
731 424 780 465 εὖ
782 419 1037 479 χαριστήρια
1065 426 1139 479 τῆς
1163 424 1278 477 νίκης
1305 419 1547 465 ἀποδώσον-

97 507 179 545 τες,
209 492 281 532 καί
299 489 336 532 οἱ
353 490 398 531 έν
417 492 526 531 τέλει
542 486 739 542 μάλιστα,
761 485 852 530 εἶτα
870 488 946 530 καί
962 488 998 530 οἱ
1017 484 1137 531 ἄλλοι
1155 491 1258 546 πεζῇ
1275 494 1362 538 τοῖς
1378 493 1545 537 πολλοῖς

68 556 270 609 ·5ὁμοίως.
325 555 398 596 καί
416 554 554 603 οὐδείς
574 551 728 607 ἐτόλμα
747 554 1063 606 ἀπολείπεσθαι,
1095 555 1202 596 ἀλλὰ
1217 557 1290 596 καί
1308 554 1351 596 οἳ
1364 552 1550 608 μάλιστα

98 619 269 677 ἦνιῶντο
295 622 369 662 καί
398 621 696 676 ἐδυσχέραινον
721 619 799 675 τὴν
825 622 1030 674 βασιλέως
1051 620 1336 675 δυσπραγίαν,
1366 620 1550 661 κάκεῖνοι

99 693 186 737 τοῖς
210 681 350 735 ἄλλοις
365 685 517 739 ὁμοίως
535 683 720 741 ἀνάγκην
740 682 854 739 εἶχον
881 685 1168 740 συνεορτάζειν
1186 682 1211 740 ἢ
1229 687 1389 738 μᾶλλον
1422 700 1552 726 συνα-

99 757 336 806 σχημονεῖν,
348 746 375 806 ἢ
385 751 458 805 τῆς
471 753 700 806 κατηφείας
706 749 895 804 χαλεπὰς
906 748 978 791 καί
984 746 1293 806 ἀπαραιτήτους
1306 749 1553 805 παρείχοντο

98 815 296 865 εὐθύνας.
309 818 360 857 οὔ
374 815 453 871 γὰρ
465 816 594 870 μόνον
609 814 724 865 εἴτις
737 816 1070 873 Καιτακουζηνῷ
1083 818 1141 873 τῷ
1155 813 1551 871 βασιλεῖσυμπράτ-

51 894 184 924 ιοτων
201 899 291 938 φωρ
299 884 436 936 αθείη,
468 879 686 933 ἐκολάζετο
709 877 846 935 αἷμαῖς,
871 880 979 922 ἀλλὰ
996 881 1069 923 καί
1084 881 1126 923 εἴ
1142 900 1204 933 τις
1222 882 1328 938 πρὸς
1349 881 1400 924 τὰ
1419 898 1554 937 πρατ-

98 947 251 1001 τόμενα
276 946 334 1003 μὴ
364 945 498 1003 ἡδέως
527 949 795 1001 διακείμενος,
828 945 933 988 α’λλὰ
971 942 1075 1002 ἦθος
1101 948 1317 1004 ἐμφαίνων
1346 949 1552 1002 α’ποστρε-

96 1016 285 1069 φομένου
303 1015 543 1069 φωραθείη,
571 1011 646 1062 τὰς
665 1012 812 1066 ὁμοίας
837 1015 956 1062 δίκας
980 1019 1066 1061 τοῖς
1093 1010 1322 1056 ἓαλωκόσιν
1347 1015 1420 1056 ἐπὶ
1452 1014 1585 1068 προ-Β

101 1080 223 1135 δοσίᾳ
261 1080 455 1135 φανεραῖς
494 1078 658 1121 διδόναι
697 1075 750 1134 ἦν
789 1075 961 1134 ἀνάγκη.
1015 1078 1088 1120 καί
1113 1081 1259 1121 πολλοί
1284 1080 1330 1121 ἐκ
1356 1078 1555 1121 τοιούτων

98 1144 250 1185 αἰτιῶν
277 1144 518 1198 ἀπώλοντο,
559 1141 636 1186 οὐκ
665 1146 710 1187 ἐν
739 1146 962 1202 Βυζαντίῳ
988 1144 1140 1198 μόνον,
1188 1144 1296 1186 α’λλά
1333 1143 1406 1186 καί
1437 1143 1554 1199 παρὰ

55 1213 197 1259 ιόταῖς
239 1203 387 1258 ἄλλαις
426 1209 592 1252 πόλεσιν
621 1206 721 1265 ἄχρι
753 1209 1071 1265 Θεσσαλονίκης.
1124 1208 1176 1251 τὰ
1204 1209 1285 1265 γὰρ
1319 1211 1554 1265 περαιτέρω

102 1276 176 1316 καί
213 1274 317 1331 πρὸς
351 1273 533 1332 ἑσπέραν
564 1279 682 1334 κοινῇ
709 1278 820 1318 οἵτε
849 1278 977 1330 δῆμοι
1004 1277 1078 1317 καί
1103 1275 1141 1317 οἱ
1170 1277 1341 1317 δυνατοί
1366 1277 1451 1317 τῶν
1481 1291 1554 1316 πο-

103 1343 209 1382 λεων
234 1343 405 1393 βασιλεῖ’
426 1347 650 1396 προσεῖχον
680 1342 1032 1399 Καντακουζηνῷ.
1091 1339 1191 1384 ὅθεν
1209 1341 1310 1383 οὐδὲ
1332 1340 1438 1396 πρὸς
1458 1339 1557 1382 στά-

103 1422 191 1455 σεις
218 1403 438 1461 ἐχώρησαν
463 1406 537 1448 καί
561 1409 768 1460 πολέμους
792 1407 1047 1462 ἐμφυλίους,
1091 1409 1182 1450 ἄλλ’
1208 1408 1254 1449 ἐν
1280 1403 1341 1456 οἷς
1367 1407 1554 1460 μάλιστα

106 1470 150 1511 αἱ
181 1466 304 1511 ἄλλαι
332 1470 534 1525 μεγάλαις
563 1471 797 1528 ἐχρήσαντο
826 1479 1069 1528 συμφοραῖς
1098 1479 1280 1528 καιροῖς,
1327 1475 1371 1515 ἐν
1397 1469 1556 1520 τούτοις

54 1530 233 1579 αοαῦται
259 1537 362 1591 πρὸς
388 1531 588 1590 εὐνομίαν
628 1540 699 1579 καί
724 1535 889 1593 εἰρήνην
917 1540 1154 1595 διῳκοῦντο.
1210 1538 1254 1580 αἱ
1276 1540 1321 1581 δὲ
1341 1537 1424 1580 α’πὸ
1447 1539 1556 1580 Θεσ-

106 1603 324 1655 σαλονίκης
352 1598 455 1656 ἄχρι
481 1603 718 1652 Βυζαντίου
749 1604 872 1644 ου’δὲν
900 1598 966 1657 ἦν,
1009 1600 1090 1655 δ’,τι
1117 1603 1177 1659 μὴ
1208 1604 1426 1657 ὑπέμενον.
1480 1620 1557 1644 κα-

104 1665 248 1716 θάπαξ
285 1665 366 1722 γὰρ
407 1668 466 1716 εἰς
499 1665 574 1708 δύο
607 1669 913 1724 διαιρεθεῖσαι,
964 1667 1136 1723 στρατιά
1161 1671 1240 1722 μὲν
1265 1668 1339 1711 καί
1365 1668 1403 1710 οἱ
1438 1663 1592 1710 &moze

105 1726 273 1788 ἄριστοι
298 1735 382 1775 τῶν
410 1735 586 1775 πολιτῶν
611 1732 665 1776 τά
694 1733 1049 1788 Καντακουζηνοῦ
1075 1737 1152 1776 τοῦ·
1170 1736 1377 1788 βασιλέως
1404 1733 1557 1791 ᾑροῦν-

197 1845 228 1869 2.
254 1834 318 1875 τῆς
341 1833 422 1870 add.
443 1833 492 1868 M.
591 1837 640 1880 ¹4·
671 1832 887 1871 ἀπώλλυντο
915 1835 949 1868 Ρ.
974 1839 1012 1868 et
1038 1835 1086 1868 M.

106 1918 187 1956 set,
221 1913 470 1960 depositurum
506 1919 543 1949 et
573 1916 788 1950 monachum
814 1915 1047 1956 induturum,
1073 1914 1301 1949 concessisse.
1351 1914 1553 1949 Confestim

109 1962 272 2005 Byzantii
305 1961 382 1995 dies
414 1961 528 1996 festus
562 1963 708 2007 publice
734 1963 790 2008 agi
814 1962 1128 2008 splendidissimus
1152 1962 1389 2008 omniumque
1416 1963 1556 1996 iucun-

110 2008 302 2050 dissimus,
348 2013 386 2041 et
419 2009 575 2054 populus
615 2010 805 2050 certatim,
848 2009 1100 2054 imprimisque
1150 2008 1333 2053 principes
1370 2010 1555 2054 ceterique

110 2054 290 2100 pedibus,
320 2053 506 2099 plebeium
545 2057 583 2088 in
610 2067 767 2097 morem,
796 2056 970 2100 Dciparae
998 2055 1235 2100 Hodcgctriae
1261 2055 1436 2098 templum
1461 2067 1556 2088 con-

112 2111 254 2133 cursare
279 2102 385 2147 eique
412 2102 598 2135 victoriam
624 2103 805 2146 gratulari.
865 2103 940 2136 Nee
960 2113 1044 2136 vero
1072 2103 1263 2147 quisquam
1290 2102 1377 2134 huic
1401 2103 1555 2147 gratula-

111 2148 206 2180 tioni
231 2146 354 2180 deesse
379 2148 548 2186 audebat.
598 2149 699 2194 Quin
728 2151 838 2183 etiam
864 2161 955 2194 quos
980 2149 1206 2192 imperatoris
1238 2147 1384 2181 adversa
1409 2149 1555 2182 fortuna

113 2194 298 2226 cruciabat
333 2196 511 2236 maxime,
555 2195 687 2229 festum
720 2196 817 2229 diem
854 2197 962 2228 simul
989 2196 1190 2235 celebrare,
1217 2195 1274 2228 vel
1303 2198 1423 2239 potius
1449 2196 1557 2228 simul

112 2240 270 2284 turpiter
301 2251 404 2283 agere
436 2246 500 2274 aut
531 2243 703 2275 moeroris
744 2243 801 2275 sui
836 2253 970 2288 poenas
1012 2242 1169 2275 immites
1193 2252 1233 2274 ac
1263 2240 1556 2286 indeprecabiles

116 2287 294 2319 sustinere
328 2287 558 2332 cogebantur.
607 2289 689 2322 Non
718 2290 815 2322 enim
841 2290 979 2328 solum,
1005 2289 1035 2322 si
1061 2289 1142 2334 quis
1166 2299 1184 2320 a
1213 2288 1461 2323 Cantacuzeno
1485 2290 1556 2321 im-

114 2339 283 2378 peratore
309 2333 427 2373 facere
455 2333 816 2379 deprehendebatur,
847 2336 1044 2368 crudeliter
1067 2334 1309 2380 puniebatur:
1350 2335 1413 2368 sed
1445 2337 1557 2368 etiam

115 2380 147 2412 si
171 2380 252 2425 quis
280 2379 326 2411 ad
355 2391 414 2420 ea,
444 2393 534 2426 quae
560 2381 717 2422 fiebant,
747 2394 821 2416 non
848 2382 1055 2422 hilaritatis,
1072 2392 1194 2415 verum
1220 2381 1415 2415 aversionis
1442 2382 1557 2426 signi-

116 2426 323 2459 ficationem
350 2428 452 2460 vultu
479 2428 601 2466 daret,
626 2429 778 2471 perinde
801 2433 910 2474 atque
936 2429 965 2461 si
990 2433 1084 2461 esset
1106 2428 1324 2471 proditionis
1360 2429 1558 2470 convictus,

116 2472 195 2506 sine
231 2473 477 2506 misericordia
505 2474 748 2518 multabatur-3
782 2476 963 2520 multique
991 2481 1068 2508 tum
1101 2475 1278 2518 Byzantii,
1311 2478 1387 2508 tum
1407 2475 1487 2508 aliis
1516 2476 1557 2508 in

116 2518 270 2552 urbibus
296 2519 588 2554 Thessalonicam
611 2533 728 2566 usque
753 2521 810 2555 his
836 2523 880 2556 de
905 2522 1021 2555 causis
1047 2521 1227 2554 communi
1258 2522 1336 2555 luce
1359 2521 1556 2567 privaban-

117 2571 200 2599 tur:
227 2566 409 2610 siquidem
434 2569 473 2600 in
498 2568 732 2601 ulterioribus
756 2579 878 2602 versus
905 2568 1128 2601 occidentem
1167 2567 1271 2611 plebs
1308 2572 1344 2601 et
1367 2568 1558 2612 optimates

117 2612 320 2657 promiscue
346 2613 554 2657 imperatori
578 2614 826 2649 Cantacuzeno
853 2615 1039 2651 favebant.
1088 2614 1211 2658 Quare
1235 2615 1273 2647 in
1304 2614 1379 2648 illis
1413 2615 1559 2660 oppidis

118 2669 186 2692 nec
207 2658 419 2699 seditiones,
445 2671 513 2694 nec
537 2660 676 2694 bellum
702 2661 810 2695 civile
837 2661 1039 2701 existebat3
1082 2659 1144 2693 sed
1169 2659 1252 2693 dum
1279 2661 1349 2694 alia
1373 2662 1563 2696 calamita-

119 2705 218 2738 tibus
243 2706 503 2751 affligmeutur,
528 2708 603 2751 ipsa
626 2706 732 2741 bonis
760 2707 901 2753 legibus
929 2707 1074 2751 pacifice
1105 2705 1406 2751 gubernabantur.
1456 2708 1560 2752 Quae

120 2762 142 2785 a
163 2752 419 2786 Thessalonica
448 2754 657 2798 Byzantium
679 2754 935 2799 pertinebant,
961 2752 1055 2785 nihil
1083 2763 1188 2796 grave
1216 2766 1289 2788 non
1313 2755 1558 2799 patiebantur.

119 2798 239 2834 Semel
264 2800 360 2834 enim
387 2800 538 2835 inducta
565 2800 741 2837 discordia
759 2825 770 2843 ,
794 2800 977 2846 praesidia
1001 2799 1150 2848 quidem
1180 2806 1216 2837 et
1243 2803 1435 2848 optimates
1469 2801 1561 2837 Can-
