1800 3138
289 188 310 225 1
326 171 395 244 74
812 187 1180 232 CANTACUZENI

85 296 168 333 Ac.
190 298 269 343 1341
289 286 602 342 παρατραπέντι
630 287 855 339 λογισμῶν,
886 287 991 329 ἄλλα
1016 289 1154 330 πᾶσαν
1178 289 1379 343 πρόνοιαν
1403 291 1628 348 ἐποιούμην
1654 295 1727 336 καὶ

238 348 491 404 Βσπουδὴν,
523 345 572 390 οὗ
597 348 724 402 μόνον
755 349 807 391 τά
833 351 1060 405 εΡωμαίων
1088 349 1256 405 αὔξειν,
1303 353 1407 396 ἀλλὰ
1439 356 1512 396 καί
1537 359 1724 410 βασιλίδι

278 417 352 457 καί
394 415 472 471 υἱῷ
507 413 581 468 τὴν
624 409 760 469 ἆρχὴν
794 414 1019 468 διασώζειν
1050 419 1122 459 καί
1155 420 1338 473 μηδένα,
1383 418 1430 461 τό
1472 436 1517 474 γε
1555 424 1615 470 εἰς
1651 423 1727 475 ἐμὲ

277 476 400 535 ἧκον,
440 479 597 520 ἀδικεῖν
639 480 720 535 ἐᾷν,
788 477 817 520 οἳ
855 482 983 536 ἐχρῆν
1021 484 1213 538 κοῖκείνην
1253 487 1515 539 συνορῶσαν,
1559 482 1724 542 τάληθῆ

277 547 351 587 καί
376 542 517 586 δίκαια
541 542 779 597 λογίζεσθαι
805 548 903 600 περὶ
934 549 1039 598 ἐμοῦ
1070 549 1143 588 καί
1168 547 1226 602 μη
1258 546 1388 598 οὕτως
1408 548 1567 605 ἐρήμην
1592 552 1747 593 κατα-5

276 610 564 664 ψηφίζεσθαι,
608 604 845 661 ἀνθρώποις
885 615 1132 653 πεισθεῖσαν
1171 611 1464 668 συκοφάνταις.
1541 613 1634 656 ἐπεὶ
1681 616 1723 657 δ’

276 676 409 728 ἐκείνη
436 674 617 728 τάληθὲς
645 677 984 730 παραδραμοῦσα
1013 675 1222 731 προείλετο
1251 677 1297 718 τό
1327 682 1509 733 ψεῦδος,
1538 683 1610 722 καί
1639 697 1723 735 μη-

279 741 348 781 δὲν
378 738 626 794 ἠδικηκότα,
666 737 772 794 μήτε
803 739 1019 795 πρόφασιν
1048 744 1230 795 πολέμου
1260 747 1575 799 παρεσχημένον
1601 746 1722 788 ου’δε-

274 806 404 857 μίαν,
433 803 629 856 πολέμιον
659 806 900 866 ἐψηφίσατο
930 805 1037 860 αὕτη
1070 808 1145 848 καί
1172 805 1327 857 πάσαις
1353 809 1522 852 πόλεσιν
1549 809 1721 866 ἐκήρυξε

151 867 334 927 Ρ.44,,ιιὴ
365 871 592 923 δέχεσθαι,
622 867 726 911 ἀλλὰ
754 870 880 912 παντί
905 873 1043 912 σθένει
1065 875 1279 925 πολεμεῖν·
1311 871 1338 914 ἃ
1365 874 1467 927 ὑμῖν
1490 880 1773 918 λυσιτελεῖνῐο

279 933 384 989 πρὸς
412 934 464 976 τὰ
494 933 682 991 παρόντα
711 937 783 976 καί
818 937 915 988 ἐμοί
942 937 1182 990 συνέδοξεν,
1228 937 1381 996 ἀνάγκη
1418 940 1719 994 συνελαυνόμε-

274 1016 340 1044 νοι
357 1033 368 1054 ‚
399 998 655 1054 ἐπράξαμεν.
710 1002 783 1054 τῆς
807 1001 885 1053 μὲν
915 997 991 1044 οὖν
1015 1001 1254 1057 προθυμίας
1282 1006 1400 1045 ἕνεκα
1430 1007 1502 1047 καί
1523 1008 1598 1059 τῆς
1622 1005 1722 1062 περὶ

272 1067 347 1119 ἐμὲ
374 1061 539 1114 εὖνοιάς
575 1065 756 1121 χάριτας
797 1064 898 1119 ὑμῖν
917 1066 1068 1115 πολλὰς
1097 1067 1298 1122 ὁμολογῶ.
1335 1071 1493 1111 δίκαιον
1521 1072 1567 1112 δὲ
1588 1071 1716 1126 ἧγοῦ-

269 1149 364 1186 μαι,
397 1130 474 1185 τὴν
501 1131 594 1185 ἴσην
629 1132 702 1173 καί
735 1129 865 1173 αὐτὸν
892 1133 990 1186 περὶ
1016 1132 1130 1185 ὑμᾶς
1167 1132 1500 1187 ἐπιδεικνύμενον
1537 1138 1714 1191 κηδεμο-

237 1199 389 1249 ”νιάν,
429 1193 458 1237 ἃ
485 1198 691 1238 συνοίσειν
735 1195 873 1248 οἴομαι
923 1194 1024 1249 ὑμῖν
1074 1193 1231 1254 ἑκάστῳ
1275 1198 1349 1240 καί
1386 1206 1607 1254 παραινεῖν
1643 1198 1766 1242 καίιό

269 1260 520 1317 ἐπιτρέπειν.
580 1258 629 1302 οὗ
663 1259 741 1316 γὰρ
785 1258 835 1303 ἂν
877 1260 939 1316 εἴη
968 1264 1211 1317 φιλοῦντος,
1254 1266 1294 1305 εἰ
1320 1265 1401 1305 τῶν
1429 1267 1516 1322 ἰδίᾳ
1554 1282 1592 1308 τι
1621 1263 1719 1318 ἐμοὶ

270 1326 554 1383 διαφερόντων
579 1329 698 1368 ἕνεκα
727 1330 800 1381 τῆς
824 1328 906 1368 τῶν
937 1323 1075 1369 ἄλλων
1101 1327 1308 1382 σωτηρίας
1333 1330 1546 1385 ἀμελοίην.
1601 1327 1714 1383 ὅσοις

268 1393 405 1434 τοίνυν
434 1392 553 1444 ὑμῶν
580 1392 624 1432 ἐν
659 1388 726 1439 αἶς
764 1391 842 1444 οὐχ
880 1390 1116 1433 ὑπόκεινται
1156 1391 1323 1435 πόλεσιν
1361 1391 1513 1449 ἦμῖνῆ
1553 1393 1712 1448 κώμαις

269 1455 397 1499 οἰκίαι
422 1458 466 1498 τέ
492 1458 572 1498 εἰσι
608 1455 681 1497 καί
713 1458 836 1497 τέκνα
871 1455 944 1497 καί
973 1462 1162 1509 γυναῖκες
1197 1457 1269 1498 καί
1295 1456 1321 1511 ἦ
1364 1454 1467 1511 ἄλλη
1497 1461 1576 1499 τοῦ
1614 1461 1709 1512 βίου

233 1519 465 1576 Βᾶφορμη,
497 1520 548 1561 οὖ
574 1519 657 1575 χρὴ
687 1523 759 1575 τῆς
787 1523 845 1569 εἷς
870 1520 981 1575 ἡμᾶς
1010 1523 1170 1569 εὐνοίας
1197 1523 1315 1563 ἕνεκα
1343 1523 1530 1564 ἐνταῦθα
1558 1539 1762 1575 καρτε-Ἇο

262 1590 464 1640 ροῢντας,
505 1584 555 1627 τὰ
587 1586 714 1626 οἰκεῖα
736 1585 945 1626 ἀπολύειν.
985 1580 1136 1627 ἄτοπον
1162 1585 1242 1639 γάρ
1272 1585 1347 1641 τήν
1377 1589 1436 1635 εἰς
1465 1589 1538 1640 ἐμὲ
1564 1587 1707 1643 φιλίαν

260 1650 451 1705 μεγάλων
492 1652 630 1692 αἰτίαν
667 1651 770 1703 ὑμῖν
812 1646 1002 1705 ὀφθῆναι
1032 1653 1276 1706 συμφορῶν.
1332 1652 1380 1692 οὗ
1409 1651 1490 1706 γὰρ
1520 1648 1707 1707 ἀποσχή-

260 1731 403 1758 σονται
426 1713 591 1764 ου’δενὸς
609 1716 772 1768 δεινοῦ,
796 1714 834 1757 οἱ
862 1714 997 1757 πάντα
1028 1710 1144 1757 οὗτοι
1165 1718 1366 1771 τολμηταί
1392 1719 1466 1759 καί
1489 1719 1597 1772 πέρα
1626 1719 1705 1759 τοῦ

260 1903 407 1949 quidem
442 1914 602 1949 unquam
639 1904 802 1945 venisse,
841 1904 903 1937 sed
937 1905 975 1937 in
1010 1904 1048 1936 id
1087 1914 1228 1937 omnem
1254 1913 1374 1936 curam
1398 1903 1697 1949 diligentiamque

259 1951 481 1991 contulisse,
510 1962 585 1984 non
610 1950 718 1984 modo
751 1956 794 1984 ut
820 1961 892 1984 rem
921 1952 1113 1983 Romanam
1138 1951 1417 1994 amplificarem,
1440 1959 1563 1982 verum
1588 1951 1698 1984 etiam

263 2003 306 2030 ut
343 1998 535 2042 imperium
571 1997 792 2042 imperatrici
827 1998 979 2041 eiusque
1015 1996 1091 2029 filio
1118 2002 1251 2029 sartum
1277 2001 1410 2029 tectum
1434 2006 1698 2031 conservarem:

258 2053 348 2083 nec,
374 2049 547 2090 quantum
574 2044 612 2076 in
642 2054 698 2077 me
725 2049 843 2084 esset,
887 2043 962 2074 ulla
1001 2054 1059 2075 eos
1085 2041 1175 2075 affici
1206 2042 1342 2074 iniuria
1379 2042 1542 2075 sinerem.
1592 2042 1696 2087 Quae

257 2101 338 2122 cum
367 2095 403 2122 et
427 2090 527 2122 illam
554 2099 628 2121 non
655 2090 843 2134 fugerent,
868 2099 952 2122 vera
978 2094 1014 2122 et
1038 2090 1134 2121 iusta
1159 2088 1203 2122 de
1227 2099 1284 2121 me
1320 2089 1477 2128 sentire,
1513 2098 1579 2121 nec
1603 2087 1695 2122 adeo

258 2134 486 2181 sycophantis
512 2134 706 2174 credulam,
737 2136 872 2168 indicta
896 2145 1003 2168 causa
1030 2133 1265 2168 condemnare
1289 2145 1346 2167 me
1370 2134 1572 2178 oportebat.
1598 2134 1696 2180 Quia

257 2191 342 2215 vero
358 2208 368 2223 ,
393 2182 593 2226 postposita
613 2182 764 2215 veritate
780 2206 789 2222 ,
813 2181 1042 2214 mendacium
1067 2181 1234 2225 amplecti
1257 2180 1386 2213 maluit
1407 2190 1560 2225 meque,
1588 2181 1694 2225 culpa

258 2229 358 2262 omni
393 2232 577 2261 vacantem
610 2233 646 2260 et
675 2227 812 2260 nullam
847 2227 945 2261 bello
982 2238 1104 2259 ansam
1136 2226 1388 2271 praebentem,
1420 2226 1561 2260 hostem
1586 2236 1691 2260 suum

258 2274 452 2308 declaravit
474 2279 511 2307 et
536 2273 693 2307 edictum
717 2284 781 2318 per
809 2285 931 2307 omnes
955 2273 1061 2306 urbes
1094 2273 1139 2306 de
1170 2283 1227 2305 me
1261 2272 1485 2306 excludendo
1523 2278 1560 2306 et
1583 2284 1692 2319 quam

257 2322 430 2354 acerrime
456 2319 695 2365 oppugnando
719 2320 976 2364 promulgavit,
1003 2330 1095 2364 quae
1118 2317 1219 2352 vobis
1246 2323 1284 2351 et
1314 2318 1404 2352 mihi
1447 2320 1486 2352 in
1519 2329 1690 2365 praesens

257 2366 507 2401 conducibilia
523 2370 777 2410 apparuerunt,
788 2366 1002 2399 necessitate
1023 2364 1198 2409 compulsi
1223 2364 1383 2403 fecimus,
1415 2365 1562 2398 Vestrae
1579 2365 1691 2410 igitur

259 2423 342 2456 erga
378 2425 435 2446 me
474 2417 660 2457 promptae
695 2423 735 2446 ac
770 2412 954 2447 studiosae
985 2411 1165 2444 voluntati
1197 2410 1360 2455 ingentes
1392 2421 1456 2456 ago
1485 2412 1618 2457 gratias
1651 2415 1690 2445 et

258 2468 414 2503 aequum
452 2459 631 2499 arbitror,
666 2468 723 2491 me
753 2458 832 2505 pari
870 2470 933 2503 pro
963 2457 1066 2492 vobis
1104 2467 1187 2490 cura
1229 2457 1446 2499 sollicitum,
1482 2467 1574 2502 quae
1606 2468 1687 2492 cum

257 2505 376 2538 fructu
401 2511 517 2540 vestro
545 2506 733 2539 coniuncta
755 2509 867 2550 puto,
890 2515 932 2538 ea
969 2504 1099 2550 cuique
1126 2509 1163 2537 et
1194 2502 1342 2537 suadere
1378 2508 1415 2537 et
1448 2503 1684 2537 committere.

257 2550 365 2584 Haud
392 2551 487 2584 enim
515 2551 620 2584 amici
644 2552 809 2595 fungerer
835 2550 949 2584 officio
965 2574 976 2591 ,
998 2551 1028 2583 si
1053 2549 1238 2583 commoda
1262 2561 1342 2583 mea
1366 2550 1504 2595 privata
1528 2549 1683 2583 aliorum

256 2596 369 2629 saluti
393 2602 475 2630 ante
504 2609 658 2630 onerem.
707 2597 898 2643 Quotquot
924 2606 1005 2642 ergo
1028 2597 1066 2628 in
1092 2595 1243 2629 urbibus
1268 2601 1330 2630 aut
1353 2597 1439 2630 vicis
1471 2595 1577 2629 nobis
1608 2606 1683 2629 non

259 2642 430 2676 subiectis
466 2609 688 2677 (fomicilium
722 2643 864 2677 habetis
896 2649 933 2677 et
965 2653 1092 2676 uxores
1126 2652 1205 2674 cum
1243 2642 1368 2676 liberis
1408 2643 1552 2687 aliaque
1585 2641 1681 2676 vitae

260 2688 441 2730 subsidia,
474 2700 548 2722 non
582 2700 726 2722 necesse
752 2695 806 2723 est
836 2689 895 2722 hic
921 2688 1018 2734 apud
1038 2700 1093 2722 me
1117 2688 1311 2733 perdurare
1336 2699 1378 2721 ac
1397 2687 1591 2722 domestica
1624 2686 1681 2719 di·-

259 2734 412 2769 mittere.
460 2734 632 2781 Iniquum
660 2736 755 2770 enim
781 2740 819 2769 et
842 2734 1035 2770 absurdum
1060 2735 1176 2774 soret,
1203 2746 1377 2776 amorem,
1411 2745 1483 2781 quo
1511 2743 1568 2767 me
1591 2733 1680 2767 dili*

261 2781 343 2826 gitis
360 2806 369 2823 ,
400 2780 502 2820 vobis
542 2792 703 2827 magnam
731 2793 854 2828 parare
889 2781 1092 2816 miseriam:
1128 2791 1208 2815 nam
1240 2781 1391 2816 audaces
1416 2780 1476 2816 izti
1503 2784 1539 2829 et
1562 2789 1681 2814 rerum
