1800 3132
278 167 353 234 46
796 198 801 202 “
817 186 1187 230 CANTACUZEM

85 285 410 342 ᾼ,(;.ι34ιβαίως
449 285 739 337 πεπεισμένον,
771 281 828 334 ὥς
854 287 976 327 οὐδὲν
1003 284 1119 328 ἔσται
1145 289 1403 341 τηλικοῦτον,
1444 284 1468 327 ὃ
1497 279 1719 344 δυνήσεται

278 347 402 397 τούςθ
416 348 546 404 αὐτῆς
584 354 832 392 κατασεΐσαι
873 351 1096 406 λογισμούς
1133 354 1206 394 καί
1232 356 1331 408 περὶ
1358 355 1493 395 αὐτοῦ
1520 351 1623 395 κακοὶ
1651 358 1721 395 λο-

279 412 469 469 γίζεσθαι
516 413 842 469 παρασκευάσει.
895 418 966 459 ἐπὶ
1000 416 1161 466 τούτοις
1203 420 1249 461 δὲ
1277 417 1299 459 ὅ
1324 419 1453 473 μέγας
1481 420 1723 471 δομέστικος

280 478 356 534 τὴν
396 481 474 533 μὲν
518 479 742 535 ὁμολογίαν
783 484 999 536 βασιλίδος
1049 480 1264 538 ἀρκοῦσαν
1307 484 1463 539 οἰηθείς
1510 482 1724 535 α’πόδειξιν

235 543 385 602 Βπρὸς
411 544 456 587 τό
495 547 625 601 μηδὲν
659 544 767 589 εἶναι
805 547 1019 601 ἐμποδών,
1061 550 1101 591 εἰ
1125 547 1314 601 ἐβούλετο
1354 547 1480 598 κακὸς
1513 545 1750 605 ὀφθῆναι,5

279 609 463 666 μάλιστα
491 612 539 653 δὲ
591 610 817 665 δυνάμενος
859 610 995 656 ἑκοντὶ
1018 612 1183 669 τάγαθὰ
1213 616 1286 655 καί
1311 615 1454 657 δίκαια
1485 613 1724 670 αἱρεῖσθαι,

279 673 371 719 εἶτα
398 678 469 718 καὶ
525 678 600 732 τῆς
626 677 932 732 καλοκάγαθίας
959 682 1032 720 καί
1064 681 1137 734 τῆς
1161 681 1220 728 εἷς
1251 678 1374 722 αὕτὸν
1401 683 1578 736 στοργῆς
1601 679 1727 736 χάρι-

280 758 359 791 τας
398 741 656 797 ὁμολογήσας
681 744 897 797 βασιλίδι,
929 738 1057 793 αὖθις
1096 743 1354 798 ἀνελάμβανε
1390 744 1460 788 τὸν
1485 745 1607 800 λόγον
1625 778 1637 799 ,
1666 743 1725 799 μή

281 806 335 864 δὴ
369 806 437 849 διὰ
466 811 618 861 ταῦτα,
649 808 845 864 φάσκων,
873 807 972 864 μήτ’
1000 808 1158 864 αὐτὴν,
1203 809 1310 865 μήτε
1338 811 1599 867 πατριάρχην
1626 808 1728 852 ὓπο-

282 872 465 928 undant,
495 875 610 931 αύτῷ
637 873 736 923 τούς
763 872 908 929 λόγους
936 873 994 923 ὥς
1020 878 1262 930 πανούργως
1290 876 1547 932 εἰρημένους,
1577 871 1782 918 ἅδειανισ

282 939 398 998 αὐτῷ
435 941 874 996 προπαρασκευάζοντι
914 938 960 982 τὸ
1014 942 1113 996 μηδ’
1143 936 1194 983 ἄν
1230 958 1293 991 τις
1328 942 1466 997 ἀληθῆ
1492 943 1623 996 λέγειν
1650 939 1727 998 ἔχῃ

283 1004 384 1061 περὶ
430 1004 565 1046 αὐτοῦ’
614 1007 687 1046 καί
725 1001 1011 1048 ἀποδεικνύειν
1039 1002 1290 1061 α’δικοῦντα,
1329 1005 1455 1049 τόπον
1482 1005 1594 1060 ἔχειν
1623 1006 1731 1063 πρὸς

283 1069 359 1127 τὴν
387 1072 475 1112 κατ’
506 1072 634 1112 αὐτοῦ
664 1073 915 1127 κατηγορίαν
942 1074 1015 1113 καί
1040 1072 1207 1129 γραφήν
1224 1090 1235 1101 ·
1293 1075 1346 1114 ου’
1374 1072 1454 1128 γὰρ
1483 1075 1604 1115 τοῦτο
1630 1072 1730 1126 βούκ

285 1139 437 1178 λεσθαι
464 1136 578 1194 αὐτῷ’
605 1134 703 1186 τοὺς
733 1134 901 1191 λόγους·
958 1139 1051 1179 α’λλ’
1072 1140 1112 1179 εἰ
1135 1141 1213 1191 μέν
1240 1155 1349 1188 τινες
1375 1142 1550 1181 τοιαῦτα
1579 1137 1731 1194 δήποτε

285 1207 573 1257 κατηγοροῖεν,
603 1197 671 1244 οἷα
700 1202 810 1244 αὐτοὶ
850 1202 927 1259 ὑφ’
957 1201 1118 1246 ἑαυτῶν
1145 1205 1434 1259 ἐξελέγχεσθαι
1464 1204 1521 1253 (ὃς
1550 1205 1633 1246 εἰσί
1653 1202 1784 1248 ‹xv-15

161 1272 197 1311 Ρ.
212 1269 513 1323 ὃθὸκοφαντίαι
551 1270 625 1310 καί
662 1270 859 1322 διαβολαί
879 1301 891 1322 ,
940 1266 1096 1311 τούτων
1134 1272 1296 1324 μηδένα
1319 1264 1544 1312 ’ποιεῖσθαι
1585 1268 1730 1323 λόγον,

285 1329 395 1376 ἀλλὰ
439 1335 511 1376 καί
546 1333 643 1383 τοὺς
671 1332 924 1385 πλάττοντας
950 1341 1101 1388 μισεῖν.
1158 1336 1198 1376 εἰ
1224 1337 1260 1377 δ’
1295 1330 1381 1391 ἄρα
1408 1332 1541 1384 οὕτως
1567 1333 1628 1390 εἴη
1662 1350 1729 1376 πι-

285 1398 397 1442 θανὰ
416 1432 428 1453 ,
483 1395 576 1442 ὥστ’
618 1397 877 1457 ἀμφιβολίαν
921 1401 1131 1454 ἐμποιεῖν,
1168 1403 1208 1443 εἰ
1242 1402 1401 1454 μᾶλλον
1436 1398 1519 1456 χρὴ
1560 1399 1732 1441 πιστεύ-

287 1470 351 1508 ειν
390 1462 419 1520 ἢ
469 1466 733 1507 παντάπασιν
779 1467 968 1508 α’πιστεΐν
993 1499 1005 1519 ,
1048 1465 1107 1521 μη
1151 1464 1310 1521 ἐρήμην
1362 1462 1494 1514 εὗθῦς
1540 1475 1731 1519 καταψη-

289 1532 491 1588 φίζεσθαι
531 1530 604 1573 καί
657 1528 860 1585 α’πόντος,
913 1533 1005 1574 ἀλλ’
1035 1534 1094 1581 εἰς
1135 1530 1401 1588 δικαστήριον
1445 1533 1607 1581 καλεῖν,
1655 1526 1787 1571 adimo?

289 1596 528 1650 ἁλίσκωμαι
569 1598 745 1649 α’δικῶν,
789 1594 838 1638 οὗ
880 1599 1166 1654 παραιτοῦμαι
1203 1600 1278 1652 τῆς
1316 1597 1568 1652 κακουργίας
1617 1595 1731 1637 διδό-

291 1677 363 1705 ναι
378 1664 534 1711 δίκας.”
590 1659 665 1717 τῆς·
690 1662 907 1716 βασιλίδος
938 1665 984 1705 δὲ
1010 1662 1081 1705 τὸν
1108 1665 1206 1718 περὶ
1232 1664 1306 1717 τῆς
1334 1663 1451 1716 δίκης
1479 1659 1601 1715 λόγον
1626 1662 1732 1702 ἀπο-

289 1730 505 1783 σειομένης
531 1729 605 1769 καί
618 1730 718 1783 μηδ’
734 1723 800 1783 ἂν,
830 1728 875 1771 εἴ
894 1746 937 1771 τι
964 1732 1132 1784 γένοιτο,
1156 1731 1335 1770 τοιαῦτα
1356 1730 1452 1782 περὶ
1473 1723 1606 1769 αὐτοῦ
1627 1743 1732 1783 φρο-

289 1793 431 1848 νήσειν
460 1795 789 1850 διατεινομένης,
836 1791 942 1837 ὥστε
969 1794 1043 1837 καὶ
1070 1796 1348 1850 δικαστηρίων
1375 1790 1602 1848 δεήσεσθαι
1629 1790 1734 1848 πρὸς

399 1898 432 1931 6.
458 1895 676 1943 δυνάμενον
690 1898 737 1930 Μ.

292 1991 552 2036 suspicaretur,
584 1990 648 2024 sed
685 1994 892 2025 constanter
927 1990 1111 2032 crederet,
1133 1990 1230 2024 nihil
1265 1991 1357 2024 tanti
1393 1990 1495 2030 sore,
1519 1983 1615 2022 tin‘de
1639 1989 1732 2033 ipsa,-

293 2037 339 2070 de
366 2039 546 2071 sententia
573 2037 787 2078 deturbata,
815 2038 906 2070 male
931 2038 976 2070 de
1002 2047 1045 2069 eo
1073 2038 1308 2072 existimaret.
1363 2037 1446 2070 Post
1470 2037 1560 2070 haec
1583 2045 1733 2080 magnus

295 2083 512 2118 domesticus
545 2085 783 2129 imperatricis
821 2084 1047 2117 confessione
1084 2083 1170 2117 satis
1207 2084 1489 2117 demonstratum
1523 2082 1729 2122 arbitratus,

294 2130 391 2164 nihil
421 2130 492 2163 sibi
525 2140 602 2163 esse
636 2130 851 2171 obstaculo,
885 2130 915 2163 si
953 2130 1114 2174 improbe
1140 2130 1228 2163 velit
1253 2141 1377 2174 agere,
1405 2135 1442 2162 et
1465 2139 1571 2173 posse
1602 2131 1733 2173 sponte'

295 2187 360 2210 sua
393 2177 486 2210 bene
520 2177 687 2221 iusteque
719 2177 860 2209 facere:
886 2175 1018 2210 deinde
1044 2177 1089 2210 ob
1116 2176 1360 2221 integritatem
1386 2181 1422 2209 et
1445 2187 1601 2209 amorem
1626 2177 1665 2208 in
1693 2177 1734 2208 se'

296 2222 519 2256 declaratum
551 2223 674 2267 gratiis
706 2223 816 2263 actis,
850 2222 968 2256 denuo
1009 2224 1059 2256 sic
1095 2223 1155 2255 ait.
1213 2223 1288 2256 Nec
1322 2223 1460 2267 ipsam,
1489 2232 1556 2255 nec
1581 2221 1733 2266 patriar-

297 2268 399 2303 cham
436 2268 546 2302 verba
583 2280 647 2302 sua
683 2274 849 2314 suspecta
883 2268 1018 2303 habere
1051 2275 1243 2313 oportere,
1277 2269 1382 2314 quasi
1412 2269 1463 2314 ita
1502 2268 1732 2301 securitatem

299 2315 371 2348 sibi
398 2320 651 2360 praeparet,ut
672 2326 792 2361 neque
817 2316 847 2347 si
873 2316 952 2361 quis
979 2321 1020 2349 ut
1045 2317 1247 2360 improbum
1272 2326 1355 2348 cum
1379 2325 1544 2349 accusare
1558 2319 1669 2360 queat
1696 2318 1734 2347 et

298 2361 417 2394 dicam
449 2363 668 2407 impingere,
701 2362 897 2406 recipiatur
935 2363 1012 2395 eius
1045 2363 1181 2395 oratio:
1214 2373 1288 2395 non
1313 2363 1409 2395 enim
1434 2361 1504 2395 sibi
1529 2361 1598 2394 hoc
1622 2360 1735 2393 vellez'

297 2407 359 2441 sed
398 2408 428 2440 si
464 2408 612 2453 quidam
644 2408 841 2455 aliquando
878 2408 924 2442 de
962 2408 1098 2442 talibus
1136 2420 1216 2442 eum
1251 2413 1477 2449 accusarent,
1502 2417 1597 2452 quae
1621 2413 1736 2439 meras

299 2464 376 2487 esse
413 2454 609 2487 calumnias
651 2461 688 2489 et
728 2455 982 2500 sycophantias
1021 2456 1092 2501 ipsi
1131 2466 1152 2488 a
1189 2455 1390 2499 semetipsis
1426 2455 1734 2492 convincerentur,

296 2499 426 2534 horum
449 2501 587 2534 nullam
612 2501 696 2535 duci
719 2503 897 2536 rationem
921 2501 1074 2535 debere:
1099 2501 1162 2534 sed
1198 2512 1278 2535 cum
1315 2502 1492 2546 figmentis
1525 2501 1599 2535 suis
1631 2506 1734 2532 aver-

300 2547 443 2581 sandos.
500 2546 564 2580 Sin
600 2548 652 2581 ita
683 2548 886 2592 probabilia
920 2548 1058 2587 forent,
1082 2553 1124 2581 ut
1159 2547 1407 2588 dubitaretur,
1439 2545 1663 2581 credendane
1687 2550 1736 2579 au*

300 2604 447 2638 prorsus
483 2593 707 2636 repudianda
754 2601 894 2635 essent,
927 2605 1002 2628 non
1034 2595 1155 2628 statim
1191 2594 1326 2628 indicta
1359 2604 1466 2627 causa
1492 2599 1530 2627 et
1549 2591 1737 2625 absentem

304 2638 632 2681 condemnandum,
656 2640 720 2673 sed
751 2642 790 2674 in
822 2641 999 2674 iudicium
1033 2641 1250 2684 vocandum;
1286 2641 1340 2674 ibi
1365 2642 1508 2675 sceleris
1532 2641 1738 2674 convictum·

305 2697 383 2720 sese
410 2696 547 2730 poenas
571 2697 644 2719 non
670 2687 785 2721 invite
824 2692 1084 2732 suscepturum.
1148 2681 1239 2720 C-um
1271 2688 1480 2731 imperatrix
1514 2687 1738 2720 mentionem

302 2743 443 2778 poenae
467 2743 542 2765 non
571 2732 681 2766 ferret
712 2733 994 2779 affirmaretque,
1032 2734 1213 2779 quidquid
1244 2733 1390 2767 tandem
1427 2733 1606 2773 eveniret,
1642 2741 1737 2765 nun-‘

305 2789 412 2826 quam
447 2779 499 2814 ita
532 2778 578 2813 de
608 2780 687 2824 ipso
713 2780 966 2826 cogitaturam,
991 2785 1032 2814 ut
1061 2780 1198 2815 iudicio
1229 2781 1332 2814 illum
1357 2785 1569 2821 arcesseret,
1591 2777 1674 2813 Non
1699 2780 1741 2812 ιε’
