1812 3132
514 244 517 246 q
560 178 938 221 HISTORIARUM
977 181 1048 220 111.
1085 181 1149 225 17.
1450 175 1553 232 107

119 301 188 328 σοι
215 283 294 340 τὴν
318 278 485 326 εὔνοιαν
513 280 588 322 καί
611 279 689 334 τὴν
717 281 862 336 φιλίαν
890 274 1040 323 ἄδολον
1067 283 1139 323 καί
1157 277 1350 335 καθαρὰν
1381 275 1650 334 ὄφείλω,Δ.(1.
1667 281 1750 329 1341

119 347 213 392 οὗτε
230 350 389 392 δίκαιον
410 344 566 405 ᾠήθην,
594 340 829 394 οὔτ’ἅλλως
855 347 951 398 ὲμοί
975 348 1203 399 λυσιτελὲς,
1234 343 1453 386 δεινότατα
1480 355 1595 389 nis-C

119 416 313 473 πυσμένῳ
341 414 439 468 περὶ
462 414 540 455 σοῦ
567 409 870 466 συγκρύπτειν,
904 407 1042 467 ὥσπερ
1073 406 1125 453 ἄν
1145 428 1209 460 τις
1236 406 1383 462 ἄλλος,
1413 403 1448 466 ᾦ
1464 410 1563 462 βέλ-

117 476 259 535 τιονῆ
293 484 435 534 χεῖρον
476 474 596 532 ὀλίγα
633 474 659 532 ἢ
687 478 809 519 ου’δὲν
850 475 1025 532 μελήσει
1054 476 1301 519 διακεῖσθαι’
1322 477 1409 517 σε.”
1465 477 1559 531 ἐρα-

92 547 244 601 5μένου
272 547 319 587 δὲ
345 546 424 587 τοῦ
460 542 746 598 πατριάρχου,
785 539 860 594 &a
891 539 944 583 ἂν
972 541 1145 584 πύθοιτο
1173 543 1271 597 περί
1298 543 1455 595 αὔτοῦ,
1490 539 1562 584 τὸν

116 613 247 665 μέγαν
290 608 448 665 ἔφασκε
477 610 720 661 δομέστικον
762 607 837 648 οὐκ
882 607 1128 663 ἀκηκοέναι,
1176 606 1283 648 ἄλλα
1316 609 1561 663 σαφέστατα

116 679 304 729 εἰδέναι,
345 672 412 717 ὅτι
446 675 640 729 βούλοιτο
684 670 761 715 οὔκ
801 674 860 723 εἰς
904 672 1070 730 μακρὰν
1113 674 1161 716 σὲ
1201 671 1446 727 καταγαγών
1482 672 1561 714 τοῦ

116 739 296 799 θρόνου,
340 742 558 793 Παλαμᾶν
600 738 916 794 ἐγκαθιδρύειν,
962 740 1085 795 φίλον
1135 732 1235 780 ὄντα
1275 739 1356 780 τῶν
1382 739 1562 793 γνησίων

116 807 190 849 καί
211 807 393 860 μάλιστα
423 805 783 862 περισπούδαστον
811 802 938 862 αύτῷ.
993 800 1122 853 αὖθις
1165 806 1210 845 δὲ
1238 806 1317 846 τοῦ
1354 801 1563 859 πατριάρ<

65 888 192 928 ιοχου
224 874 531 929 ἐπανερομένου
546 905 559 924 ,
589 867 689 913 ὅθεν
709 867 761 912 ἂν
781 873 904 925 σχοιή
922 869 997 925 την
1016 873 1092 911 τοῦ
1113 868 1360 926 πράγματος
1378 903 1391 922 ,
1420 865 1560 924 ὥσπερ

115 939 399 994 ἰσχυρίζεται,
430 935 666 992 κατάληψιν
697 937 853 992 ἀκριβῆ
861 970 873 988 ,
917 934 992 985 τὰς
1029 939 1110 988 μὲν
1154 935 1291 984 αἰτίας
1332 933 1430 978 ὅθεν
1478 936 1566 984 ἔξε-

113 1007 253 1059 γένετο
278 1007 461 1057 μαθεῖν,
491 1005 622 1044 ἐδεῖτο
648 1001 708 1058 μη
739 1006 1116 1056 πολυπραγμονεῖν.
1173 997 1224 1042 οὗ
1253 999 1330 1056 γὰρ
1375 999 1608 1056 ἆποῤῥή-ῑ)
1646 1011 1649 1013 ’

113 1087 195 1112 των
233 1069 443 1112 δύνασθαι
484 1071 760 1125 κατατολμᾷν.
818 1070 862 1108 ’ὲν
901 1069 946 1108 δὲ
981 1070 1103 1109 τοῦτο
1132 1069 1376 1123 σαφέστατα
1418 1070 1563 1107 πεπεῖ-

112 1139 244 1188 σθαι,
292 1133 349 1183 ὥς
377 1137 417 1177 εἰ
441 1133 501 1190 μὴ
531 1134 639 1176 πάνυ
668 1132 746 1189 την
783 1131 932 1188 ’ψυχήν
968 1128 1107 1188 ἤλγει,
1154 1136 1237 1174 τῶν
1276 1134 1364 1173 κατ’
1398 1131 1560 1172 ἐκείνου

64 1204 407 1255 ῐ5μελετωμένων
437 1201 592 1255 α’κριβῆ
617 1197 691 1254 την
716 1202 868 1253 γνῶσιν
895 1197 1118 1253 ἐσχηκώς,
1146 1195 1220 1239 οὖκ
1240 1192 1291 1238 ἂν
1310 1193 1564 1250 ἀπήγγελλεν

111 1266 260 1312 ἐλθών.
316 1265 378 1308 ἔτι
408 1268 454 1308 δὲ
480 1267 557 1307 τοῦ
585 1264 849 1321 πατριάρχου
882 1266 1158 1313 α’πιστοῦντος
1187 1262 1260 1305 καί
1289 1260 1367 1317 τὴν
1396 1259 1705 1317 ἄθρόανὙ-326

110 1336 186 1376 τοῦ
226 1332 409 1387 μεγάλου
449 1333 692 1386 δομεστίκου
720 1329 958 1385 μεταβολὴν
985 1329 1043 1385 μη
1077 1330 1457 1385 παραδεχομένου,
1489 1324 1564 1384 ὅρ-

111 1415 199 1447 κοις
215 1400 364 1448 ἐκεῖνος
385 1400 698 1452 διεβεβαιοῦτο,
726 1398 860 1451 μηδὲν
889 1393 996 1438 εἶναι
1023 1398 1181 1449 ψευδὲς
1207 1398 1290 1436 τῶν
1318 1394 1563 1449 εἰρημένων,

114 1461 220 1507 ἀλλὰ
248 1462 380 1506 πάντα
408 1461 563 1520 ἀληθῆῆ
613 1460 789 1520 παρῄνει
837 1478 879 1503 τε
921 1461 980 1517 μη
1010 1464 1201 1515 μέλλειν,
1247 1457 1353 1501 α’λλοὶ
1387 1457 1566 1512 τάχιστα

59 1530 485 1586 αοβουλεύεσθαικέξ
512 1525 571 1572 ὦν
593 1528 665 1572 τὸν
697 1531 886 1570 κίνδυνον
913 1530 1076 1579 ἐξέσται
1099 1529 1336 1583 διαφυγεῖν.
1367 1525 1466 1567 οὐδὲ
1482 1523 1562 1579 γὰρ

113 1599 293 1649 ἐκεῖνος,
331 1596 388 1644 ὥς
425 1598 500 1638 καί
533 1593 585 1637 σύ
626 1597 787 1649 βέλτιον
827 1590 880 1636 ἂν
909 1595 1080 1649 εἰδείης,
1111 1590 1279 1641 εὔκολος
1307 1589 1565 1644 μεταβάλλε-

113 1665 216 1704 σθαι
245 1659 349 1716 πρὸς
375 1660 426 1702 τὰ
457 1661 799 1715 βεβουλευμένα.”
877 1660 949 1701 ἐπὶ
983 1658 1148 1706 τούτοις
1176 1659 1222 1699 δὲ
1251 1655 1273 1697 ὅ
1301 1654 1566 1711 πατριάρχης

112 1726 282 1783 σφόδρα
309 1726 566 1782 θορυβηθείς
619 1727 692 1768 καί
725 1723 909 1779 μα’λιστα
946 1722 1028 1765 ὖπὸ
1060 1726 1144 1765 τῶν
1172 1720 1307 1778 ὅρκων
1334 1722 1557 1775 πεπεισμέ-
1570 1727 1688 1772 Ρ.403

112 1809 206 1847 νος,
245 1793 301 1842 ὥς
343 1793 466 1835 ου’δὲν
505 1790 557 1834 ἂν
594 1794 659 1848 εἴη
688 1790 860 1845 πλάσμα
900 1792 982 1832 τῶν
1011 1792 1269 1846 εἰρημένων,
1298 1788 1430 1830 ἐδεῖτο
1458 1789 1566 1841 βου-

113 1956 238 1998 beam,
275 1967 342 1990 nec
366 1957 520 1996 iustum,
561 1966 629 1989 nec
651 1955 792 2001 alioqui
817 1954 1046 1988 commodum
1072 1952 1162 1988 mihi
1187 1950 1303 1991 duxi,
1338 1960 1432 1995 quae
1457 1949 1503 1985 de
1527 1955 1566 1984 te

112 2004 318 2039 tristissima
343 2003 488 2044 audivi,
525 2003 665 2036 occulta
698 2000 854 2036 habere:
890 2001 1042 2047 perinde
1066 2006 1107 2033 ut
1139 1999 1232 2032 alius
1263 1996 1468 2042 quispiam,
1499 1998 1566 2043 qui

115 2052 249 2085 melius
274 2061 320 2084 an
343 2051 449 2096 peius
475 2055 594 2084 tecum
619 2055 804 2095 ageretur,
841 2060 969 2094 parum
993 2052 1056 2081 aut
1085 2046 1180 2080 nihil
1204 2044 1395 2082 laboraret,
1444 2043 1567 2078 Inter·
1606 2050 1609 2053 ’

115 2105 260 2143 rogante
286 2097 512 2141 patriarcha,
547 2096 638 2142 quid
664 2101 778 2130 esset:
813 2107 858 2129 ex
891 2105 1019 2140 magno
1051 2093 1251 2128 domestico
1287 2090 1437 2136 quidem
1467 2090 1567 2124 nihil

115 2156 154 2178 se
180 2143 360 2178 audivisse
385 2145 457 2185 ait,
490 2145 690 2178 certissimo
712 2148 832 2176 tamen
866 2142 983 2183 scire,
1014 2141 1119 2175 illum
1152 2139 1246 2173 velle
1281 2137 1384 2171 brevi
1423 2135 1568 2171 deiecto

114 2190 341 2238 patriarcha,
371 2191 551 2224 Palamam
577 2191 733 2223 amicum
760 2200 865 2223 suum
889 2189 1197 2232 germanissimum
1229 2190 1339 2230 atque
1378 2185 1568 2230 optatissi-

115 2249 215 2272 mum
241 2238 279 2270 in
303 2238 381 2271 eius
407 2237 538 2271 throno
566 2237 754 2270 collocare.
802 2236 954 2270 Rursum
981 2235 1186 2268 sciscitante
1210 2231 1427 2278 patriarcha,
1450 2231 1567 2266 unde-

115 2297 199 2319 nam
225 2297 299 2318 rem
327 2290 400 2318 tam
427 2290 574 2325 exacte,
600 2289 641 2317 ut
665 2281 889 2324 affirmabat,
925 2282 1135 2321 didicisset,
1161 2280 1332 2324 rogabat,
1366 2289 1412 2312 ne
1436 2277 1477 2312 id
1500 2289 1566 2311 cu-

117 2333 250 2365 riosius
277 2333 503 2377 exquireret:
539 2341 614 2364 non
650 2331 746 2363 enim
771 2336 844 2363 tam
874 2329 1048 2363 audacem
1086 2338 1183 2368 esse,
1216 2332 1258 2359 ut
1282 2335 1411 2358 arcana
1437 2329 1475 2359 et
1505 2329 1567 2358 ta-

117 2379 233 2412 cenda
259 2378 439 2423 vulgaret3
466 2389 576 2410 unum
602 2377 809 2411 indubitato
839 2376 1027 2416 crederet,
1052 2376 1144 2415 nisi,
1181 2374 1366 2419 explorate
1402 2383 1566 2417 comper-

117 2426 187 2466 tis,
213 2435 307 2470 quae
334 2430 458 2459 contra
482 2424 586 2456 illum
613 2429 876 2470 coquerentur,
909 2424 1130 2466 singularem
1154 2420 1267 2454 animi
1295 2419 1456 2453 dolorem
1481 2429 1568 2453 sen-

117 2473 228 2512 tin-et,
268 2483 342 2505 non
375 2471 410 2505 ei
443 2472 552 2504 talem
588 2472 758 2504 nuntium
796 2470 908 2504 fuisse
941 2471 1146 2502 allaturum.
1209 2466 1338 2500 Adhuc
1374 2465 1566 2500 incredulo

115 2518 344 2564 patriarcha,
371 2528 611 2563 magnumque
638 2518 876 2550 domesticum
904 2522 1047 2550 tantum
1070 2519 1250 2548 mutatum
1276 2512 1322 2545 ab
1346 2513 1412 2546 illo
1437 2514 1477 2546 in
1501 2522 1568 2546 au-

118 2576 174 2598 res
204 2564 302 2597 haud
326 2563 561 2604 admittente,
599 2564 835 2608 Apocauchus
862 2565 1000 2597 iuratus
1034 2564 1194 2602 instare,
1229 2559 1325 2592 nihil
1349 2570 1387 2593 se
1411 2558 1567 2600 falsum,

118 2613 242 2646 omnia
266 2621 351 2645 vera
374 2610 552 2656 proloqui.
602 2610 783 2656 Quocirca
808 2622 883 2644 non
905 2609 1161 2648 cunctandum,
1186 2606 1250 2641 sed
1274 2607 1393 2651 primo
1420 2616 1567 2651 quoque

120 2663 287 2703 tempore
313 2658 467 2703 periculi
498 2656 709 2691 declinandi
745 2656 961 2702 capiendum
992 2655 1193 2689 consilium.
1241 2653 1335 2690 Nam
1368 2653 1399 2685 is
1435 2652 1568 2693 homo,

121 2704 221 2752 quod
245 2710 285 2738 tu
310 2705 439 2738 melius
461 2705 622 2745 noveris,
648 2705 792 2750 inquit,
831 2714 924 2750 quae
950 2703 1061 2736 semel
1083 2702 1232 2741 statuit,
1269 2710 1344 2734 non
1369 2699 1476 2732 facile
1510 2709 1571 2732 re·-

121 2757 262 2785 tractat„
323 2751 505 2785 Turbatus
539 2751 710 2785 maiorem
752 2753 791 2784 in
825 2750 972 2785 modum
1006 2750 1075 2782 ista
1106 2748 1313 2782 narratione
1343 2744 1568 2791 patriarcha,

125 2803 164 2832 et
185 2798 311 2834 abesse
335 2799 521 2834 fictionem
535 2823 546 2842 ‚
567 2799 771 2835 iuramento
797 2798 953 2834 maxime
980 2806 1190 2842 persuasus,
1215 2793 1307 2840 quid
1329 2795 1441 2828 tantis
1465 2791 1570 2826 malis
