1800 3138
291 170 309 207 1
327 170 395 226 70
716 232 720 235 ι
819 170 1187 215 CANTACUZENI

86 273 352 318 A.C.134¹rog
390 271 623 321 βασιλέως,
669 269 800 312 αὐτοῦ
844 274 883 312 δ’
921 270 982 313 ἔτι
1007 271 1080 326 τὴν
1109 271 1276 312 ἰδιώτου
1312 272 1548 325 στέργοντος
1575 270 1717 326 τύχην,

281 334 448 386 ὁμιλίαν
479 334 572 375 τινα
604 337 680 375 τοῦ
708 335 937 391 ἀρχιερέως
964 337 1111 378 τούτου
1138 337 1390 387 ποιουμένου
1428 335 1531 390 πρὸς
1571 334 1718 386 αὐτὸν,

278 397 348 442 τὸν
371 398 627 441 Ἀπόκαυκον
651 398 807 456 φάναι,
836 398 947 443 οὕτω
974 404 1044 456 τῆς
1072 403 1190 451 (ἰξίας
1215 400 1346 455 χωρὶς
1366 401 1721 456 προσαγορεύσαν-

279 482 346 517 τα,
374 462 431 519 μη
459 465 570 506 πάνυ
600 469 812 507 ποιεῖσθαι
840 468 939 521 περί
964 466 1174 518 πλείστου,
1203 464 1308 507 ἀλλὰ
1337 465 1628 521 φυλάττεσθαι
1649 463 1722 506 τὸν

283 525 431 584 ἄνδρα,
461 528 516 578 ὥς
540 528 721 585 μεγάλης
752 532 950 587 ἐπηρείας
978 529 1111 572 αἴτιον
1139 529 1349 583 ἐσόμενον.
1403 533 1478 572 τοῦ
1510 531 1552 571 δ’
1578 532 1623 572 ἐν
1649 532 1748 572 ευ’·5

249 596 514 647 (Ζτραπελίας
551 593 679 645 εἴδει,
720 597 792 636 καί
830 599 954 638 ποίαν
993 597 1098 653 λίθῳ
1137 595 1334 650 ἐπήρειαν
1359 593 1644 651 προξενήσειεν
1672 591 1724 637 ἂν

281 656 390 711 ὦὸν,
421 657 629 715 εἰπόντος,
663 660 720 709 ὦς
746 664 867 715 μέγα,
899 662 1032 717 φάναι
1060 659 1132 702 τὸν
1161 660 1374 716 ἀρχιερέα,
1402 660 1477 716 τὴν
1505 660 1723 716 ὑπερηφα-

280 727 373 766 νιάν
415 721 521 766 εἶναι
563 723 713 778 κακὸν,
753 723 939 778 μάλιστα
968 726 1050 767 τῶν
1088 741 1133 765 τε
1174 728 1339 767 τελείων
1365 725 1441 780 τὴν
1471 724 1626 781 ἀρετὴν
1653 723 1724 766 καί

283 791 367 830 τῶν
395 791 454 839 εἰς
489 788 533 831 τὸ
563 791 792 846 α’κρότατον
820 791 890 845 τῆς
918 792 1115 846 κοσμικῆς
1143 788 1403 845 ἓληλακότων
1428 790 1652 845 εὐημερίας
1678 790 1720 830 ἑ-

289 856 564 909 φαπτομένην.
629 857 705 896 τοῦ
733 857 802 907 δὲ,
832 853 889 909 μή
921 856 979 903 εἰς
1007 857 1182 896 τοιαῦτα
1212 853 1471 909 προάγεσθαι
1500 856 1542 905 ἐξ
1570 852 1776 909 ὗπερη-ῐο

286 920 451 975 φανίας,
478 918 705 973 εἰρηκότος,
737 920 828 961 ἀλλ’
860 921 905 960 ἐκ
932 922 1006 960 τοῦ
1033 919 1216 972 μάλιστα
1245 921 1479 961 συνειδέναι
1497 917 1633 976 ἑαυτῷ
1644 919 1724 972 μὲν

285 983 464 1036 δύναμιν
491 979 664 1039 πολλὴν,
706 985 845 1041 ἐκείνῳ
875 986 926 1025 δὲ,
949 985 1213 1037 ἀδυναμίαν·
1268 982 1375 1038 πλὴν
1399 986 1439 1027 εἰ
1462 981 1522 1039 μή
1551 985 1622 1026 καί
1650 983 1723 1025 λύ-

285 1065 353 1090 κον
380 1047 639 1103 θρασύτητος
666 1050 836 1106 αἰτιῷτό
868 1065 932 1098 τις
960 1050 1168 1104 προβάτου
1188 1051 1461 1105 ἰσχυρότερον
1480 1050 1723 1101 νομίζεσθαι

287 1115 477 1164 ἀξιοῦντα
516 1113 589 1155 καί
615 1113 688 1156 τὸν
719 1116 866 1156 λέοντα
907 1114 1064 1170 ἐλάφου
1094 1113 1169 1169 τὴν
1200 1112 1344 1170 ῥώμην
1371 1119 1559 1157 πλεῖστον
1587 1112 1723 1166 οἰόμε-

285 1195 353 1220 νον
385 1181 617 1234 διαφέρειν.
670 1177 732 1220 ἔτι
760 1181 799 1220 δ’
826 1180 1051 1231 οἴξιοῦντος,
1081 1177 1156 1236 την
1186 1175 1334 1234 ὅρασιν
1355 1180 1481 1234 δήλην
1503 1181 1775 1236 affugium-15

245 1249 373 1297 Βεῖν,
412 1243 468 1293 ὥς
497 1244 546 1299 δὴ
576 1246 825 1297 πειθομένου
860 1242 921 1293 οἷς
959 1243 1135 1299 εἰρήκει,
1179 1243 1320 1300 ἐπειδή
1361 1243 1411 1287 τὰ
1449 1247 1525 1298 μὲν
1564 1241 1721 1301 φυσικοὶ

285 1306 553 1363 ἅμετάβλητα
594 1310 944 1365 δεδημιούργηται
981 1309 1096 1364 παρὰ
1133 1312 1263 1362 θεοῦ,
1304 1308 1354 1352 τὰ
1395 1308 1641 1365 ἀνθρώπινα
1669 1311 1718 1351 δὲ

286 1372 512 1428 πράγματα
545 1368 644 1415 ἄλλο
685 1389 728 1415 τε
772 1369 905 1423 ἄλλως
945 1378 1115 1430 φέρεται
1144 1373 1218 1416 καί
1242 1373 1398 1429 πολλὴν
1422 1374 1620 1428 ὑπομένει
1644 1373 1720 1429 τὴν

283 1437 535 1493 μεταβολήν,
580 1437 653 1480 καί
686 1438 819 1481 πολλοὶ
861 1441 1076 1494 δεηθέντος
1115 1437 1224 1482 αῗστε
1264 1446 1405 1482 πεῖσαι
1438 1439 1721 1493 διηγήσασθαι

280 1502 334 1545 τὰ
364 1502 597 1558 ὁραθέντα·
636 1501 891 1557 ,,ευ’χόμενός
922 1507 1044 1545 now'5
1070 1502 1159 1546 εἷπε
1187 1506 1289 1556 „nai
1319 1506 1488 1561 ἐμαυτῷ
1514 1504 1624 1561 μόνῳ
1651 1505 1777 1546 amizo

282 1569 369 1624 ,θεῷ
397 1569 759 1622 προσαδολεσχῶν,
791 1569 965 1610 ἐδόκουν
995 1584 1041 1610 σε
1070 1568 1173 1627 ὂρᾷν
1201 1566 1363 1611 ἑστῶτα
1383 1568 1462 1625 πρὸ
1483 1571 1600 1622 ἐμοῦ.
1656 1567 1724 1612 αἴ-

282 1648 391 1687 φνης
433 1633 479 1673 δὲ
521 1631 774 1675 Ἀπόκαυκον
815 1630 923 1675 οὕτω
962 1634 1176 1690 ῥαγδαίως
1212 1635 1400 1676 ἐπελθεῖν
1441 1636 1514 1676 καί
1548 1634 1724 1691 αἷθισμῷ

286 1695 469 1754 τοσούτῳ
506 1697 754 1753 χρήσασθαι
783 1701 855 1740 καί
880 1701 975 1758 βιᾲ,
1017 1697 1124 1743 ὥστε
1157 1701 1314 1755 μικροῦ
1340 1700 1417 1753 μὲν
1444 1702 1591 1754 δεῆσαι
1620 1699 1723 1741 οἴνα-

285 1867 429 1902 modum
465 1871 578 1902 novus
611 1872 805 1915 imperator
839 1871 1016 1905 narrabat.
1064 1871 1154 1905 Vivo
1190 1872 1307 1906 adhuc
1332 1874 1544 1917 imperatore
1581 1872 1721 1906 Andro-

284 1916 366 1948 nico
382 1940 392 1955 ,
417 1926 499 1948 cum
525 1917 602 1960 ipse
628 1917 760 1960 privati
786 1922 917 1950 sortem
940 1918 1132 1962 locumque
1160 1923 1300 1952 teneret
1325 1923 1361 1952 et
1388 1918 1426 1951 in
1451 1929 1494 1952 eo
1521 1920 1628 1962 plane
1657 1931 1720 1952 ac-

284 1962 509 2006 quiesceret,
538 1973 658 1995 secum
682 1962 778 1995 hunc
800 1964 1006 2008 episcopum
1030 1964 1228 2009 aliquando
1249 1975 1496 2008 congressum,
1522 1965 1720 2006 monuisse,

284 2018 330 2040 ne
357 2007 609 2051 Apoeauchum
632 2009 757 2054 (quem
786 2009 872 2042 citra
895 2009 1042 2043 honoris
1067 2010 1275 2044 adiunctum
1298 2012 1348 2044 sic
1367 2011 1463 2044 nude
1487 2011 1722 2056 appellasset)

284 2053 477 2087 admodum
502 2055 622 2098 magni
645 2055 790 2088 faceret:
818 2054 880 2088 sed
909 2055 952 2087 ab
978 2056 1149 2096 homine,
1191 2062 1232 2089 ut
1267 2057 1391 2101 ingens
1423 2057 1619 2102 aliquando
1656 2056 1719 2090 da·-

284 2110 407 2132 mnum
431 2100 641 2140 invecturo,
681 2105 831 2134 caveret.
880 2101 969 2134 Cum
997 2103 1076 2146 ipse
1100 2101 1323 2136 iocabundus
1349 2102 1578 2143 subiecisset,
1610 2102 1718 2147 quale

284 2144 428 2178 tandem
453 2145 621 2178 damnum
650 2145 764 2190 lapidi
798 2158 906 2182 ovum
937 2148 1132 2193 importare
1165 2149 1293 2192 possit:
1331 2149 1434 2181 illum
1471 2149 1717 2193 respondisse,

284 2190 490 2234 superbiam
513 2191 638 2235 ingens
663 2203 740 2226 esse
767 2193 920 2233 malum,
953 2194 1051 2237 quod
1076 2194 1267 2239 praecipue
1301 2195 1399 2228 omni
1431 2197 1564 2228 virtute
1596 2194 1718 2239 perfe-

285 2241 360 2269 ctos
386 2241 422 2269 et
446 2237 492 2270 ad
517 2248 693 2270 summum
729 2238 915 2272 felicitatis
952 2240 1094 2272 culmen
1132 2246 1270 2274 evectos
1303 2243 1504 2279 comitetur,
1553 2241 1647 2274 Tum
1678 2251 1717 2274 se

285 2283 336 2314 ita
361 2284 579 2324 occurrisse,
615 2295 689 2316 non
714 2295 758 2317 ex
781 2285 950 2328 superbia
973 2285 1062 2318 haec
1085 2298 1105 2318 a
1127 2296 1188 2327 se,
1222 2287 1285 2320 sed
1323 2299 1367 2320 ex
1397 2293 1492 2320 certa
1521 2292 1597 2320 tum
1637 2298 1719 2320 sua-

286 2340 365 2361 rum
399 2330 548 2368 virium,
591 2335 667 2362 tum
702 2330 906 2374 Apocauchi
937 2332 1198 2365 imbecillitatis
1230 2334 1449 2367 conscientia
1481 2334 1575 2366 dicta
1613 2342 1714 2366 esse:

285 2375 357 2407 nisi
396 2376 477 2420 quis
511 2376 636 2420 lupum
661 2380 697 2409 et
730 2377 871 2409 leonem
909 2377 1080 2410 audaciae
1115 2384 1282 2419 accuset,
1320 2381 1406 2424 quia
1439 2379 1502 2413 ille
1539 2389 1626 2419 ove,
1654 2377 1716 2411 hic

286 2430 390 2455 cervo
421 2422 535 2454 multo
576 2433 613 2455 se
645 2421 885 2456 robustiorem
918 2422 1064 2456 iudicet.
1113 2425 1299 2458 Praeterea
1338 2436 1481 2466 orasse,
1523 2430 1564 2458 ut
1600 2426 1716 2458 visum

289 2465 360 2498 sibi
396 2467 580 2511 detegeret
615 2468 906 2514 crediturumque
937 2469 1161 2514 promisisse3
1194 2466 1365 2515 quoniam
1389 2473 1569 2505 naturalia
1593 2483 1612 2503 a
1639 2471 1715 2503 Deo

289 2513 531 2546 immutabilia
557 2513 733 2546 fabricata
756 2516 848 2554 sint,
873 2515 1027 2548 humana
1051 2521 1171 2548 autem
1195 2518 1301 2550 aliter
1327 2519 1413 2551 alias
1438 2518 1522 2552 ferri
1545 2517 1716 2561 varieque

290 2560 434 2590 mutari.
483 2559 527 2592 Et
553 2571 631 2592 cum
656 2561 759 2593 enixe
783 2562 917 2594 orando
944 2572 1024 2594 eum
1049 2563 1212 2603 vicisset,
1237 2564 1288 2597 ita
1313 2575 1486 2597 exorsum.
1536 2564 1624 2597 Cum
1659 2571 1716 2593 sa-

289 2613 368 2636 crae
396 2606 595 2647 precationi
619 2618 677 2639 me
713 2606 888 2640 dedissem
925 2608 1078 2652 quodam
1103 2613 1282 2652 tempore,
1318 2622 1528 2655 mecumque
1561 2610 1636 2642 solo
1679 2613 1716 2641 et

291 2659 370 2683 cum
399 2651 473 2682 Deo
498 2652 740 2696 colloquerer,
765 2658 802 2686 te
825 2654 946 2688 videre
971 2665 1084 2687 coram
1109 2665 1165 2686 me
1191 2660 1343 2689 stantem
1368 2656 1538 2695 videbar,
1572 2654 1713 2688 statim-

290 2706 359 2739 que
384 2696 633 2740 Apocauchum
658 2711 736 2731 cum
762 2701 897 2744 impetu
925 2702 1153 2744 supervenire
1189 2707 1224 2734 et
1255 2708 1291 2734 te
1317 2708 1414 2735 tanta
1438 2702 1608 2736 violentia
1643 2700 1715 2731 im-

288 2741 445 2786 pellere,
484 2748 522 2777 ut
550 2745 810 2789 propemodum
837 2745 938 2781 humi
963 2747 1149 2791 affligetct:
1190 2754 1284 2782 certe
1309 2749 1347 2783 in
1372 2750 1523 2784 alterum
1557 2756 1647 2792 genu
1677 2750 1713 2777 te
