1800 3132
521 162 901 206 ms'romARUM
940 152 1015 205 m.
1049 170 1094 209 1,
1475 142 1541 198 13

77 271 170 317 ταῖς
191 262 332 315 οἷκοαῖς
349 298 360 317 ,
391 255 559 307 τοιαῦτα
581 264 653 306 καί
669 268 756 312 τοῖς
775 265 995 316 μετέπειτα
1015 261 1221 314 ἐξέδωκαν
1238 263 1373 318 μηδὲν
1392 259 1618 319 φρονῆΔ-ῧ·
1631 261 1716 307 ¹34¹

78 335 268 383 τίσαντες
290 332 365 386 τῆς
391 331 605 386 α’ληθείας.
667 326 694 384 ἢ
723 330 763 371 εἰ
791 331 865 370 καί
890 327 1257 383 συνεστρατεύοντο
1285 333 1372 377 τοῖς
1397 331 1526 382 βασι-

81 400 222 440 λεῦσιν
256 394 491 451 ἑκατέροις,
538 395 627 438 ἀλλ’
666 392 713 437 οὗ
743 393 877 450 δήπου
906 410 952 448 γε
978 397 1135 448 βουλῆς
1160 400 1383 448 μετεῖχον,
1423 395 1526 436 0663-

79 465 163 506 τῶν
181 462 526 518 οἷπορᾘητοτέρων
555 457 666 517 ἦσαν
684 461 897 510 κοινωνοί,
955 454 1092 510 ἄλλως
1123 475 1166 502 τε
1198 460 1293 502 οὐδ’
1323 461 1393 516 ἐφ’
1412 456 1527 502 ἅπα-

54 530 126 572 5σι
152 527 354 584 παρόντες
381 532 467 576 τοῖς
494 529 809 581 πραττομένοις,
839 526 1041 580 συνεχοῦς
1069 525 1142 567 καί
1158 529 1437 580 πολυχρονίου
1455 541 1527 580 γε-

79 595 303 650 γενημένου
365 595 438 635 τοῦ
473 595 682 646 πολέμου·
758 591 829 634 ἐπὶ
865 593 983 634 πέντε
1022 589 1103 647 γάρ
1143 589 1253 634 ἔτεσι
1285 590 1526 648 διήρκεσεν·

82 659 180 713 ἐμοὶ
206 660 252 701 δὲ
280 654 481 712 οὗδεμιῖκν
507 657 601 701 τινά
632 656 826 713 τοιαύτην
855 656 946 712 ἔχοι
973 673 1036 706 τις
1054 652 1107 699 ἂν
1125 657 1353 713 ἐπενεγκεῖν
1371 660 1527 700 αἰτίαν.
1539 658 1576 696 P.
1600 656 1670 703 349

80 731 169 774 τοῖς
196 723 276 780 γάρ
306 727 391 766 τῶν
423 725 719 781 πραττομένων
747 722 998 779 αὐτουργοῖς
1026 722 1258 778 συμπαρών
1288 723 1439 776 αὕτός,
1469 723 1522 766 τοὶ

82 783 161 845 μὲν
191 787 284 833 οἶδα
311 792 414 846 παρ’
449 791 663 844 ἐμαυτοῦ,
721 792 803 832 τῶν
833 790 879 832 δὲ
906 790 1063 845 ἀκριβῆ
1090 787 1166 844 τήν
1195 791 1348 843 γνῶσιν
1378 787 1529 844 ἔσχον,

32 857 227 898 ῐοαῦτῶν
266 854 602 910 ἀπαγγειλάντων
643 857 727 898 τῶν
765 853 1032 910 πραξάντων,
1074 854 1146 896 διὰ
1186 853 1231 896 τὸ
1278 853 1433 905 πολλάς
1460 856 1535 897 καὶ

83 928 274 977 συνεχεῖς
312 923 381 978 ἐφ’
408 917 574 964 ἅπαντα
611 920 684 963 τὸν
713 924 788 964 τοῦ
813 923 998 975 πολέμου
1023 919 1175 977 χρόνον
1194 920 1269 972 τάς
1294 920 1533 975 μεταβολὰς

84 985 464 1044 ὑπομεμενηκέναι·
531 983 640 1029 ὥστε
669 987 781 1036 εἰκὸς
814 988 875 1043 μὴ
915 989 996 1030 τῶν
1020 988 1332 1042 »πραττομένων
1376 986 1530 1040 μόνον,

85 1052 191 1095 ἀλλά
226 1056 300 1095 καί
324 1054 621 1107 βουλευμάτων
651 1051 902 1110 οἲποῤῥήτων
928 1051 1003 1095 καί
1028 1051 1162 1096 δόλων
1189 1054 1263 1095 καί
1298 1055 1534 1106 ἐπιβουλῶν

85 1122 159 1161 καί
196 1115 303 1169 ὅλως
343 1119 511 1162 πάντων
562 1118 636 1161 καί
672 1122 755 1161 τῶν
803 1122 1101 1176 πραττομένων
1130 1121 1324 1176 φανερῶς
1349 1121 1424 1161 καί
1449 1121 1532 1161 τῶν

34 1187 259 1243 ιόοἷφαναῖς
300 1186 727 1239 κατασκευαζομένων
784 1185 947 1240 α’γνοεῖν
998 1187 1144 1242 μηδέν.
1222 1187 1273 1227 οὕ
1313 1184 1399 1241 μήν
1441 1185 1534 1226 ἀλλ’

85 1248 186 1308 ὅπερ
221 1249 326 1307 ἔφην
354 1253 560 1308 έξαρχῆς,
604 1252 703 1293 οὐδὲ
731 1254 806 1307 τῆς
838 1249 1039 1307 ἀληθείας
1069 1251 1360 1307 προστήσομαι
1388 1251 1532 1294 οῦδὲν·

86 1318 176 1359 ἀλλ’
207 1317 263 1367 ὥς
292 1316 399 1360 αὐτά
432 1316 556 1371 ἔσχον
584 1316 636 1360 τά
665 1317 886 1373 πράγματα
912 1319 1130 1373 α’παγγελῶ
1145 1352 1155 1370 ‚
1194 1317 1302 1373 πλὴν
1329 1318 1370 1361 εἷ
1392 1316 1535 1374 μήπου

84 1399 125 1425 τι
144 1381 383 1438 παρήσομαι
410 1379 516 1426 ἑκών
540 1386 626 1426 τῶν
655 1381 736 1426 ὅσα
767 1387 855 1426 τισί
881 1385 1095 1440 λοιδορίαν
1123 1381 1151 1440 ἢ
1173 1387 1337 1438 μέμψιν
1356 1386 1560 1440 εἴρηκέ-Β

86 1465 138 1491 να
169 1447 400 1505 ἐμποιήσει.
465 1450 516 1491 οὔ
543 1449 624 1507 γὰρ
666 1453 761 1504 ἐμοὶ
794 1454 918 1507 φίλον
945 1449 992 1493 τό
1020 1467 1135 1500 τινας
1163 1457 1429 1506 κακηγορεῖν,
1460 1448 1668 1502 acclivis-284

35 1516 130 1557 2οεἰ
155 1514 300 1564 πάντες
323 1517 469 1558 εἰδεῖεν
502 1510 735 1572 ἅνθρωποι.
797 1513 845 1572 ἢν
874 1518 922 1559 δέ
949 1517 1030 1559 πού
1058 1534 1095 1560 τι
1123 1519 1342 1573 φαίνωμαι
1368 1516 1535 1572 διηγού-

87 1596 211 1634 μενος
232 1579 291 1636 μὴ
331 1581 388 1631 ὥς
416 1581 660 1632 δοξάζουσιν
688 1582 726 1624 οἱ
754 1583 923 1636 πολλοὶ,
969 1585 1023 1625 ου’
1046 1582 1133 1639 χρή
1162 1583 1416 1636 θαυμάζειν.
1483 1583 1534 1625 οὔ

88 1645 168 1702 γάρ
202 1644 248 1688 τὸ
276 1644 336 1701 μή
366 1642 502 1689 ταῦτά
520 1653 605 1696 τοῖς
632 1653 798 1698 πολλοῖς
826 1650 1087 1705 φθέγγεσθαι
1118 1649 1308 1705 φεύγων,
1342 1653 1535 1704 λογοποι-

87 1711 178 1768 ήσω
204 1729 254 1755 τα
278 1711 340 1768 μή
371 1709 493 1767 ὄντα,
553 1714 643 1756 ἀλλ’
672 1714 729 1763 ὥς
756 1713 904 1769 ἔχουσι
928 1714 978 1758 τά
998 1716 1224 1771 πράγματα
1247 1716 1531 1771 ἀπαγγέλλων,

90 1835 171 1869 dam
202 1837 403 1876 iactarunt,
445 1838 627 1882 persecuti
659 1843 762 1871 sunt:
811 1837 981 1884 nihilque
1017 1850 1137 1873 rerum
1169 1843 1348 1885 gestarum
1386 1839 1534 1886 liquido

88 1887 312 1928 compertum
342 1882 543 1924 habentes,
586 1885 709 1930 qualia
743 1885 892 1919 auribus
927 1891 1160 1930 acceperant,
1212 1885 1301 1919 talia
1344 1887 1446 1920 nullo
1485 1886 1534 1921 ad

87 1931 278 1963 veritatem
322 1934 487 1975 respectu
523 1931 676 1975 posteris
708 1930 965 1966 tradiderunt:
1010 1938 1074 1966 aut
1103 1934 1134 1965 si
1169 1932 1279 1966 etiam
1302 1932 1370 1965 sub
1394 1935 1532 1968 utrovis

88 1976 351 2022 Imperatorum
382 1977 603 2019 militarant,
638 1989 712 2012 non
748 1981 876 2023 ntique
913 1979 1150 2013 consiliorum
1179 1979 1376 2025 participes
1411 1978 1532 2025 neque

88 2034 299 2057 arcanorum
325 2024 459 2056 conscii
487 2024 646 2058 fuerunt.
707 2024 850 2059 Deinde
883 2036 951 2059 nec
984 2026 1152 2059 omnibus
1189 2037 1308 2059 coram
1338 2026 1533 2067 affuerunt,

90 2081 170 2102 cum
196 2071 428 2104 continenter
449 2076 486 2104 et
511 2070 596 2112 diu,
642 2082 774 2117 nempe
800 2078 917 2106 lotum
943 2072 1252 2119 quinquennium,
1291 2083 1388 2106 arma
1425 2073 1534 2107 dura·

89 2117 218 2151 verint.
266 2116 357 2150 Mihi
382 2128 466 2151 vero
491 2117 702 2152 huiusmodi
736 2120 878 2163 culpam
904 2120 1062 2165 aliquam
1091 2130 1198 2152 nemo
1224 2119 1411 2154 obiecerit.
1440 2119 1534 2154 Nam

91 2165 163 2204 iis,
197 2163 260 2210 qui
286 2175 328 2196 ea
352 2163 539 2204 fecerunt,
574 2176 641 2210 ego
663 2176 852 2210 praesens,
889 2167 962 2200 alia
985 2176 1052 2211 per
1076 2178 1135 2200 me
1161 2168 1278 2211 ipsum
1311 2167 1417 2207 novi,
1448 2168 1533 2200 alia

35 2246 45 2256 ι
93 2221 138 2243 ex
163 2220 223 2243 ore
258 2211 438 2254 ipsorum,
474 2221 494 2242 a
520 2211 655 2256 quibus
688 2217 765 2244 acta
793 2218 895 2254 sunt,
929 2212 978 2246 ad
1014 2224 1169 2258 unguem
1199 2213 1321 2247 didici.
1368 2213 1415 2246 Et
1449 2225 1532 2247 cum

90 2256 298 2302 frequentes
323 2257 623 2304 continentesque
649 2264 727 2292 toto
750 2270 795 2293 eo
820 2265 983 2306 tempore
1009 2260 1410 2302 mutationes-fuerint,
1432 2261 1533 2294 veri-

91 2303 211 2337 simile
238 2308 311 2343 est,
350 2315 422 2338 non
448 2309 625 2349 gestorum
652 2305 780 2346 modo,
819 2307 883 2340 scd
911 2312 948 2340 et
972 2307 1219 2340 consultorum
1255 2317 1463 2341 arcanorum
1492 2313 1530 2342 et

89 2349 259 2384 fraudum
289 2349 577 2397 insidiarumque
609 2357 646 2386 et
678 2363 821 2396 prorsus
857 2354 1038 2394 omnium,
1084 2364 1250 2399 quaeque
1285 2354 1405 2398 palam
1445 2359 1530 2388 acta

91 2407 259 2443 quaeque
293 2398 432 2431 occulte
467 2404 671 2443 comparata
709 2405 816 2442 sunt,
865 2399 962 2433 nihil
994 2410 1051 2433 me
1091 2399 1224 2444 fugere.
1269 2400 1528 2436 Verumtamen

91 2442 191 2490 quod
219 2444 257 2475 in
279 2443 460 2478 vestibulo
476 2447 596 2489 operis
621 2445 693 2479 mei
719 2457 796 2478 sum
818 2447 1018 2491 pollicitus,
1037 2447 1180 2480 veritati
1197 2446 1292 2480 nihil
1313 2449 1529 2481 anteferam:

92 2490 156 2523 sed
182 2494 222 2523 ut
243 2501 296 2522 res
322 2497 541 2532 evenerunt,
566 2493 617 2525 ita
643 2503 702 2525 eas
727 2492 944 2539 explanabo,
975 2499 1125 2538 excepto
1159 2493 1256 2539 quod
1279 2494 1414 2528 alicubi
1439 2506 1528 2540 pru-

92 2536 181 2570 dens
205 2536 410 2581 praeteribo
427 2563 436 2578 ‚
461 2549 555 2584 quae
577 2538 764 2573 nonnullis
787 2540 950 2574 convicio
975 2546 1040 2574 aut
1061 2540 1318 2584 vituperationi
1344 2553 1421 2575 esse
1447 2553 1530 2586 pos-

93 2584 183 2616 sint:
221 2594 293 2616 non
319 2584 415 2616 enim
439 2585 530 2618 mihi
555 2586 707 2620 amicum
732 2591 788 2620 est
813 2588 981 2633 cuiquam
1007 2587 1221 2628 conviciari,
1255 2587 1396 2621 etiamsi
1428 2599 1532 2621 mor-

93 2630 221 2662 talium
246 2641 352 2662 nemo
388 2641 462 2663 rem
497 2633 646 2675 ignoret.
696 2631 836 2676 Quodsi
871 2633 1052 2667 interdum
1085 2634 1259 2678 quaedam
1296 2645 1398 2668 secus
1422 2647 1529 2681 quam

94 2677 199 2709 multi
218 2678 413 2722 opinantur
425 2677 577 2712 videbor
601 2689 795 2724 exponere,
819 2691 866 2714 ne
886 2682 934 2714 sit
957 2681 1098 2713 mirum.
1123 2680 1205 2715 Non
1229 2682 1325 2714 enim
1350 2681 1433 2715 dum
1453 2683 1529 2715 vito

94 2723 220 2755 eadem
245 2735 325 2756 cum
351 2723 474 2757 multis
498 2724 641 2766 dicere,
667 2738 758 2761 nova
782 2727 1051 2760 comminiscar:
1083 2726 1147 2760 scd
1174 2739 1228 2776 res
1255 2732 1296 2760 ut
1323 2740 1360 2762 se
1392 2728 1530 2762 habent

93 2781 397 2813 commemorans,
439 2771 536 2817 vulgi
571 2773 762 2818 opiniones
794 2780 837 2808 ut
876 2774 984 2808 falsas
1022 2773 1141 2809 valere
1178 2774 1328 2810 iubebo.
1382 2776 1528 2810 Mortuo
