1820 3152
320 160 431 216 558
850 176 1223 219 CANTACUZENJ

120 287 201 325 ΑΒ.
218 287 303 333 ι346
316 284 390 339 τίῳ
409 283 572 336 φίλοις,
605 278 646 320 εἶ
670 277 864 320 δύναιντο
884 277 959 334 τήν
987 276 1109 322 πόλιν
1139 278 1256 336 αὐτῷ
1277 276 1598 334 παραδιδόναι,
1626 279 1754 335 ἐπηγ-

310 344 507 402 γέλλοντό
536 360 579 387 τε
609 345 681 385 καί
714 343 840 386 αὐτοὶ
867 344 940 399 τήν
975 346 1049 399 τῆς
1079 344 1341 399 Ξυλοκέρκου
1372 347 1592 400 λεγομένην
1621 343 1755 400 πύλην

312 415 356 454 ἐκ
388 413 551 453 πολλῶν
583 411 687 452 ε’ταῖν
713 410 1092 467 α’πῳκοδομημένην
1123 408 1387 464 διορύξαντες
1415 409 1609 464 εἰσάγειν.
1644 407 1755 452 οὕτω

313 479 357 519 δὲ
377 479 453 519 τοῦ
479 475 636 531 χρόνου
668 470 931 530 τριβομένου,
968 475 1061 518 τινα
1095 477 1179 518 τῶν
1207 477 1252 517 ἐκ
1270 470 1507 527 Βυζαντίου
1538 475 1757 531 γνωρίμων

184 542 334 600 Ρ.6ς56ὁ
364 538 705 597 ΓΦραγγόπουλος
750 540 854 584 ἴδιὸν
896 542 941 583 ἐν
972 541 1238 599 στρατοπέδῳ
1289 543 1559 597 διατρίβοντα
1610 540 1779 600 ἢριότα5

307 609 385 665 τήν
414 610 568 660 αἰτίαν,
598 609 696 649 καθ’
714 606 765 663 ἣν
785 607 976 664 οἴφίκοιτο
997 640 1010 663 ,
1039 609 1111 650 καί
1140 608 1180 649 εἰ
1207 605 1339 656 πολῦς
1367 606 1433 662 εἴη
1459 606 1624 663 χρόνος,
1657 602 1753 656 ὅσος
1795 650 1798 654 ,

310 673 515 729 α’ποστοιίη
535 675 793 725 Βυζαντίου.
837 670 860 714 ὅ
880 675 926 715 δὲ
945 673 1052 727 τό,τε
1083 672 1188 728 πρὸς
1215 675 1394 726 βασιλέα
1415 672 1541 727 ἔχθος
1563 676 1753 728 Φραγγο-

307 740 466 783 πούλου
485 737 686 795 πρότερον
706 737 828 789 εἰδώς
842 742 914 781 καί
931 736 1007 794 τὴν
1035 737 1140 794 πρὸς
1158 737 1288 780 αὐτὸν
1320 740 1465 794 φιλίαν
1482 771 1494 788 ,
1529 738 1603 780 καί
1634 740 1754 791 νομί-

308 823 385 855 σας
417 804 721 861 προθυμότατα
767 808 1116 859 συναγωνιεῖσθαι
1150 803 1256 858 πρὸς
1285 802 1360 858 τὴν
1388 805 1648 860 ἐπιχείρησιν
1678 806 1753 846 αυ’-

306 875 388 930 τιῖὶ,
430 868 715 914 ιίπεκάλυπτεν
747 871 896 912 αὐτίκα
923 869 971 912 τὸ
1019 868 1275 925 α’πόῤῥητον,
1312 871 1384 911 καί
1418 869 1533 925 παρὰ
1564 871 1641 923 μὲν
1669 872 1804 912 τῶνισ

307 941 352 981 ἐν
394 938 614 995 Βυζαντίῳ
649 936 787 991 ἔλεγεν
833 934 1050 991 ἀρχόντων
1095 939 1322 978 πεπεῖσθαι
1355 935 1505 976 ἐνθάδε
1534 932 1648 990 ἥκειν
1678 951 1756 988 με-

306 1003 414 1060 γάλα
433 999 481 1045 εὖ
517 1000 708 1059 ποιήσειν
742 1002 1104 1056 ἐπαγγειλαμένων
1123 1015 1132 1024 ·
1171 1001 1423 1056 δηλητήριον
1449 1002 1494 1042 δὲ
1525 999 1668 1055 ἔχειν,
1704 1000 1759 1042 ἵν’

307 1072 355 1112 εἰ
376 1069 561 1122 δύναιτο,
597 1065 738 1111 ἆνέλοι
756 1069 934 1122 βασιλέα
970 1067 1260 1123 προσαγαγών.
1308 1069 1422 1109 ἕκτον
1453 1067 1498 1108 δὲ
1529 1063 1608 1122 ἤδη
1641 1067 1754 1121 μῆνα

309 1139 379 1180 ἐπὶ
427 1134 557 1193 τούτῳ
591 1136 1044 1190 προσταλαιπωροῦντα
1084 1134 1287 1189 μηδέποτε
1334 1135 1486 1187 καιροῦ
1523 1134 1754 1186 ἐπιτυχεῖν.

307 1201 402 1245 νυνί
432 1203 479 1244 δὲ
510 1199 643 1243 αὐτὸν
677 1197 703 1255 ἦ
739 1200 968 1255 προσεδρία
999 1201 1072 1240 καί
1100 1198 1126 1253 ἦ
1160 1200 1361 1253 καρτερία
1399 1203 1486 1247 τοῖς
1534 1201 1805 1253 μαγείροιςι5

172 1273 292 1309 v.532
307 1268 508 1319 ἐντάξασα
553 1268 626 1308 τοῦ
663 1267 870 1320 βασιλέως
914 1262 1060 1319 καιρὸν
1094 1266 1295 1318 παρέχειν
1326 1265 1370 1306 τὸ
1412 1263 1753 1318 σπουδαζόμενον

272 1330 460 1377 Βᾶνύειν.
520 1330 585 1374 διὸ
622 1330 695 1379 καὶ
725 1329 908 1384 μάλιστα
938 1330 1196 1384 συνήδεσθαι
1231 1326 1371 1386 αὖτῷ,
1414 1327 1478 1371 ὅτι
1517 1328 1623 1371 οὕτω
1655 1347 1753 1372 συν-

305 1399 436 1453 τυχὸν
478 1396 855 1453 συγκατεργάσεται
895 1396 1031 1453 adusi,
1077 1395 1146 1436 ἳνα
1186 1397 1261 1436 καί
1289 1397 1370 1437 τῶν
1400 1393 1502 1437 ἴσων
1532 1392 1752 1454 εὖεργετη-
1804 1414 1808 1421 Χ

288 1465 450 1518 ,μα’των
479 1463 589 1520 τύχῃ
617 1461 730 1517 παρὰ
784 1464 867 1503 τῶν
899 1460 1128 1516 ἀρχόντων.
1185 1459 1299 1515 ἔλεγέ
1337 1477 1382 1502 τε
1417 1461 1753 1517 παρεσκευασμέ·

306 1545 375 1578 νος
409 1526 516 1586 εἶναι
547 1529 605 1577 ὥς
643 1529 717 1581 τῆς
754 1524 932 1583 ἑσπέρας
973 1523 1054 1581 ἤδη
1088 1523 1243 1581 ταύτης
1272 1528 1331 1583 τῷ
1358 1527 1563 1579 βασιλέως
1600 1528 1807 1585 δείπνῳαο

306 1594 356 1637 τὰ
402 1594 610 1650 φάρμακα
652 1594 857 1648 κεράσων.
925 1589 1016 1645 ἅμα
1047 1592 1094 1634 δὲ
1127 1589 1361 1645 βούλεσθαι
1410 1591 1485 1634 καί
1527 1591 1632 1647 πρὸς
1660 1596 1751 1635 Βυ-

307 1660 472 1712 ζάντιον
502 1656 848 1714 ἀποδιδράσκειν,
897 1657 1073 1714 παρῄνει
1113 1671 1157 1698 τε
1187 1658 1446 1700 συνέπεσθαι
1489 1661 1563 1699 καί
1607 1657 1752 1702 αὐτόν.

306 1722 419 1768 οὕτω
447 1726 525 1778 μὲν
556 1719 632 1765 οὖν
663 1724 816 1773 ἐκεῖνος
845 1726 978 1776 ἐξεῖπε
1013 1720 1060 1764 τὸ
1098 1717 1365 1779 οἷπόρῥητον,
1414 1724 1657 1779 ἐχθραινειν
1688 1726 1751 1767 οἰ-

305 1793 424 1848 ηθείς
472 1785 798 1846 Φραγγόπουλον
831 1791 889 1846 τῷ
932 1791 1130 1843 βασιλεῖ·
1176 1785 1201 1829 ὅ
1248 1788 1296 1831 δὲ
1353 1787 1489 1831 ἐδόκει
1520 1787 1624 1846 πρὸς
1670 1789 1749 1844 τὴν

307 1929 345 1959 et
372 1935 452 1958 cum
485 1923 622 1966 amicis,
647 1923 712 1969 qui
748 1927 851 1958 erant
882 1923 1057 1968 Byzantii,
1096 1922 1141 1957 de
1174 1922 1264 1957 urbe
1289 1922 1362 1957 sibi
1387 1923 1584 1965 tradenda,
1609 1925 1638 1958 si
1666 1924 1747 1959 fleri

311 1977 435 2017 posset
470 1971 616 2005 occulte
654 1971 741 2015 egit.
797 1970 856 2003 Illi
884 1975 1024 2014 portam
1061 1970 1250 2014 Xylocerci
1276 1969 1422 2009 dictam,
1451 1971 1577 2005 multis
1611 1970 1748 2005 abhinc

305 2019 410 2051 annis
452 2017 693 2058 obstructam,
728 2017 954 2062 perfossuros
1003 2027 1160 2062 eumque
1204 2016 1472 2051 introducturos
1518 2023 1747 2063 receperunt.

306 2067 391 2100 Post
427 2065 656 2098 intervallum
687 2063 861 2109 temporis
897 2063 1090 2109 quemdam
1124 2064 1338 2097 familiarem
1378 2073 1482 2097 snum
1507 2064 1745 2107 Byzantinum

306 2112 344 2149 in
370 2110 494 2145 castris
530 2111 759 2155 conspicatus
786 2109 1080 2154 Phrangopulus,
1117 2110 1207 2156 quid
1232 2120 1275 2143 eo
1299 2110 1466 2144 venisset
1501 2115 1538 2143 et
1571 2110 1745 2157 quamdiu

305 2163 423 2199 esset,
462 2169 507 2191 ex
547 2168 618 2203 quo
654 2157 825 2200 Byzantio
853 2156 1093 2198 discessisset,
1132 2156 1347 2190 sciscitatur.
1396 2157 1463 2190 Ille
1491 2163 1528 2191 et
1550 2158 1745 2201 pristinum

307 2204 550 2250 l'hrangopuli
586 2203 710 2237 odium
749 2205 788 2236 in
826 2203 1080 2248 imperatorem
1129 2208 1167 2236 et
1202 2202 1380 2246 egregiam
1426 2213 1508 2247 erga
1551 2214 1590 2238 se
1630 2205 1741 2238 fidem

302 2248 401 2285 haud
435 2252 611 2291 nesciens,
631 2250 915 2295 existimansque
945 2249 1109 2284 manibus
1139 2252 1176 2282 et
1207 2248 1361 2293 pedibus
1387 2256 1536 2284 conatus
1571 2261 1655 2284 suos
1680 2250 1746 2283 ad-

303 2301 486 2337 iuturum,
512 2297 632 2330 statim
656 2307 824 2330 arcanum
863 2306 942 2330 cum
969 2308 1011 2330 eo
1037 2296 1301 2335 communicat,
1329 2296 1375 2328 ab
1405 2296 1654 2338 archontibus,
1678 2297 1743 2342 qui

302 2350 423 2378 essent
447 2344 624 2387 Byzantii,
647 2344 830 2388 promissis
856 2342 1047 2376 uberrimis
1070 2342 1232 2374 illectum
1257 2341 1328 2375 huc
1361 2352 1399 2375 se
1427 2344 1646 2385 contulisse,
1677 2342 1743 2378 ha-

301 2390 461 2437 bereque
487 2390 719 2430 veneficium,
745 2389 855 2434 quod,
880 2389 910 2421 si
934 2393 1056 2433 posset
1080 2389 1292 2432 imperatori
1319 2388 1624 2429 admovere,eum
1651 2400 1755 2424 ene--

302 2443 408 2470 caret.
459 2437 607 2469 Sextum
645 2436 715 2468 iam
746 2445 904 2469 mensem
939 2435 976 2467 in
1001 2434 1070 2468 hoc
1096 2436 1224 2468 misere
1262 2434 1452 2476 laborare,
1485 2447 1556 2469 nec
1580 2439 1742 2482 unquam

302 2483 517 2528 perficiundi
554 2482 779 2516 occasionem
813 2481 987 2519 invenire.
1058 2480 1162 2514 Nunc
1196 2486 1316 2515 autem
1349 2483 1652 2527 perseverantiam
1698 2493 1742 2516 ac

301 2531 530 2563 tolerantiam
556 2541 667 2569 snam,
693 2539 787 2574 quae
811 2528 849 2560 in
875 2538 1008 2574 coquos
1032 2527 1256 2571 imperatoris
1281 2540 1362 2561 eum
1388 2529 1568 2574 allegerit,
1590 2529 1636 2562 ad
1665 2540 1741 2562 rem

302 2581 403 2609 tanto
433 2577 553 2609 studio
581 2577 782 2622 quaesitam
807 2574 919 2608 semel
943 2575 1206 2618 transigendam
1233 2576 1456 2609 occasionem
1487 2577 1624 2609 offerre.
1651 2575 1738 2609 Ideo

300 2622 372 2655 sibi
399 2623 568 2667 gratulari
597 2621 838 2662 vehementer,
863 2632 943 2654 cum
968 2621 1017 2654 ita
1043 2621 1228 2662 ceciderit,
1262 2628 1303 2655 ut
1335 2622 1412 2666 ipse
1440 2622 1510 2655 sibi
1535 2622 1739 2655 subservire

302 2673 414 2714 queat
454 2674 490 2700 et
523 2670 622 2712 paria
655 2667 752 2713 apud
787 2667 976 2702 archontas
1015 2668 1210 2712 promereri
1249 2667 1451 2709 beneficia,
1489 2679 1529 2701 ac
1573 2673 1738 2713 paratum

303 2727 379 2749 esse
414 2715 470 2747 vel
506 2714 567 2747 ina
595 2716 670 2759 ipsa
703 2725 850 2760 vespera
885 2714 1115 2758 pharmacum
1148 2714 1354 2759 imperatori
1379 2715 1416 2748 in
1440 2725 1553 2750 coena
1576 2715 1739 2752 miscere,

303 2762 406 2796 Velle
429 2760 562 2802 deinde
587 2762 797 2806 Byzantium
821 2761 940 2808 fugam
965 2771 1170 2806 capessere:
1199 2766 1236 2795 et
1262 2761 1502 2802 admonebat,
1538 2763 1592 2796 uti
1618 2772 1741 2797 secum
