1806 3152
327 172 435 230 588
643 154 651 224 s
846 191 1212 235 CANTACUZENI
1229 194 1232 196 ’

126 305 204 339 A,c,
223 305 308 350 ,346
320 291 395 347 την
424 290 581 344 νύκτα,Ἰ
617 290 690 333 καί
719 289 742 332 ὅ
772 290 968 345 βασιλεύς
994 291 1094 346 μετὰ
1126 294 1200 347 τῆς
1227 293 1435 349 στρατιᾶς.
1486 292 1546 343 εἰς
1579 290 1654 348 τήν
1694 291 1746 334 ὗ-

321 359 514 412 στεραιάν
552 358 598 398 δὲ
635 358 801 410 βασιλὶς
837 359 914 410 μὲν
951 356 1107 411 ἒζιιεινεν
1142 358 1214 400 έπί
1247 360 1320 413 τῆς
1354 359 1502 414 σκηνῆς
1534 356 1638 411 μετὰ
1665 359 1746 400 τῶν

322 423 544 463 ἐπιλοίπων
572 419 648 463 δύο
674 424 934 478 θυγατέρων,
972 423 1171 478 Θεοδῶρα
1200 425 1246 466 δὲ
1280 423 1307 478 ἦ
1339 424 1630 479 νυμφευομένη
1678 424 1749 465 ἐπὶ

285 486 393 543 Βτὴν
421 486 632 542 πρόκυψιν
660 487 843 542 ἀνῆλθε,
871 487 1069 540 βασιλεὺς
1097 490 1143 530 δὲ
1172 488 1350 543 εἱστήκει
1377 487 1554 545 ἔφιππος
1591 486 1742 542 μόνος·

318 551 357 594 οἱ
399 555 445 595 δὲ
476 549 595 594 ἄλλοι
634 550 811 603 ἅπαντες
840 556 969 605 πεζοί.
1025 551 1135 597 οὕτω
1169 556 1215 596 δὲ
1242 557 1325 596 τῶν
1353 552 1771 609 παραπετασμάτωνδ

316 621 689 675 περιαιρεθέντων,
715 621 1054 676 (περικεκαλυπτο
1081 618 1160 676 γάρ
1190 618 1216 676 ἢ
1251 618 1459 676 πρόκυψις
1484 618 1747 673 πανταχόθεν

316 684 544 740 ὑφάσμασι
559 689 741 739 σηρικοῖς
758 687 829 726 καί
856 685 1128 743 διαχρύσοις,)
1159 681 1402 742 ἆνεφαίνετο
1436 685 1462 740 ἦ
1489 682 1648 740 νύμφη.
1674 685 1756 739 καὶ,

315 748 530 802 λαμπάδες
558 746 667 804 ἦσαν
694 753 792 807 περί
819 749 950 806 αὐτὴν
981 742 1164 806 ἦμμέναι
1191 748 1466 806 ἑκατέρωθεν,
1522 753 1571 798 ἃς
1598 751 1745 791 εὐνοῦ-

316 830 388 868 χοι
415 817 654 870 κατέχοντες
682 817 754 857 έπί
775 814 876 870 γόνυ
906 818 1129 870 κεκλιμένοι
1169 817 1245 857 οὐκ
1286 818 1540 872 ἑφαι’νοντο.’
1573 814 1748 870 σάλπιγ-

316 896 384 935 γες
411 883 458 922 δὲ
484 876 648 936 ἤχησαν
675 883 932 924 έπιπλεῖστον
959 883 1031 924 καί
1058 883 1182 924 arnol
1216 883 1288 924 καί
1324 879 1514 937 σύριγγες
1551 880 1622 923 καὶ
1662 876 1797 926 {icaro

313 944 421 1001 πρὸς
458 948 608 999 τέρψιν
634 945 848 1002 ἐξεύρηται
876 945 1128 1002 α’νθρώποις.
1186 949 1462 1001 παυσαμένων
1490 948 1536 990 δὲ
1569 946 1745 999 ἐκείνων,

315 1010 499 1065 ἐγκώμια
529 1008 627 1069 ᾖδον
655 1011 693 1054 οἱ
718 1015 900 1070 μελῳδοί
924 1010 1006 1054 ὑπό
1034 1030 1157 1057 τινων
1182 1015 1328 1068 λογίων
1355 1012 1460 1068 πρὸς
1479 1011 1555 1067 τὴν
1576 1013 1745 1067 νύμφην

314 1080 584 1133 πεποιημένα.
639 1076 732 1120 ἐπεὶ
758 1080 805 1120 δὲ
833 1075 964 1121 πάντα
994 1081 1171 1122 ἐτελεῖτο
1197 1077 1246 1121 τά
1268 1079 1471 1132 βασιλέως
1490 1078 1746 1133 προσήκοντα

277 1141 578 1198 οθυγατράσιν
608 1146 954 1202 νυμφευομέναις,
983 1142 1056 1199 τήν
1082 1160 1127 1186 τε
1154 1141 1354 1200 στρατιάν
1381 1143 1452 1186 καί
1483 1142 1580 1193 τούς
1606 1144 1652 1184 ἐν
1676 1134 1744 1185 τέ-

288 1207 381 1251 ’λει
417 1207 573 1258 πάντας
608 1211 683 1251 καί
714 1208 942 1262 “Ρωμαίων
978 1209 1051 1251 καί
1079 1208 1309 1265 βαρβάρων
1336 1209 1360 1251 ὅ
1384 1207 1581 1263 βασιλεῦς
1608 1207 1794 1253 εἱστίαιό

316 1277 386 1330 ἐφ’
417 1275 574 1330 ἡμέρας
602 1275 676 1316 οὔκ
704 1271 859 1328 ὄλίγας.
913 1273 1057 1316 ἔπειτα
1085 1276 1284 1328 ἐξέπεμπε
1310 1273 1385 1329 τὴν
1407 1277 1616 1329 θυγατέρα
1638 1271 1743 1328 πρὸς

314 1339 386 1382 τὸν
417 1335 550 1394 ἄνδρα
580 1338 686 1392 μετὰ
713 1341 865 1395 πολλῆς
890 1340 1194 1394 ὑποδεξάμενον
1223 1343 1293 1395 τῆς
1320 1341 1498 1395 ἡδονῆς,
1529 1337 1557 1394 ἢ
1587 1340 1659 1381 καί
1684 1340 1742 1396 τῷ

314 1405 517 1462 βαρβάρῳ
557 1408 805 1447 συνοικοῦσα
834 1407 908 1460 τῆς
947 1409 1137 1454 εὐκλείας
1164 1408 1247 1447 τῶν
1273 1406 1465 1461 πατέρων
1493 1401 1614 1456 ἀξίαν
1640 1401 1742 1446 ἑαυ-

313 1469 391 1524 τήν
428 1472 472 1512 ἐν
498 1473 555 1526 τῷ
581 1469 876 1512 πολιτεύεσθαι
911 1473 1151 1527 παρείχετο.
1222 1471 1272 1511 οὕ
1299 1469 1426 1524 μόνον
1463 1469 1544 1524 γὰρ
1584 1470 1629 1510 ἐκ
1666 1470 1742 1523 τῆς
1778 1480 1782 1482 ’

313 1537 607 1591 συνδιατριβῆς
634 1536 797 1577 ἐκείνων
826 1535 1067 1591 παρεβλάβη
1099 1534 1204 1577 κατὰ
1233 1534 1467 1590 τὴνπίστιν
1483 1535 1617 1585 οὐδὲν,
1650 1534 1793 1580 καί-20

313 1617 374 1643 τοι
412 1617 459 1654 γε
486 1599 616 1642 πολλὰ
646 1601 840 1649 πολλάκις
867 1600 1183 1656 ἐπιχειρούντων
1209 1602 1472 1654 μεταπείθειν
1489 1631 1501 1653 ,
1543 1596 1648 1640 οἶλλά
1671 1598 1743 1640 καὶ

312 1664 489 1715 πολλοὺς
517 1668 598 1708 τῶν
625 1664 730 1722 πρὸς
757 1665 831 1722 τὴν
858 1663 1051 1720 ἀσέβειαν
1077 1665 1346 1720 ὑπαχθέντων
1372 1666 1646 1707 ἀνεκαλέσατο
1673 1662 1739 1706 λό-

314 1790 548 1833 imperatores
574 1788 763 1823 servabant
797 1790 835 1823 in
871 1789 1035 1831 filiabus,
1075 1800 1154 1824 cum
1180 1789 1226 1823 ad
1249 1790 1394 1835 nuptias
1422 1788 1654 1822 abducendae
1679 1798 1737 1822 es-

313 1840 403 1868 seut.
452 1835 592 1873 Deinde
618 1842 655 1870 et
679 1837 951 1881 imperatorium
976 1838 1247 1870 tabernaculum
1271 1847 1384 1881 prope
1407 1835 1516 1870 statui
1544 1835 1735 1869 mandavit.

312 1882 457 1927 Quibus
492 1883 625 1927 paratis
643 1908 652 1923 ,
694 1883 904 1926 imperatrix
949 1889 987 1917 et
1031 1884 1127 1917 filiae
1151 1883 1310 1924 ibidem,
1335 1883 1530 1926 imperator
1551 1882 1589 1915 in
1614 1882 1736 1914 castris

312 1934 455 1961 noctem
487 1930 570 1974 egit.
631 1929 807 1962 Postridie
839 1930 1065 1974 imperatrice
1098 1942 1176 1963 cum
1211 1931 1309 1963 binis
1345 1929 1486 1961 filiabus
1512 1928 1550 1961 in
1578 1928 1735 1960 tentorio

310 1980 503 2015 manente,
540 1986 669 2019 sponsa
701 1975 895 2009 Theodora
929 1976 1132 2010 tabulatum
1158 1975 1388 2014 conscendit,
1419 1976 1494 2008 solo
1520 1975 1736 2017 imperatore

313 2032 408 2066 equo
440 2021 640 2063 insidente,
678 2023 805 2056 ceteris
840 2021 886 2055 ad
918 2034 1030 2055 unum
1055 2023 1290 2064 adstantibus.
1337 2021 1429 2054 'l'um
1451 2021 1739 2065 peripetasmatis

312 2065 353 2100 i'n
390 2068 543 2102 circuitu
581 2067 723 2110 ablatis,
756 2069 849 2114 (erat
882 2071 978 2102 enim
1009 2070 1212 2103 tabulatum
1244 2069 1410 2114 appensis
1444 2078 1486 2100 ex
1511 2068 1608 2100 omni
1634 2073 1738 2111 parto

311 2115 450 2148 aulaeis
483 2115 604 2148 sericis
651 2120 687 2149 et
727 2126 812 2149 auro
846 2116 1048 2149 intertextis
1075 2115 1268 2161 ornatum,)
1303 2124 1431 2158 sponsa
1456 2119 1645 2158 conspecta
1669 2120 1739 2155 cst,

313 2160 439 2194 dextra
463 2161 636 2207 laevaque
660 2162 815 2195 accensis
841 2161 1080 2207 lampadibus,
1107 2173 1194 2207 quas
1224 2159 1378 2206 eunuchi
1403 2161 1441 2193 in
1473 2170 1586 2204 genua
1614 2160 1733 2193 subsi-

314 2207 440 2240 dentes
473 2207 654 2240 teuebant.
702 2207 932 2242 Resonabant
962 2207 1070 2242 tubae
1107 2214 1143 2242 et
1166 2207 1276 2241 tibiae
1297 2217 1338 2240 ac
1363 2205 1504 2239 fistulae
1528 2206 1737 2249 plurimum,

314 2259 354 2286 et
390 2264 635 2299 quaecumque
669 2254 715 2288 ad
758 2265 862 2288 aures
899 2254 1129 2289 oblectandas
1161 2253 1205 2290 ab
1245 2253 1452 2286 hominibus
1496 2253 1734 2287 instrumenta

312 2300 449 2332 musica
485 2303 683 2345 excogitata
709 2307 802 2335 sunt.
853 2303 899 2334 Iis
923 2302 1140 2341 tacentibus,
1174 2305 1335 2332 cantores
1362 2310 1380 2332 a
1407 2300 1524 2344 poetis
1547 2298 1670 2333 laudes
1693 2300 1738 2339 in

311 2357 480 2390 sponsam
504 2348 716 2392 compositas
737 2348 1022 2382 modulabantur.
1058 2347 1187 2381 Finitis
1205 2346 1413 2379 solennibus
1441 2344 1625 2384 universis,
1639 2356 1732 2390 quae

311 2393 570 2436 imperatorum
608 2393 770 2434 filiabus,
813 2406 892 2427 cum
932 2399 1083 2438 nuptum
1115 2394 1307 2432 darentur,
1347 2391 1505 2431 fiebant,
1538 2392 1738 2436 imperator,

310 2439 491 2472 militibus
527 2444 563 2473 et
600 2441 807 2484 proceribus
833 2442 997 2474 Romanis
1022 2451 1065 2479 ac,
1085 2439 1247 2472 barbaris
1272 2439 1437 2472 omnibus
1462 2438 1507 2472 ad
1531 2437 1608 2470 dies
1633 2449 1738 2479 com-¹

310 2484 432 2529 plures
466 2487 612 2530 epulum
651 2486 770 2526 dedit,
810 2492 926 2532 atque-
950 2487 1001 2520 ita
1033 2486 1174 2518 demum
1212 2485 1322 2518 filiam
1355 2485 1400 2518 ad
1425 2495 1591 2528 sponsum
1615 2485 1737 2525 multo

311 2531 441 2575 gaudio
478 2543 555 2564 eam
589 2538 834 2577 suscepturum
867 2533 975 2566 misit.
1035 2527 1136 2577 Quae
1176 2543 1392 2578 quamquam
1428 2530 1734 2574 barbaro‘nupta,v

311 2576 364 2609 sic
392 2578 501 2610 vitam
526 2590 624 2612 suam
650 2580 828 2619 instituit,
862 2585 902 2612 ut
924 2591 944 2612 a
967 2580 1139 2612 maiorum
1166 2590 1310 2611 suorum
1338 2579 1448 2622 gloria
1474 2587 1547 2608 non
1573 2577 1728 2620 degene-

312 2629 418 2658 raret.
459 2625 540 2663 *Nec
564 2626 657 2658 enim
688 2626 801 2659 solum
828 2636 870 2658 ex
896 2626 1039 2659 illorum
1076 2625 1260 2658 hominum
1294 2626 1455 2658 convictu
1498 2623 1729 2657 consuetudi-

312 2679 431 2715 neque
462 2671 602 2703 nullum
640 2674 678 2705 in
715 2673 887 2717 religione
925 2672 1094 2705 damnum
1126 2672 1234 2710 fecit,
1269 2671 1354 2704 licet
1379 2671 1530 2703 multum
1556 2680 1595 2702 ac
1619 2679 1726 2713 saepe

314 2714 413 2750 alind
451 2718 484 2748 ei
516 2718 730 2760 persuadere
757 2724 989 2759 conarentur,
1015 2718 1078 2751 sed
1102 2723 1139 2752 et
1161 2718 1292 2750 multos
1322 2717 1367 2750 ad
1392 2715 1583 2761 impietatis
1609 2714 1725 2749 diver·
1762 2735 1764 2738 v

313 2754 425 2800 ticula
463 2763 632 2808 impulsos
678 2766 723 2801 ad
764 2765 924 2800 veritatis
954 2766 1118 2801 semitam
1151 2769 1437 2810 argumentorum
1474 2763 1508 2798 vi
1538 2763 1731 2809 revocavit,
