1806 3152
286 158 396 223 584
776 190 778 193 ·
815 173 1181 217 CANTACUzmi

92 284 274 329 A2021346
284 276 490 333 τριήρεις,
521 272 790 320 Φακεωλάτον
815 272 1008 329 ἔπεμψαν
1030 272 1292 329 συνάρχοντα
1317 274 1406 317 τότε
1434 279 1519 329 τοῖς
1554 270 1707 328 ἄλλοις,

285 339 357 401 (ἦν
378 342 458 398 γάρ
480 342 702 395 Κιννάμου
730 342 804 383 τοῦ
832 343 1036 392 μυστικοῦ
1057 342 1260 391 συνοικῶν
1288 342 1452 397 ςίδελφῇ
1472 342 1541 396 τῆς
1566 356 1710 394 γυναι-

289 408 403 463 κὸς,)
436 409 484 450 οὐ
484 425 515 462 χ
545 403 649 449 ὥστε
685 402 999 452 ἀντιτάττεσθαι
1025 406 1256 454 Λατίνοις·
1286 406 1361 447 οὐκ
1389 407 1528 460 ὀλίγον
1554 403 1644 460 γάρ’
1662 406 1714 447 ἆ-

285 475 402 515 πέδει
435 472 541 528 πρὸς
577 471 652 526 τὴν
680 471 846 512 ἐκείνων
878 471 1078 522 δύναμιν·
1111 470 1199 511 ἀλλ’
1220 472 1260 512 εἰ
1292 468 1462 512 δύναιτο
1492 469 1629 527 τρόπῳ
1659 467 1713 524 δήι

286 554 369 579 τινι
396 543 510 580 σῖτον
547 535 727 590 εἰσάγειν
763 536 824 587 εἰς,
856 533 931 589 τήν
958 535 1081 576 Χίον.
1127 536 1400 583 Φακεωλάτος
1430 535 1475 576 δὲ
1511 533 1603 576 ἐπεὶ
1637 531 1737 575 zea-5

287 604 473 659 ταπλέων
501 601 678 644 ἐπύθετο
715 599 791 655 τὴν
832 599 939 642 Χίον
975 595 1225 653 ἑαλωκυῖαν,
1270 600 1517 655 ἀνέστρεφεν
1564 598 1713 648 εὐθύς·

289 667 364 709 καί
402 665 548 708 ὁλκάδι
585 667 631 708 ἐκ
659 664 867 714 Γεννούας
898 664 1135 721 περιτυχών
1172 665 1329 722 μεγάλῃ
1367 662 1562 719 ἐκράτησε
1597 666 1714 721 μάχῃ

287 731 360 774 καί
393 724 633 784 οἷπέκτεινεν
672 731 747 772 ov’n
782 729 942 785 ὄλίγους
980 733 1063 772 τῶν
1092 730 1285 772 Λατίνων
1325 732 1590 782 μαχομένους
1645 728 1720 787 naq*

292 796 498 853 διήρπασε
525 795 813 851 τὰχρήματα.
867 794 1100 848 πυθόμενοι
1130 796 1176 837 δὲ
1204 794 1243 837 οἱ
1270 797 1314 837 ἐν
1342 798 1383 838 Γ
1381 797 1512 852 αλατᾷ
1551 793 1715 851 ὁμόφυ-

166 861 207 896 V·
220 861 358 905 544λοι
380 860 583 918 ψήφισμα
602 860 793 915 ἔγραψαν
813 858 1103 902 α’ποκτιννύναι
1119 860 1400 914 Φακεωλάτον,
1418 855 1460 909 οἷ
1473 856 1523 901 ἄν
1537 876 1598 908 τις
1617 876 1769 902 συν-ιο
1796 851 1806 859 ’

249 928 432 981 Βτύχοι,
460 944 528 969 και
557 929 716 982 μηδένα
743 928 893 981 κρίνειν
911 924 1042 982 φόνου
1058 961 1070 979 ,
1092 927 1163 967 καί
1181 928 1380 978 διέμεινεν
1397 926 1538 974 αὐτοῖς
1567 926 1592 981 ἢ
1613 924 1717 980 πρὸς

289 996 443 1036 ἐκεῖνον
470 992 607 1047 εχθρα
648 988 751 1048 άχρι
784 994 985 1047 τελευτῆς.
1039 990 1204 1046 βασιλίς
1246 994 1291 1033 δὲ
1320 991 1410 1035 ἐπεὶ
1448 989 1560 1045 ειόρα
1586 990 1717 1045 μόνην

289 1058 365 1113 τὴν
380 1059 698 1101 Κωνσταντίνου
718 1059 838 1100 πόλιν
855 1055 963 1115 αὖτῇ
990 1059 1355 1113 περιλειπομένην,
1388 1054 1453 1114 (αι
1479 1056 1560 1112 γάρ
1592 1051 1718 1098 ἄλλαι

291 1124 455 1178 σχεδὸν
462 1128 594 1166 πᾶσαι
614 1122 944 1179 προσεχώρησαν
963 1126 1136 1177 βασιλεῖ’
1148 1124 1546 1180 τιιυΚαντακουζηνῶ
1562 1126 1593 1179 ,)
1622 1121 1723 1177 πρὸς

291 1191 523 1232 ,ἶΠπαλίκαν
552 1187 759 1232 multoz?
787 1191 1004 1243 Καρβωνᾶ
1040 1165 1221 1244 ἅρχοντια
1259 1191 1462 1240 πέμψασα
1499 1188 1771 1243 πρεσβειάν15

291 1256 421 1296 ἐδεῖτο
468 1258 651 1309 βοηθεῖν.
710 1253 732 1295 ὅ
773 1255 818 1296 δὲ
861 1254 1049 1306 ἀσμένως
1090 1270 1132 1295 τε
1171 1255 1340 1303 ἐδέξατο
1375 1252 1454 1307 ’τήν
1497 1251 1720 1306 πρεσβείαν

292 1318 365 1361 καὶ
384 1320 602 1374 Θεόδωρον
619 1321 692 1360 καί
712 1320 1016 1373 Γομπροτίτζαν
1029 1317 1128 1367 τούς
1148 1317 1382 1373 α’δελφοὺς,
1414 1320 1574 1371 χιλίους
1595 1334 1722 1372 στρα-
1746 1368 1754 1374 ρ

292 1382 446 1433 τιιότας
474 1380 646 1438 ἄγοντας
674 1386 931 1436 ἐπιλέκτους,
960 1383 1062 1424 κατὰ
1104 1384 1351 1435 συμμαχίαν
1379 1381 1534 1434 ἔπεμπε
1566 1384 1618 1439 τῇ
1644 1385 1723 1436 βα·-

285 1451 420 1505 Ισιλίδι
436 1482 447 1502 ,
488 1450 531 1490 οἳ
552 1449 624 1490 καί
651 1448 727 1497 τοὶς
751 1447 855 1491 κατὰ
884 1448 957 1490 τὸν
976 1446 1142 1490 Πόντον
1180 1450 1550 1501 παραθαλασσίους
1583 1447 1723 1497 πόλεις

295 1514 469 1563 διιόντες
509 1514 676 1557 ἔπεισαν
714 1510 946 1568 ἀποστῆναι
984 1516 1187 1566 βασιλέως
1214 1515 1285 1554 καί
1307 1515 1354 1569 τῇ
1382 1512 1565 1566 βασιλίδι
1592 1527 1774 1568 προσ-αα

294 1586 474 1635 χωρεῖν·
518 1574 699 1633 ἤλπισαν
737 1578 816 1634 γὰρ
858 1576 1012 1628 αὐτούς
1043 1595 1083 1621 τι
1118 1580 1232 1631 μέγα·
1257 1575 1546 1633 κατορθώσειν.
1600 1577 1672 1620 καί
1697 1579 1724 1633 ἦ

255 1645 462 1699 Οβασιλίς
499 1646 665 1694 ἐδέξατο
708 1643 805 1693 τούς
849 1639 1005 1699 ἄνδρας
1065 1642 1170 1697 μετὰ
1210 1646 1362 1697 πολλῆς
1400 1644 1471 1698 τῆς
1509 1644 1726 1696 εὐμενείας

295 1710 368 1752 καί
393 1713 515 1764 τιμῆς
533 1742 545 1762 ,
589 1709 663 1769 καὶ
687 1708 763 1766 τήν
793 1725 839 1751 τε
870 1710 1125 1766 Ἀποκαύκου
1153 1711 1231 1751 τοῦ
1257 1709 1441 1764 μεγάλου
1472 1707 1619 1759 δουκὸς
1645 1712 1725 1751 θυ-

295 1778 450 1838 γατέρα
486 1772 685 1834 συνῴκισε
722 1778 781 1834 τῷ
825 1773 1251 1834 Τομπροτιτζᾳ,,ἰκαί
1275 1774 1506 1830 στρατηγὸν
1532 1775 1723 1830 α’πέδειξε
1763 1802 1765 1805 f

328 1855 330 1857 ’
390 1861 420 1894 3.
450 1859 584 1905 ὀλίγον
610 1860 645 1893 Ρ.
743 1871 795 1893 ιο.
820 1851 842 1906 ᾗ
866 1860 902 1894 P.
1001 1859 1052 1896 15.
1079 1860 1259 1893 Μπαλίκα
1283 1859 1331 1893 Μ.

299 1939 500 1974 carceribus
534 1938 792 1973 attinebantur.
854 1937 979 1972 Nihilo
1019 1939 1138 1971 minus
1173 1938 1360 1972 archontes
1392 1939 1532 1985 aliquot
1562 1939 1724 1973 triremes

298 1991 476 2019 armantes
511 1986 759 2019 Phaceolatum
798 1986 985 2030 collegam,
1012 1985 1089 2030 (qui
1114 1986 1281 2019 Cinnami
1305 1986 1445 2029 mystici
1478 1985 1598 2017 uxoris
1623 1994 1727 2018 soro-

297 2043 371 2065 rem
410 2031 571 2067 habebat
603 2034 642 2065 in
680 2032 938 2077 matrimonio‚)
974 2031 1018 2063 iis
1051 2032 1318 2076 praefecerunt:
1351 2042 1424 2064 non
1453 2030 1598 2076 quidem
1624 2036 1664 2064 ut
1687 2036 1725 2065 s'e

295 2079 468 2118 Latinis,
499 2079 631 2123 quibus
661 2080 766 2121 longe
794 2083 888 2111 esset
913 2079 1090 2117 inferior,
1113 2079 1310 2117 obiiceret,
1334 2077 1398 2110 sed
1427 2082 1466 2109 ut
1488 2082 1725 2110 commeatum

299 2125 338 2157 in
367 2125 544 2164 insulam,
572 2126 599 2158 si
627 2136 698 2170 quo
725 2124 830 2157 modo
856 2130 994 2168 posset,
1020 2126 1239 2168 importaret.
1273 2123 1501 2156 Phaeeolatus
1527 2128 1567 2155 ut
1595 2123 1726 2156 Chium

302 2176 439 2224 captam
481 2171 641 2210 audivit,
676 2171 775 2203 illico
808 2171 878 2203 iter
916 2171 1076 2213 relegens
1116 2177 1152 2204 et
1175 2171 1360 2203 onerariae
1388 2170 1571 2202 Genuensi
1599 2180 1726 2202 occur-

300 2221 381 2250 rens
428 2217 501 2250 acri
536 2228 652 2261 pugna
677 2228 754 2250 eam
782 2217 889 2256 vicit,
922 2221 958 2250 et
991 2216 1188 2259 complures
1220 2216 1366 2248 Latinos
1409 2215 1542 2249 occidit
1578 2217 1727 2259 pecuni-

299 2273 429 2307 amque
456 2256 618 2306 diripuit
668 2263 776 2296 Fama
799 2262 959 2296 Galatam
989 2261 1034 2295 ad
1056 2261 1291 2315 homophylos
1317 2262 1466 2305 perlata,
1491 2262 1637 2305 publico
1663 2261 1726 2295 de-

302 2314 400 2343 creto
425 2309 678 2353 impunitatem
703 2314 990 2353 proposuerunt,
1017 2308 1047 2340 si
1073 2308 1154 2352 quis
1183 2319 1263 2341 eum
1290 2308 1509 2354 ubicumque
1534 2308 1725 2353 iugularet,

302 2361 341 2388 et
378 2366 489 2400 usque
524 2354 570 2386 ad
595 2360 743 2387 mortem
768 2355 846 2388 eius
879 2361 1059 2397 tamquam
1101 2354 1240 2387 hostem
1274 2353 1437 2387 oderunt.
1507 2354 1662 2398 Augusta
1686 2359 1727 2388 ut

303 2402 413 2434 solam
458 2402 809 2445 Constantinopolim
844 2401 914 2434 sibi
953 2401 1112 2433 relictam
1148 2399 1251 2440 vidit,
1288 2401 1396 2445 (aliae
1432 2411 1586 2445 namque
1619 2400 1726 2434 urbes

303 2448 431 2480 ferme
451 2446 496 2480 ad
527 2458 635 2479 unam
661 2448 699 2481 in
726 2447 963 2481 cantacuzeni
1000 2447 1212 2480 auctoritate
1247 2449 1375 2491 erant‚)
1401 2458 1419 2480 a
1443 2446 1595 2491 quodam
1624 2447 1727 2490 Mpa-

302 2492 385 2531 lice,
399 2490 584 2526 Car-bonae
609 2493 783 2538 principe,
808 2503 872 2536 per
895 2493 1029 2536 legatos
1055 2492 1227 2525 auxilium
1260 2493 1363 2536 petit.
1389 2493 1435 2532 Is,
1460 2493 1639 2536 legatione
1663 2491 1727 2526 bez·

304 2539 412 2582 nigne
438 2539 610 2580 admissa,
639 2539 868 2574 Theodorum
893 2545 929 2573 et
952 2539 1229 2582 Tomprotitzam
1257 2539 1382 2573 fratres
1407 2550 1485 2571 cum
1510 2538 1609 2571 mille
1635 2539 1727 2572 sele-

306 2585 372 2618 ctis
397 2586 574 2618 militibus
601 2587 781 2630 suppetias
806 2585 940 2618 mittit:
987 2585 1049 2630 qui
1083 2590 1119 2616 et
1153 2585 1347 2618 maritimas
1372 2584 1418 2617 ad
1442 2586 1591 2618 Pontum
1618 2582 1724 2616 urbes

307 2635 556 2671 transeuntes,
592 2643 651 2666 eas
681 2631 726 2663 ab
754 2633 966 2674 imperatore
1003 2631 1047 2664 ad
1074 2630 1266 2685 Augustam
1311 2631 1456 2664 monitis
1497 2636 1534 2663 et
1566 2629 1726 2663 consiliis

309 2676 383 2710 suis
416 2677 645 2711 revocabant.
683 2677 873 2722 sperabant
909 2676 1130 2717 euim‚i110s
1161 2678 1281 2710 nescio
1316 2677 1405 2722 quid
1441 2687 1603 2721 magnum
1629 2676 1726 2716 felici

310 2732 471 2765 successu
495 2724 997 2778 praestituros.1mperatrix
1021 2733 1079 2765 eos
1105 2722 1296 2766 admodum
1323 2722 1496 2758 benevole
1518 2727 1554 2757 ct
1577 2721 1726 2767 honork
