1800 3138
533 186 908 228 msromARUM
946 185 1018 227 111.
1061 191 1129 231 222.
1423 165 1530 221 255

109 281 250 340 ὄντας,
291 285 347 337 ὥς
374 287 658 340 ἀμυνοῦνται,
698 283 750 328 ἂν
779 288 873 343 ἐπίῃ
906 302 969 335 τις
997 286 1149 338 αὐτοῖς,
1181 285 1422 340 ἀπογνόντες
1453 280 1727 340 reij.C.1342

107 354 256 395 ε’λπίδα
275 354 352 395 τοῦ
377 351 734 407 περιγενήσεσθαι,
755 353 1008 408 ἀνέστρεφον
1035 354 1092 401 εἰς
1110 353 1422 408 Θεσσαλονίκην,
1435 354 1532 406 χαί-

106 434 251 476 ροντες
289 418 399 471 ὁμοῦ
437 419 511 459 καί
537 419 844 471 παιανίζοντες,
875 418 1088 471 ἀρκοῦσαν
1118 417 1342 472 ἡγούμενοι
1369 416 1445 472 την
1473 419 1532 460 νί-

105 501 206 540 κην,
254 481 318 526 ὅτι
359 486 434 538 τῆς
463 483 682 536 Ῥωμαίων
719 486 793 539 γῆς
823 484 1000 537 βασιλέα
1030 481 1221 533 ἐξελάσαι
1249 481 1531 538 ἠδυνήθησαν.

78 551 196 594 5ἕπεί
221 551 267 593 δὲ
294 547 333 590 οἱ
359 547 564 603 βασιλέως
592 548 848 597 ἀποστάντες
876 544 1085 605 ὤφθησαν
1109 548 1350 605 Ἀποκαύκῳ
1377 552 1433 606 τῷ
1456 565 1531 601 με-

102 613 215 673 γάλῳ
256 616 400 665 δουκί,
444 615 597 668 ὀλίγοις
629 615 708 667 μὲν
744 612 899 669 πολλὴν
937 612 1192 655 ἐπεδείκνυτο
1219 613 1531 669 φιλοφροσύνην

102 683 175 723 καί
209 681 254 723 ἐν
298 685 384 730 τοῖς
423 677 607 732 μάλιστα
644 680 725 722 τῶν
764 682 898 736 φίλων
927 674 1022 734 ἦγε,
1078 679 1161 720 τῶν
1190 680 1236 720 δὲ
1266 674 1402 720 ἄλλων
1430 677 1531 728 τούς

102 748 181 798 μὲν
208 741 352 802 ἄκροις
381 744 540 799 χειλεσι
564 742 692 798 μόνον
719 742 1020 801 προσηγόρευε,
1039 750 1125 792 τοῖς
1154 740 1296 793 ἄλλοις
1323 745 1369 785 δὲ
1396 759 1528 798 προσῇ

101 813 274 866 εφέρετο
320 812 575 867 εἰρωνικῶς·
644 809 732 852 ἔστι
770 812 817 852 δὲ
861 805 923 860 οἷς
959 811 1033 852 καί
1078 810 1264 860 ὠνείδιζε
1303 809 1378 864 τήν
1418 807 1558 862 μετάΒ

54 878 453 932 ιοΚαντακουζηνοῧ
479 878 555 918 τοῦ
580 877 787 929 βασιλέως
815 877 1091 917 ἀποστασίαν.
1123 877 1246 929 δῆλος
1269 877 1314 916 δὲ
1337 871 1389 929 ἦν
1400 878 1528 917 πᾶσιν

99 941 464 997 ἐμπικραινὸμενος
499 944 571 985 καί
606 944 742 991 κακῶς
778 940 977 998 ποιήσων,
1011 937 1062 983 ἂν
1091 939 1273 996 λάβηταί
1294 956 1404 989 τινος
1429 955 1529 996 προ-

100 1005 268 1065 φάσεως
296 1006 484 1062 εὖλόγου.
668 1038 672 1042 -

205 1072 289 1128 μβ.
317 1072 571 1126 Πυθόμενος
586 1075 632 1115 δὲ
659 1075 732 1115 καί
757 1074 856 1129 περί
876 1073 1150 1127 Ἐδεσσηνῶν,
1181 1068 1245 1112 ὅτι
1272 1071 1354 1112 ὑπὸ
1373 1074 1564 1131 Τριβα-ο

98 1141 181 1181 λῶν
199 1142 512 1194 πολιορκοῦνται
541 1138 692 1194 χρόνον
727 1134 807 1193 ἤδη
831 1137 995 1192 συχνὸν,
1016 1137 1115 1188 τούς
1134 1136 1282 1186 ἱππέας
1303 1135 1392 1179 ὅσοι
1419 1133 1527 1192 ἦσαν

50 1202 191 1258 ιόἅμα
228 1211 315 1254 τοῖς
341 1211 588 1259 στρατηγοῖς
613 1204 921 1258 Παλαιολόγοις
957 1210 1043 1254 τοῖς
1085 1205 1206 1245 δυσίν
1232 1205 1393 1245 ἐκέλευε
1419 1220 1526 1256 συμ-

95 1273 322 1313 πλέκεσθαι
355 1276 441 1319 τοῖς
474 1274 693 1326 Τριβαλοϊς
735 1272 807 1311 καί
832 1271 905 1324 τῆς
933 1271 1169 1323 πολιορκίας
1193 1267 1455 1323 Ἐδεσσηνοὺς
1484 1271 1526 1310 ἑ-

95 1338 336 1390 λευθεροῦν.
390 1336 416 1391 ἧ
457 1338 538 1388 μὲν
574 1331 648 1377 οὖν
689 1334 866 1391 στρατιά
904 1334 1008 1376 κατὰ
1036 1333 1079 1376 τό
1109 1335 1313 1388 ἐπίταγμα
1343 1330 1441 1389 ἧκον
1469 1334 1528 1383 ὥς

94 1399 367 1454 μαχούμενοι.
419 1402 622 1455 Τριβαλοί
648 1403 694 1443 δὲ
720 1403 844 1455 μέχρι
867 1403 944 1453 μὲν
973 1397 1286 1454 ἀκροβολισμῶν
1315 1402 1526 1453 ἐνέμειναν

95 1466 154 1522 τῷ
181 1468 469 1523 στρατοπέδῳ,
517 1465 696 1523 οἰόμενοι
719 1467 974 1519 Ῥωμαιόυς’
994 1466 1045 1506 ου’
1088 1462 1344 1520 δυνήσεσθαι
1371 1461 1526 1513 αὖτούς

40 1532 168 1584 αοτῆς
203 1534 439 1584 πολιορκίας
477 1529 735 1586 ἀναστήσειν.
792 1531 847 1580 ὦς
885 1533 931 1572 δὲ
959 1528 1102 1584 ἑώραῗν
1138 1525 1303 1577 πλείους
1329 1545 1374 1570 τε
1406 1522 1525 1578 ὄντας

93 1595 167 1637 καὶ
181 1594 424 1649 προθύμους
434 1594 671 1648 μάχεσθαι,
695 1598 918 1648 δείσαντες,
945 1594 1002 1650 μὴ
1033 1594 1113 1636 ὑπὸ
1136 1594 1391 1650 φιλονεικίας
1419 1594 1524 1635 ἀπό-

93 1666 247 1703 λωνται
280 1662 465 1703 πλείοσιν
505 1661 612 1713 ὁμοῦ
646 1663 718 1703 καί
742 1659 923 1714 βελτίοσι
950 1658 1215 1714 μαχόμενοι,
1262 1659 1521 1712 συνταξάμε-

91 1741 156 1767 νοι
184 1724 451 1780 ἀνεχώρουν,
479 1724 526 1767 τὸ
553 1725 836 1782 στρατόπεδον
862 1723 1174 1777 καταλιπόντες,
1205 1722 1368 1778 ὀλίγους
1396 1741 1520 1779 στρα-

93 1788 246 1839 τιώτας
285 1792 330 1832 ἐν
356 1796 444 1839 τοῖς
473 1792 790 1846 ἀκροβολισμοῖς
818 1787 1110 1844 ἀποβαλόντες.
1169 1787 1366 1842 Ῥωμαῖοι
1396 1790 1442 1831 δὲ
1469 1787 1513 1830 τὸ
1528 1802 1559 1835 D

184 1905 215 1927 α.
241 1893 511 1939 περιγενέσθαι
534 1892 581 1926 Μ.
606 1903 673 1937 mg.

89 1986 317 2030 pulsaturus,
342 1985 483 2018 abiecta
508 1996 571 2029 spe
595 1986 785 2026 victoriae,
811 1986 1105 2019 Thessalonicam
1131 1983 1336 2023 redierunt,
1362 1983 1522 2028 gauden-

88 2037 145 2065 tes
171 2036 208 2065 et
228 2043 363 2076 paeana
387 2037 579 2072 canentes,
618 2033 778 2078 satisque
803 2043 964 2076 maguam
991 2031 1178 2064 victoriam
1203 2031 1290 2070 rati,
1327 2028 1425 2074 quod
1453 2031 1523 2062 Ro-

90 2088 196 2112 mano
219 2079 297 2111 solo
322 2079 572 2123 imperatorem
594 2079 775 2122 expellere
801 2079 1016 2123 potuissent.
1053 2078 1263 2111 Desertor-es
1285 2075 1522 2120 imperatoris,

91 2123 157 2158 ubi
182 2125 221 2158 in
253 2129 485 2169 conspectum
518 2124 724 2169 Apocauchi
755 2129 953 2165 venerunt,
988 2134 1121 2168 paucos
1156 2123 1303 2160 comiter
1333 2122 1524 2155 admodum

90 2171 225 2214 accipit
251 2181 385 2216 eosque
408 2171 447 2204 in
478 2171 703 2204 amicissimis
732 2171 865 2212 habet3
898 2182 942 2204 ex
969 2171 1049 2204 aliis
1077 2169 1269 2203 nonnullos
1294 2178 1431 2201 summo
1461 2178 1523 2201 ore

91 2221 198 2249 tenus
223 2216 376 2250 salutat:
413 2228 491 2250 cum
517 2216 732 2262 quibusdam
756 2217 924 2251 simulate
949 2217 1043 2261 agit:
1082 2214 1264 2261 aliquibus
1297 2214 1404 2246 ctiam
1440 2224 1522 2246 cum

91 2262 341 2296 Cantacuzeno
368 2262 607 2298 defectionem
632 2263 845 2308 exprobrat:
887 2263 927 2296 in
963 2273 1088 2297 omnes
1125 2268 1246 2295 tamen
1273 2264 1521 2305 exasperatum

90 2313 130 2343 et
149 2308 426 2349 vindicaturum,
455 2310 486 2343 si
511 2309 736 2343 occasionem
760 2310 926 2344 idoneam
952 2310 1233 2348 nancisceretur,
1257 2307 1405 2351 planum
1432 2311 1520 2340 erat.

184 2358 241 2399 4²·
290 2354 378 2388 Cum
415 2359 534 2388 autem
558 2355 821 2398 intellexisset,
856 2355 1057 2389 Edessenos
1091 2366 1110 2386 a
1146 2353 1318 2387 Triballis
1351 2352 1414 2385 diu
1447 2353 1520 2384 iam

87 2401 271 2440 obsideri,
300 2402 440 2447 equites
466 2405 648 2448 quotquot
676 2408 801 2443 erant,
835 2412 906 2435 una
932 2412 1012 2435 cum
1039 2401 1134 2434 binis
1161 2399 1311 2433 ducibus
1336 2397 1520 2432 Palaeolo-

87 2448 164 2492 gis,
196 2447 327 2482 collato
351 2457 430 2480 cum
457 2447 708 2482 obsidentibus
733 2447 886 2493 proelio,
910 2448 993 2481 illos
1017 2447 1170 2481 liberare
1197 2445 1315 2479 iussit.
1348 2445 1520 2490 Equitum

87 2499 229 2528 turmae
262 2504 327 2538 pro
361 2491 529 2527 mandato
561 2494 782 2528 adveniunt:
821 2493 978 2527 Triballi
1006 2503 1120 2537 usqne
1153 2491 1238 2525 dum
1268 2491 1394 2524 iaculis
1417 2495 1520 2535 pete-

90 2546 240 2581 rentur,
278 2540 401 2573 castris
428 2550 466 2573 se
490 2540 699 2582 continent,
736 2541 946 2584 opinantes,
983 2552 1056 2574 non
1089 2549 1194 2583 posse
1227 2548 1265 2571 se
1300 2547 1321 2569 a
1354 2537 1518 2581 Romanis

90 2585 181 2619 urbe
202 2586 425 2621 summoveri.
473 2585 605 2619 Verum
630 2591 671 2620 ut
707 2591 985 2630 perspexerunt,
1016 2586 1136 2629 plures
1162 2595 1237 2617 esse
1275 2587 1312 2616 et
1333 2582 1518 2628 pugnandi

87 2632 266 2677 cupidos,
302 2638 399 2666 metu
431 2632 652 2672 incessente,
684 2643 730 2665 ne
762 2633 927 2677 pluribus
953 2644 993 2665 ac
1025 2629 1287 2664 strenuioribus
1318 2634 1517 2674 pugnantes

90 2678 359 2718 occumberent,
385 2678 508 2711 castris
534 2677 668 2712 relictis
693 2688 734 2710 ac
756 2679 879 2723 paucis
906 2689 1051 2711 suorum
1080 2677 1152 2709 ictu
1180 2676 1388 2722 sagittarum
1410 2678 1517 2708 amis·

92 2724 162 2764 sis,
186 2724 281 2758 dicta
307 2725 422 2758 salute
446 2722 628 2758 recedunt.
677 2724 826 2757 Romani
852 2729 986 2764 castra,
1013 2723 1116 2768 equis
1141 2735 1215 2757 non
1238 2723 1360 2768 paucis
1386 2727 1423 2755 et
1447 2721 1520 2754 alia

89 2767 224 2814 praeda
256 2776 423 2816 reperta,
460 2769 646 2816 diripiunt.
693 2770 883 2818 „Liberam
914 2770 961 2802 ad
994 2769 1092 2805 hunc
1126 2768 1272 2805 modum
1305 2767 1518 2807 Messenis,
