1806 3152
273 156 385 209 600
814 170 1182 215 CANTAcUzml

79 276 262 322 A.c.1346
274 291 355 330 νην.
415 271 673 329 Φακεωλάτῳ
711 274 756 314 δὲ
785 274 946 315 ἐκέλευε
973 273 1171 329 πρόνοιαν
1201 273 1336 314 αὐτοῦ
1373 263 1584 313 ποιεῖσθαι
1603 277 1623 323 ‚'
1645 267 1706 324 μὴ

274 339 355 382 ὑπὸ
390 342 472 380 τῶν
497 329 697 381 Λατίνων
724 338 1008 396 ἐπιβουλευθῇ
1035 341 1195 394 ἡμέρας
1222 335 1249 393 ἢ
1277 337 1424 386 νυκτὸς
1440 338 1706 388 ἐπιθεμένων.

276 406 295 446 ὅ
337 407 414 458 μὲν
456 398 528 445 οὖν
571 403 719 445 αὐτίκα
755 407 1020 460 περιέστησεν
1060 402 1194 460 ἑαυτῷ
1222 402 1441 460 φρουράν,
1490 401 1561 443 καί
1592 402 1708 442 ὑπω-

273 470 446 512 πτεύετο
484 468 794 523 παρόιῖδενὸς,
839 470 993 527 ὁμοίως
1032 472 1077 511 έν
1115 471 1340 520 βασιλείοις
1377 469 1452 510 καί
1484 465 1592 509 κατὰ
1633 465 1708 521 τὴν

274 531 403 590 ἄλλην
433 534 553 577 πόλιν
572 534 746 590 περιιών
775 535 947 585 ὁπλίτας
977 536 1085 590 ἔχων
1104 534 1204 591 περὶ
1230 533 1390 577 ἑαυτὸν.
1436 533 1457 575 ὅ
1493 536 1539 575 δὲ
1576 532 1735 586 (ἰχθύ-,5

273 618 394 654 μενος
426 603 499 643 καί
527 601 729 656 πρότερον
759 601 830 643 ἐπί
858 607 943 650 τοῖς
981 600 1062 642 ὑπὸ
1101 603 1174 643 τοῦ
1210 603 1390 653 πολέμου
1431 599 1712 652 συμβαίνουσι

273 673 414 716 κακοῖς
432 701 444 719 ,
475 667 549 708 καί
584 664 746 723 μεγάλῳ
775 668 853 718 μὲν
882 669 1002 709 δουκί
1027 667 1100 708 καί
1125 665 1360 723 πατριάρχῃ
1390 664 1546 719 πολλὴν
1573 679 1712 706 συνει-

275 733 359 781 δώς
389 732 684 787 ἀγνωμοσύνην
711 733 810 787 περί
836 731 1186 787 Καντακουζηνὸν
1222 733 1295 773 τὸν
1332 734 1508 785 βασιλέα
1535 732 1608 771 καί
1635 745 1712 770 συ-

274 800 530 855 κοφαντίαν,
565 801 718 840 ἐκεῖνον
758 800 804 840 δὲ
833 797 882 840 τά
915 798 1074 852 ἔσχατα
1118 799 1363 852 ἠδικημένον
1401 794 1472 837 καί
1510 795 1712 837 δικαιότε-

241 870 350 921 (Σρον
385 860 482 906 ὄντα
521 865 605 907 τῶν
644 861 781 906 ἄλλων
818 868 975 916 μᾶλλον
1020 870 1104 913 τοῖς
1140 862 1381 918 πράγμασιν
1412 863 1764 917 ἐφεστηκέναι,ιο

272 928 366 972 τότε
412 932 459 973 δὲ
499 933 573 972 καί
609 932 772 983 μᾶλλον
809 930 888 971 ὑπὸ
930 933 1013 972 τῶν
1051 929 1332 983 περισχόντων
1361 925 1533 984 φόβων,
1563 925 1634 980 τό,
1666 941 1711 967 τε

273 998 393 1053 κοινῇ
425 999 667 1038 λυσιτελοῦν
696 997 768 1037 καί
795 992 908 1051 αὐτῷ
936 997 1020 1052 ἰδίᾳ
1054 993 1247 1046 συνιδών,
1286 995 1497 1035 ἐσκέπτετο
1527 995 1598 1034 καί
1634 991 1712 1033 αὖ·

273 1059 342 1110 τὸς
371 1060 447 1116 τὴν
481 1063 539 1110 εἷς
571 1061 807 1112 Βυζάντιον
839 1061 1000 1103 εἴσοδον
1021 1061 1308 1114 συμπράττειν
1328 1063 1515 1113 βασιλεῖ,
1551 1056 1607 1106 ὥς
1634 1057 1712 1109 μό-

275 1143 348 1181 νην
377 1125 531 1181 ταύτην
559 1129 720 1168 πολλῶν
752 1127 992 1181 ἀπαλλαγῆς
1031 1128 1165 1168 κακῶν
1195 1127 1336 1168 αἰτίαν
1364 1128 1574 1179 ἐσομένὴν.
1633 1139 1712 1164 πυ-

274 1193 452 1245 θόμενος
477 1193 522 1234 δὲ
552 1195 625 1234 καί
652 1192 750 1247 περὶ
782 1191 998 1248 Τζυράκη,
1032 1189 1094 1234 ὅτι
1122 1191 1172 1234 τὰ
1203 1191 1313 1232 αὐτὰ
1344 1193 1481 1248 ἐκείνῳ
1510 1189 1766 1243 βούλοιτο,15

270 1257 485 1313 4συνῆλθόν
521 1273 563 1299 τε
609 1259 668 1306 εἰς
693 1257 840 1312 λόγους
881 1260 955 1299 καί
985 1259 1206 1299 συνέθεντο
1241 1258 1355 1313 κοινῇ
1385 1255 1463 1310 τὴν
1492 1256 1610 1296 πόλιν
1634 1258 1723 1307 βα-.

275 1328 391 1365 σιλεΐ
427 1323 718 1377 παραδιδόναι.
775 1327 841 1365 καὶ
883 1325 1120 1377 πέμψαντες
1149 1319 1276 1370 αὖθις
1323 1320 1499 1376 ἐδήλουν
1525 1324 1713 1374 βασιλεῖ,

277 1390 333 1437 ὥς
362 1391 435 1430 καί
464 1387 739 1438 (Ιὶακεωλάτος
770 1387 991 1443 πρόσθοιτο
1019 1394 1104 1436 τοῖς
1143 1388 1398 1442 πράττουσιν
1434 1387 1540 1440 ὑπὲρ
1572 1385 1716 1428 αὐτοῦ’.
1754 1421 1762 1423 ,

277 1455 370 1494 ἐπεὶ
398 1456 443 1495 δὲ
471 1452 558 1495 ἔδει
583 1457 656 1495 καί
686 1452 899 1507 α’ξιόλογόν
926 1470 1020 1495 τινα
1060 1456 1199 1495 ἐλθεῖν
1226 1451 1330 1508 πρὸς
1355 1452 1558 1505 βασιλέα,
1608 1448 1713 1493 ὥστε
1746 1445 1750 1448 ’

277 1522 511 1560 συνθέσθαι
535 1517 607 1560 τόν
633 1518 807 1572 χρόνον,
847 1521 891 1560 ἐν
920 1514 954 1576 ᾧ
981 1519 1120 1573 δεήσει
1151 1519 1280 1561 αὐτόν
1301 1554 1304 1558 ,
1324 1535 1369 1561 τε
1408 1524 1602 1573 παρεῖναι
1643 1518 1768 1559 maizo

276 1583 354 1638 τὴν
381 1582 535 1626 ἅλωσιν
563 1586 742 1632 ἐκείνους
772 1583 989 1639 πράττειν,
1017 1583 1131 1636 ἔδοξε
1156 1586 1433 1638 σκεψαμένοις
1459 1583 1533 1626 τὸν
1550 1587 1715 1639 Μικρο-

236 1646 462 1705 Βκέφαλόν
496 1665 589 1691 τινα
618 1653 806 1702 πέμπειν.
861 1652 934 1692 καί
959 1648 1330 1703 μεταπεμψάμενοι
1383 1653 1465 1692 τῶν
1513 1665 1558 1691 τε
1586 1649 1714 1705 dno&-

280 1714 412 1771 ῥήτων
452 1716 659 1758 ἐποιοῦντο
703 1714 924 1770 κοινωνὸν,
971 1715 1044 1757 καί
1080 1715 1289 1774 παρῄνουν
1329 1716 1573 1770 αὐτομολεῖν
1610 1714 1715 1772 πρὸς

378 1813 430 1846 16.
458 1812 642 1854 &tituil-361¹
666 1813 712 1846 M.

279 1911 531 1945 responsuram
563 1900 708 1942 aiebat,
738 1901 768 1934 si
800 1902 901 1945 prius
937 1912 1059 1935 eorum
1093 1903 1278 1947 postulata
1310 1902 1407 1948 apud
1433 1902 1592 1935 animum
1617 1902 1712 1935 bene

276 1948 540 1991 perpendisset.
588 1947 844 1982 Phaceolatum
889 1950 1028 1982 interea
1068 1949 1261 1990 monebat,
1295 1950 1435 1983 videret
1469 1950 1577 1982 etiam
1602 1954 1712 1993 atque

280 1996 405 2035 etiam,
435 1993 616 2039 quomodo
642 1995 854 2028 Latinorum
880 1994 1045 2035 insidias,
1072 2007 1160 2040 quas
1186 1997 1221 2028 ei
1245 1996 1306 2029 diu
1325 2002 1505 2041 noctuque
1529 2000 1711 2039 pararent,

281 2043 463 2085 effugeret.
512 2041 580 2075 llle
612 2043 734 2074 statim
771 2041 937 2075 custodes
970 2043 1128 2086 corporis
1157 2043 1226 2076 sibi
1253 2042 1431 2078 adhibuit.
1478 2042 1521 2074 Et
1546 2052 1623 2074 cum
1648 2052 1713 2086 per

279 2087 455 2131 palatium
481 2098 619 2132 perque
643 2088 772 2121 urbem
803 2093 956 2121 armatos
992 2090 1121 2121 circum
1148 2100 1185 2122 se
1209 2089 1344 2122 habens
1372 2087 1592 2128 ambularet,
1618 2089 1713 2122 nuni

278 2139 401 2166 tamen
424 2139 610 2179 suspectus
637 2140 722 2168 erat.
749 2135 881 2167 Verum
904 2146 983 2167 cum
1008 2135 1077 2167 iam
1103 2141 1187 2169 ante
1213 2135 1314 2168 malis
1343 2145 1362 2167 e
1384 2135 1481 2167 beno
1508 2135 1714 2168 exsistenti-

282 2179 351 2213 bus
377 2181 652 2225 ingemisceret,
684 2192 803 2227 neque
827 2181 970 2215 nescius
1000 2186 1106 2222 esset,
1140 2187 1274 2228 quanta
1298 2181 1553 2225 improbitate,
1578 2181 1712 2226 quibus

281 2227 473 2259 calumniis
499 2237 644 2271 magnus
671 2227 743 2260 dux
768 2232 805 2260 et
828 2227 1030 2272 patriarcha
1056 2229 1340 2260 Cantacuzenum
1369 2228 1413 2260 ad
1439 2233 1615 2261 extremas
1643 2227 1712 2260 mi-

282 2274 392 2305 serias
420 2272 683 2313 devolvissent,
717 2285 823 2320 quem
857 2276 935 2307 iure
960 2279 1144 2319 oporteret
1171 2286 1255 2318 prae
1281 2275 1362 2306 aliis
1388 2285 1565 2308 summum
1587 2279 1712 2308 tenere

280 2321 487 2363 imperium,
514 2320 579 2352 illo
605 2325 724 2354 autem
750 2327 912 2365 tempore
937 2321 983 2354 ob
1003 2321 1179 2361 timorem,
1205 2332 1277 2364 quo
1302 2320 1556 2358 obsidebatur,
1581 2321 1712 2354 clarius

283 2365 373 2410 quid
398 2366 579 2399 communi
613 2377 653 2399 ac
687 2367 757 2400 sibi
793 2368 961 2411 privatim
984 2373 1106 2411 posset
1129 2367 1351 2408 conducere,
1389 2364 1712 2407 animadverteret,

280 2412 361 2455 ‘ipse
386 2411 573 2453 similiter,
598 2413 744 2457 quando
772 2413 862 2447 haec
894 2413 970 2446 ‘una
1007 2419 1044 2447 et
1076 2414 1151 2446 sola
1181 2415 1238 2446 via
1265 2425 1285 2447 e
1310 2415 1432 2447 multis
1459 2414 1562 2447 malis
1592 2423 1711 2446 emcr-

282 2457 391 2501 gendi
424 2458 710 2504 relinqueretur,
744 2459 789 2493 de
824 2461 1039 2503 imperatore
1067 2459 1105 2492 in
1130 2458 1255 2493 urbem
1289 2460 1497 2506 recipiendo
1532 2460 1712 2504 cogitavit.

283 2505 331 2536 Ut
364 2514 471 2547 porro
496 2505 659 2549 accepit,
684 2507 847 2549 Zyracem
872 2505 995 2539 eadem
1025 2507 1172 2547 moliri,
1198 2518 1275 2539 cum
1302 2518 1344 2539 eo
1370 2507 1567 2540 collocutus
1594 2513 1630 2539 et
1666 2505 1712 2540 de

283 2549 430 2583 civitate
456 2551 680 2585 concorditer
703 2554 909 2596 imperatori
937 2552 1100 2586 dedenda
1123 2560 1247 2598 pactus
1272 2559 1348 2597 est3
1375 2555 1432 2587 cui
1457 2553 1576 2587 denuo
1601 2553 1714 2597 signi-

285 2596 462 2636 ficarunt,
497 2600 604 2631 etiam
629 2598 879 2635 Phaceolatum
922 2599 967 2633 ad
991 2601 1104 2644 ipsius
1129 2601 1282 2644 partium
1309 2599 1489 2634 studiosos
1513 2600 1712 2634 accessisse.

284 2643 332 2675 Ut
359 2648 477 2675 autem
513 2653 532 2675 e
569 2645 750 2687 primariis
784 2648 988 2692 quempiam
1031 2646 1075 2679 ad
1099 2658 1180 2680 eum
1206 2648 1302 2680 mitti
1328 2657 1473 2680 necesse
1507 2647 1598 2687 fuit,
1633 2655 1713 2678 cum

285 2699 358 2733 quo
383 2689 427 2722 de
452 2694 614 2733 tempore
638 2691 913 2732 decerneretur,
939 2704 1012 2738 quo
1051 2693 1211 2733 veniret,
1253 2694 1396 2739 ipsique
1432 2694 1559 2726 urbem
1596 2692 1712 2727 trade-

287 2739 390 2777 rent,
415 2735 588 2780 placitum
615 2742 692 2780 est,
719 2750 756 2774 re
784 2739 1180 2781 considerata,mittere
1206 2739 1383 2786 quendam
1410 2740 1555 2774 nomine
1580 2739 1713 2773 Micro-
