1800 3132
517 181 900 225 HISTORIARUM
942 182 1014 221 111.
1044 185 1114 225 12.
1463 172 1534 232 79

85 290 347 342 καινοτομίαν
384 284 459 329 καὶ
491 284 551 341 μὴ
579 286 755 327 τοιαῦτα
797 282 1073 336 συνεβούλευε
1101 285 1255 332 ποιεῖν,
1302 276 1409 322 ἀλλὰ
1447 280 1729 327 wigmanni

85 357 303 411 προτέροις
340 351 482 395 ἔθεσιν
521 352 726 404 ἐμμένειν.
797 350 837 390 εἰ
875 350 923 390 δὲ
958 347 1017 404 μὴ
1048 347 1287 400 πείθοιντο,
1316 346 1536 401 ἠπείλησεν

86 420 310 465 ἆπελάσειν
350 417 453 475 πρὸς
497 415 643 473 ὀργὴν.
711 417 867 470 δεῆσαν
908 416 954 456 δὲ
1004 409 1131 462 αὖθις
1169 413 1277 471 ἵππῳ
1313 413 1535 466 ἐπιβῆναι,

85 489 247 530 ἐκέλευε
281 486 354 540 τῆς
389 486 523 539 πύλης
557 479 676 536 ἄγειν
703 479 806 529 ἔξω·
863 476 952 522 εἶτα
980 478 1146 534 παριών
1171 478 1244 534 την
1272 476 1404 533 αὐλὴν
1431 478 1536 534 πεζῇ

59 555 274 607 5ἐπέβαινε
311 548 413 607 πρὸς
449 551 500 607 τῇ
536 549 662 605 πύλῃ.
736 544 838 602 ὅπερ
880 546 918 588 οἱ
958 545 1033 602 τὴν
1072 544 1343 599 καινοτομίαν
1370 542 1569 594 ἰδόντες-(Ξ

84 619 348 673 εἰργασμένοι
402 615 476 658 καί
515 611 849 669 καταπτήξαντες
875 612 953 668 τήν
982 609 1159 666 ἀπειλὴν
1169 644 1182 664 ,
1227 612 1418 664 ἐνέμενον
1449 616 1538 658 τοῖς

83 685 319 739 προτέροις,
357 683 489 737 μηδὲν
529 678 672 722 καινὸν
690 712 703 734 ,
731 678 837 734 μήτε
866 675 1155 731 διανοούμενοι
1165 709 1179 731 ,
1208 675 1313 732 μήτε
1343 676 1539 733 πράττειν

84 749 371 804 ὑπομένοντες,
397 748 496 803 μήτ’
521 750 694 800 ἐκεῖνοι,
724 744 831 801 μήθ’
861 746 1000 801 ἕτεροί
1019 760 1140 794 τινες.

196 812 262 868 ιβ’.
313 813 415 856 Ἳ’πὸ
447 816 493 856 δὲ
521 811 591 856 τὸν
620 811 752 855 αὐτὸν
777 809 932 868 χρόνον
959 811 1033 853 καί
1060 810 1081 852 ὅ
1111 812 1196 852 τῶν
1222 810 1441 864 Τριβαλῶν
1462 802 1540 863 ἄρα

37 897 173 936 ιοχων
195 882 405 937 Στέφανος
445 877 466 921 ὅ
506 878 685 935 Κροίλης
714 878 791 928 τοὶς
826 876 932 934 πρὸς
958 879 1137 931 βασιλέα
1165 874 1297 925 λύσας
1323 873 1572 927 σπονδὰς,ῐ)

84 949 178 990 ἐπεὶ
215 944 395 988 ἐπύθετο
435 943 728 999 ἀποθανόντα,
766 941 840 999 τήν
883 959 926 986 τε
965 938 1094 998 ἄλλην
1133 943 1275 985 πᾶσαν
1303 943 1539 997 κατέδραμε

84 1014 356 1056 ΖΙΙακεδονιάν
394 1009 656 1067 ληϊζόμενος,
700 1010 775 1053 καὶ
815 1011 1120 1064 Θεσσαλονίκην
1147 1007 1393 1066 παρελθών,
1436 1003 1540 1062 ἄχρι

82 1082 244 1135 χωρίου
286 1074 392 1134 ἦλθε
430 1080 507 1120 τοῦ
545 1079 960 1133 προσαγορευομένου
1006 1079 1089 1119 τῶν
1130 1079 1326 1131 Κρητῶν.
1394 1074 1540 1117 ἔπειτα

86 1146 354 1201 α’νέστρεφεν,
384 1140 434 1186 ού
467 1142 624 1199 πολλὴν
655 1146 772 1186 λείαν
802 1144 1057 1198 ἐπαγόμενος
1086 1142 1158 1185 διὰ
1187 1142 1250 1196 τὸ,
1280 1144 1542 1198 μηνυθείσης

33 1213 155 1268 ιότῆς
182 1211 359 1268 ἐφόδου,
400 1210 601 1267 πρότερον
646 1216 738 1259 ταῖς
766 1209 912 1252 πόλεσι
938 1207 1013 1251 καί
1036 1214 1120 1259 τοῖς
1149 1211 1369 1265 φρουρίοις
1403 1204 1453 1254 τά
1493 1222 1539 1248 τε

84 1275 328 1332 βοσκήματα
366 1275 439 1318 καί
469 1275 568 1325 τοὺς
611 1273 863 1331 ἀνθρώπους
895 1276 1318 1329 ἐγκατακλεισθῆναι.
1372 1274 1464 1316 ἐπεὶ
1490 1274 1540 1315 δὲ

83 1343 297 1399 ἠγγέλλετο
318 1343 418 1397 περὶ
436 1339 597 1384 τούτων
613 1343 672 1400 τῷ
691 1341 860 1398 μεγάλῳ
881 1342 1112 1398 δομεστίκῳ
1126 1373 1138 1393 ,
1167 1340 1388 1394 ἐκκλησίαν
1409 1356 1539 1381 ‹tvva—

85 1412 292 1465 θροιῖῑας,
337 1406 579 1463 ἐβουλεύετο
623 1406 732 1462 μετὰ
775 1409 859 1450 τῶν
896 1408 942 1449 ἐν
979 1407 1092 1448 τέλει
1119 1407 1194 1447 καί
1216 1407 1298 1447 τῶν
1324 1403 1539 1460 ἡγεμόνων

85 1478 165 1532 τῆς
202 1477 428 1531 στρατιᾶς,
460 1471 509 1528 ὅ,
537 1490 579 1516 τι
622 1475 711 1516 δέοι
739 1479 872 1515 ποιεῖν
899 1471 1006 1529 πρὸς
1032 1471 1107 1527 τήν
1132 1469 1288 1528 ἔφοδον
1315 1474 1399 1514 τῶν
1435 1476 1537 1527 Τρι-

33 1542 240 1596 αοβαλῶν.
296 1538 335 1581 οἱ
362 1542 441 1594 μὲν
468 1535 541 1582 οὖν
571 1535 648 1593 ὅ,τι
676 1539 849 1588 ἕκαστος
867 1537 1004 1582 ἐδόκει
1037 1542 1265 1581 λυσιτελεῖν
1291 1537 1535 1592 ἐβουλεύετο
1547 1541 1582 1575 P·
1595 1542 1662 1587 387

87 1605 194 1662 πρὸς
233 1604 286 1647 τοὶ
327 1604 526 1660 παρόντα.
590 1608 650 1662 τῷ
674 1604 840 1663 μεγάλῳ
870 1606 917 1647 δὲ
946 1606 1174 1662 δομεστίκῳ
1203 1602 1249 1646 τὸ
1279 1601 1385 1660 πρὸς
1413 1604 1540 1659 Κρά-

86 1675 164 1726 λην
206 1670 584 1714 ἀντικαθίστασθαι
625 1671 810 1724 ταχέως,
853 1669 908 1712 ἵν’
944 1666 973 1725 ἢ
1001 1672 1189 1712 πείθοιεν
1221 1668 1436 1725 αἱρεῖσθαι
1462 1670 1538 1725 τὴν

303 1731 323 1748 Ἃ

85 1736 255 1794 εἰρήνην
295 1754 321 1791 η
359 1737 659 1793 θρασυνομένῳ
688 1740 934 1789 πολεμοῖεν,
979 1736 1128 1777 δοκοῦν
1154 1736 1239 1778 τῶν
1268 1735 1535 1792 ἀναγκαίων,

172 1834 223 1868 13.
249 1833 326 1867 τῶν
348 1841 416 1864 om.
442 1831 478 1867 P.

87 1911 135 1945 de
158 1911 245 1945 facti
272 1911 435 1944 novitate
463 1910 721 1955 reprehendit,
749 1922 919 1951 monens,
943 1922 990 1945 ne
1015 1911 1106 1956 quid
1130 1912 1248 1945 simile
1271 1911 1442 1957 posthae,
1471 1911 1534 1946 3cd

86 1959 274 2004 antiquam
302 1957 600 1991 consuetudinem
627 1958 841 1996 retinerent.
885 1958 932 1991 Ni
958 1958 1164 2000 obedirent,
1189 1970 1228 1992 se
1249 1960 1332 1993 illos
1356 1971 1435 1992 eum
1460 1965 1535 1992 sto-

29 2008 34 2021 ·”
89 2005 216 2039 macho
254 2004 493 2049 repulsurum.
556 2006 649 2038 Cum
681 2004 719 2037 in
761 2015 895 2049 equum
933 2017 1071 2039 rursum
1105 2005 1298 2039 ascendere
1335 2012 1534 2051 oporteret,

88 2053 196 2085 iussit
233 2063 315 2085 eum
353 2056 451 2084 extra
487 2056 627 2096 portam
678 2051 806 2091 educi,
839 2064 880 2085 ac
912 2064 978 2097 per
1006 2052 1125 2084 aulam
1163 2054 1367 2093 transiens,
1395 2053 1533 2086 ibidem

87 2098 262 2132 ascendit.
312 2097 352 2131 Id
375 2100 440 2131 alii
465 2099 724 2143 adspicientes,
758 2099 822 2143 qui
861 2100 1062 2132 novitatem
1086 2105 1327 2145 usurparant,
1362 2106 1399 2133 et
1427 2101 1536 2133 minis

87 2145 273 2190 perterriti
298 2170 308 2186 ‚
333 2156 467 2178 morem
494 2145 686 2189 pristinum
711 2147 969 2187 retinuerunt,
994 2150 1032 2179 et
1058 2156 1178 2192 neque
1208 2147 1303 2191 ipsi,
1328 2157 1448 2192 neque
1470 2146 1536 2180 alii

86 2192 244 2238 amplius
269 2192 455 2237 quippiam
478 2192 648 2226 novi-vel
676 2193 831 2235 cogitare
855 2193 914 2225 vel
942 2193 1059 2226 facere
1085 2194 1346 2226 sustinuerunt.

186 2250 238 2273 ια.
285 2239 360 2272 Sub
395 2238 491 2272 idem
527 2243 668 2284 ternpus
708 2239 819 2272 etiam
844 2239 1092 2273 Triballorum
1124 2241 1291 2286 princeps
1329 2239 1535 2284 Stephanus

89 2285 227 2326 Crales,
255 2284 380 2319 audito
405 2285 660 2330 imperatorem
685 2286 824 2319 obiisse
841 2312 851 2327 ,
884 2286 1014 2320 foedus
1047 2286 1155 2322 solvit
1187 2294 1224 2321 et
1249 2298 1330 2320 cum
1356 2287 1534 2333 reliquam

85 2332 339 2366 Macedoniam
364 2341 519 2365 ,omnem
556 2332 840 2377 populabundus
876 2334 1093 2374 incursavit‚
1124 2339 1202 2366 tum
1238 2334 1534 2367 Thessalonicam

85 2389 196 2424 porro
219 2378 373 2418 vadens,
398 2379 443 2412 ad
468 2380 586 2412 iocum
603 2405 613 2420 ‚
638 2379 701 2425 qui
726 2381 954 2414 Cretensium
982 2381 1140 2421 dicitur,
1166 2381 1342 2425 pervenit.
1390 2381 1536 2416 Deinde

87 2437 169 2458 cum
194 2425 328 2470 praeda
354 2424 451 2459 haud
476 2427 596 2471 opima
616 2436 779 2459 reversus
804 2433 878 2467 est,
917 2433 1109 2472 propterea
1135 2427 1234 2472 quod
1265 2428 1343 2460 eius
1374 2426 1532 2461 adventu

85 2471 187 2516 prius
212 2473 399 2513 nuntiato,
431 2477 587 2518 agrestes
615 2483 652 2506 se
676 2484 756 2506 eum
781 2484 910 2519 pecore
933 2473 1086 2507 urbibus
1112 2474 1341 2519 castellisque
1373 2475 1531 2508 incluse-

86 2524 180 2553 rant.
229 2518 373 2564 Quibus
399 2519 444 2552 ad
463 2531 501 2553 se
525 2519 695 2565 perlatis,
732 2531 881 2564 magnus
916 2521 1156 2562 domesticus,
1191 2521 1346 2554 concilio
1370 2522 1534 2566 optima-

86 2569 166 2599 tum
191 2571 228 2599 et
267 2565 398 2598 ducum
434 2567 612 2600 exercitus
650 2573 863 2608 convocato,
908 2567 998 2613 quid
1029 2572 1153 2601 contra
1189 2567 1434 2602 Triballorum
1466 2570 1536 2601 im—

86 2613 310 2657 pressionem
335 2612 590 2656 inceptandum
617 2619 730 2654 esset,
770 2615 959 2660 quaesivit.
1010 2614 1143 2646 Eorum
1173 2616 1423 2661 unusquisque
1448 2627 1535 2648 scn-

87 2661 261 2697 tentiam‚
310 2669 417 2704 quam
454 2661 597 2705 putavit
641 2660 686 2693 ad
722 2666 863 2705 tempus
897 2661 1140 2701 commodam,
1179 2660 1282 2695 (lixit.
1344 2662 1415 2695 Sed
1451 2673 1531 2695 cum

86 2716 216 2750 magno
242 2705 439 2738 domestico
468 2707 707 2739 necessarium
734 2707 941 2748 videretur,
984 2708 1057 2740 cito
1082 2707 1180 2741 Crali
1204 2708 1462 2749 resistendum,
1492 2714 1532 2741 ut

88 2763 169 2784 euru
196 2753 250 2785 vel
279 2763 402 2797 pacem
430 2759 575 2797 cogeret
598 2754 785 2798 accipere,
821 2755 878 2787 vel
906 2766 985 2787 cum
1011 2753 1181 2788 audacius
1206 2755 1406 2799 refragante
1431 2756 1529 2788 bello

87 2798 317 2841 decerneret,
360 2800 476 2833 multo
502 2804 620 2834 tamen
654 2801 765 2845 magis
799 2801 1039 2836 necessarium
1072 2803 1256 2849 magisque
1289 2803 1381 2838 utile
1412 2804 1528 2839 visum
