1800 3132
314 163 383 219 62
835 181 1202 228 CANTACUZENJ

116 288 208 324 A.c.
226 287 366 335 ¹34¹w<3
399 277 423 323 δ’
438 314 450 336 ,
483 297 527 323 τε
554 280 683 323 πολλὰ
711 282 1047 337 ἐπαγγειλάμενος
1077 286 1150 326 καί
1167 283 1189 326 ὅ
1206 286 1358 340 μηδὲν,
1392 286 1489 337 περὶ
1503 285 1585 327 τῶν
1604 286 1726 341 ἐπηγ-

306 348 511 405 γελμένων
547 345 622 401 τὴν
661 345 916 403 ἐκπλήρωσιν
950 347 1249 392 σπουδάσουσι.
1317 348 1390 405 τήν
1416 351 1494 403 μὲν
1520 344 1594 392 οὖν
1620 348 1726 406 tim}-

308 414 449 470 ρεσίαν
488 413 570 454 τῶν
609 411 804 454 τοιούτων
843 415 1060 469 ἐπιτρέπω.
1135 417 1182 457 σὲ
1221 416 1266 456 δὲ
1301 417 1374 457 καί
1404 413 1534 457 αὐτὸν
1563 413 1728 457 οἴεσθαι

307 479 532 533 προσῆκον,
562 476 619 532 μή
644 476 774 532 μικρά
799 494 889 520 τινα
917 481 988 521 καί
1015 476 1357 536 εὐκαταφρόνητα
1384 481 1596 534 μετιέναι,
1626 481 1724 536 μηδ’

306 539 373 586 οἷα
413 542 512 598 μήτε
559 544 818 596 διοικούμενα
850 548 1007 598 καλῶς,
1035 544 1187 600 πολλὴν
1215 544 1421 601 ὠφέλειαν
1446 550 1644 600 παρέχειν
1669 546 1751 604 τῷὄ

300 612 448 665 κοινῷ,
491 605 588 663 μήτ’
627 607 769 663 ἐπίσης
806 607 1027 663 βλάπτειν,
1067 606 1120 652 ἂν
1159 608 1362 667 ῥᾳθύμως
1391 612 1461 652 καί
1485 608 1725 666 πανούργως

300 674 576 729 πράττωνται.
643 670 742 728 ὅπερ
783 671 859 730 γάρ
907 676 994 716 ἐστι
1035 681 1118 723 τοῖς
1157 679 1379 724 πολιτικοῖς
1424 673 1662 730 πράγμασιν
1699 675 1724 717 ὅ

299 739 464 795 κριτὴς,
505 740 622 781 τοῦτο
653 745 739 787 τοῖς
768 741 979 794 δημοσίοις
1005 741 1164 782 δύναιτ’
1192 737 1283 782 ἂνὸ
1311 739 1518 795 ἐξισωτής.
1571 741 1723 791 ἐκεῖνος
1780 771 1783 773 -

297 821 344 847 τε
375 802 454 860 γάρ
486 802 681 857 εὐνομίαν
707 810 795 854 ταῖς
819 804 960 846 πόλεσι
987 805 1316 861 παρασκευάζει,
1356 806 1524 854 δικαίως
1552 807 1722 848 διαιτῶν

298 871 371 911 καί
395 876 480 919 τοῖς
503 869 641 922 νόμοις
666 872 888 912 πείθεσθαι
916 868 1244 924 καταναγκάζων,
1271 870 1344 912 καί
1369 865 1513 923 οὗτος,
1551 867 1602 912 ἂν
1627 872 1774 916 ἐθέ-ιο

303 940 352 993 λῃ
382 934 433 976 τά
464 936 605 976 δίκαια
633 942 764 977 ποιεῖν
791 935 864 976 καί
889 935 940 977 τά
968 937 1256 978 λυσιτελοῦντα
1284 938 1340 993 τῷ
1367 939 1509 994 κοινῷ,
1541 938 1621 978 τῶν
1645 938 1722 990 μὲν

176 1004 215 1041 Ρ.
229 1005 293 1050 357
307 1000 600 1057 ἀφαιρήσεται,
640 996 691 1042 ἂν
711 1002 833 1042 πλέον
858 1003 1095 1056 καρπῶνται
1119 1003 1192 1042 τοῦ
1213 1003 1374 1043 δικαίου
1390 1033 1402 1055 ,
1436 1006 1520 1050 τοῖς
1538 1002 1584 1042 δὲ
1603 998 1721 1044 ἔλατ-

292 1082 361 1110 τον
396 1064 543 1120 ἔχουσι
582 1065 803 1120 προσθείς,
834 1066 1077 1122 προθύμους
1103 1065 1209 1121 πρὸς
1240 1065 1314 1116 τὰς
1341 1068 1559 1122 στρατείας
1585 1083 1721 1121 παρα-

291 1127 487 1174 σκεύασει
530 1129 683 1180 πάντας
720 1131 792 1174 καί
819 1130 1097 1187 φυλάττοντας
1123 1131 1196 1187 τήν
1223 1130 1337 1182 τάξιν
1356 1134 1429 1173 καί
1452 1134 1720 1185 πειθομένους

291 1193 440 1252 ἄριστα
476 1201 562 1245 τοῖς
603 1203 853 1253 στρατηγοῖς.
920 1196 976 1247 ὥς
1015 1193 1088 1240 οὖν
1115 1196 1276 1253 μεγάλα
1305 1199 1622 1250 πεπιστευμένος
1648 1199 1771 1242 καίιό

289 1261 342 1305 τοὶ
370 1264 542 1317 μέγιστα
571 1263 890 1317 συμβαλλόμενοι
917 1261 1021 1320 πρὸς
1046 1263 1120 1319 τὴν
1149 1265 1349 1319 διοίκησιν
1375 1264 1456 1305 τῶν
1485 1259 1615 1316 ὅλων,
1646 1258 1718 1304 οὕ-

289 1345 346 1371 τω
381 1327 465 1384 χρὴ
510 1330 582 1370 καί
621 1332 843 1371 πεπεῖσθαι
881 1331 952 1370 καί
986 1330 1278 1386 προσήκουσαν
1305 1327 1491 1383 σπουδὴν
1521 1329 1594 1370 καί
1617 1344 1716 1382 προ-

289 1396 449 1448 θυμίαν
478 1395 789 1436 ἐπιδείκνυσθαι
814 1394 886 1436 ε’πί
919 1401 1002 1443 τοῖς
1040 1394 1209 1450 ἔργοις.”
1270 1396 1440 1436 τοιαῦτα
1465 1395 1543 1447 μὲν
1570 1394 1716 1448 διῆλθε

252 1458 393 1515 Βπρὸς
421 1455 566 1513 αύτόν,
603 1456 823 1514 άπολογιάν
851 1460 1092 1514 ποιούμενος
1117 1463 1181 1516 ἐφ’
1209 1457 1268 1509 οἷς
1288 1460 1418 1514 ἠξίου.
1472 1457 1612 1500 ἔπειτα
1631 1459 1714 1499 τῶν

284 1524 514 1580 χρημάτων
541 1525 790 1567 ἐπυνθάνετο
821 1523 891 1567 τὸν
923 1525 1106 1581 ἀριθμὸν
1132 1523 1278 1574 ὁπόσος
1306 1523 1380 1579 εἴη.
1435 1526 1506 1565 τοῦ
1534 1525 1579 1566 δὲ
1608 1524 1767 1565 ἄπο-20

285 1592 553 1645 κριναμένου,
592 1593 773 1646 χρυσίου
813 1593 890 1644 μὲν
928 1587 1034 1632 εἶναι
1075 1589 1287 1646 μυριάδας
1324 1591 1449 1643 δέκα,
1479 1585 1629 1631 ἔπιπλά
1669 1604 1713 1630 τε

285 1657 358 1697 καί
383 1653 524 1710 σκεύη,
553 1657 598 1696 ἐκ
627 1657 793 1711 χρυσοῦ
819 1659 1072 1711 πεποιημένα
1095 1658 1165 1697 καί
1193 1652 1403 1711 οἷργύρου,
1434 1657 1620 1710 χρυσίων
1647 1669 1712 1695 τε-

286 1721 599 1777 τρακισμυρίων
630 1717 754 1775 ἄξια,
798 1723 871 1762 καί
906 1724 1039 1763 ταῦτα
1066 1722 1252 1777 φαμένου
1281 1721 1415 1761 πάντα
1444 1719 1489 1761 τὸ
1511 1721 1584 1762 νῦν
1614 1717 1711 1772 ἔχον

148 1794 190 1828 V.
208 1783 454 1840 ὃοδέτοίμως
483 1787 698 1829 ἐπιδοῦναι
724 1786 861 1842 ἔχειν,
891 1788 973 1829 τῶν
1002 1788 1166 1829 οἰκετῶν
1192 1783 1575 1840 μετακαλεσάμενος
1599 1800 1705 1835 τινα,

280 1936 431 1980 implere
456 1935 652 1968 enituntur.
699 1935 799 1970 Hanc
831 1935 939 1981 igitur
963 1935 1184 1978 provinciam
1213 1932 1283 1967 tibi
1316 1933 1475 1978 iniungo.
1525 1933 1578 1966 Te
1615 1944 1708 1978 quo-

281 1994 352 2028 que
377 1994 439 2027 par
467 1987 521 2015 est
544 1981 767 2023 existimare,
803 1993 878 2015 non
909 1991 1015 2026 parva
1042 1980 1218 2026 quaedam
1243 1985 1280 2013 et
1305 1979 1540 2024 despicabilia
1568 1978 1630 2012 abs
1669 1984 1706 2012 te

280 2028 427 2062 tractari
452 2033 488 2061 et
512 2039 602 2074 quae
627 2039 709 2069 nec,
746 2030 776 2061 si
801 2028 913 2073 probe
932 2027 1132 2067 ‘curentuffi
1174 2028 1354 2060 communi
1376 2026 1565 2059 admodum
1591 2025 1705 2070 profi-

280 2075 396 2108 ciant:
422 2085 487 2108 nec
511 2084 585 2107 non
610 2074 758 2119 perinde
781 2079 954 2114 noceant,
979 2074 1009 2106 si
1035 2074 1189 2118 segniter
1212 2083 1252 2104 ac
1280 2073 1448 2117 nequiter
1471 2073 1569 2105 fiant.
1595 2071 1706 2117 Quod

277 2132 434 2166 namque
457 2121 496 2154 in
521 2131 558 2152 re
590 2121 737 2164 politica
768 2121 896 2159 iudex,
933 2119 1002 2152 hoc
1036 2121 1074 2153 in
1111 2119 1265 2164 publicis
1302 2118 1492 2163 stipendiis
1524 2124 1704 2162 praestare

277 2167 394 2213 possit
419 2172 646 2212 exaequator.
696 2167 837 2200 Etenim
872 2171 908 2200 et
942 2166 1003 2199 ille
1036 2177 1080 2198 ex
1110 2166 1292 2210 aequitate
1328 2164 1487 2198 arbitriis
1530 2163 1703 2198 faciendis

278 2219 317 2247 et
344 2213 389 2247 ad
413 2214 529 2258 legum
555 2212 799 2246 obedientiam
827 2212 998 2257 cogendo,
1023 2211 1156 2245 bonum
1182 2211 1337 2244 civitatis
1366 2216 1496 2244 statum
1520 2210 1703 2251 conciliat,

280 2265 318 2293 et
339 2259 421 2299 hic,
440 2260 470 2291 si
497 2259 610 2292 iustus
637 2270 712 2292 esse
738 2260 988 2304 communique
1015 2258 1237 2291 commodare
1261 2258 1372 2299 velit,
1398 2257 1486 2290 alios
1516 2257 1700 2302 spoliabit,

278 2306 311 2337 si
337 2306 430 2338 ultra
455 2306 590 2339 iustum
614 2304 747 2339 fructus
773 2307 996 2350 percipiant,
1027 2305 1107 2338 aliis
1143 2306 1259 2337 minus
1283 2304 1503 2337 habentibus
1528 2304 1608 2348 plus
1632 2302 1701 2335 ad-

279 2352 360 2391 det,
385 2362 579 2397 omuesque
612 2351 656 2384 ad
686 2351 912 2386 militandum
935 2357 1116 2395 promptos
1142 2355 1178 2384 et
1212 2349 1378 2383 ordinum
1409 2350 1637 2383 observantes
1663 2353 1701 2383 et

279 2397 432 2430 ducibus
458 2398 799 2445 obsequentissimos
825 2398 962 2432 reddet.
1021 2397 1116 2442 Quia
1140 2398 1249 2440 igitur
1272 2408 1477 2442 magnarum
1502 2402 1539 2430 et
1561 2395 1606 2429 ad
1631 2407 1699 2441 gu-

278 2443 529 2478 bernationem
554 2456 710 2478 summae
742 2445 793 2478 rei
819 2443 987 2489 publicae
1012 2445 1281 2477 utilissimarum
1313 2455 1430 2477 rerum
1459 2443 1531 2478 tibi
1562 2441 1697 2475 credita

279 2500 363 2523 cura
389 2496 461 2529 est,
487 2496 522 2523 te
549 2491 587 2524 id
610 2492 742 2524 sentire
767 2496 802 2524 et
825 2491 863 2524 in
889 2501 996 2534 opere
1020 2490 1234 2523 conveniens
1266 2490 1424 2523 studium
1457 2490 1696 2523 alacritatem-

278 2547 351 2582 que
376 2536 547 2570 adhibere
573 2543 723 2582 oportet.
770 2538 887 2582 Atque
917 2537 1005 2570 haec
1036 2536 1181 2582 quidem
1205 2535 1251 2567 ad
1282 2537 1358 2569 eius
1382 2536 1595 2582 petitionem
1618 2534 1695 2567 dis-

278 2583 392 2615 seruit
421 2592 462 2615 ac
493 2584 694 2628 respondit:
729 2589 833 2628 post,
868 2588 1040 2630 quantum
1065 2588 1158 2616 esset
1181 2583 1375 2626 pecuniae,
1408 2582 1596 2628 quaesivit.
1641 2581 1694 2614 Eo

277 2628 539 2673 respondente,
582 2640 768 2663 aureorum
796 2635 937 2664 centum
968 2629 1100 2669 millia,
1137 2629 1397 2672 supellectilem
1433 2640 1514 2662 vero
1546 2632 1582 2661 et
1611 2636 1694 2660 vasa

278 2685 322 2708 ex
345 2686 431 2708 auro
462 2681 680 2721 argentoque
706 2676 940 2723 quadraginta
963 2675 1124 2708 millibus
1149 2675 1356 2716 aestimata,
1397 2684 1489 2720 quae
1513 2673 1630 2708 omnia
1654 2673 1693 2706 in

276 2731 444 2765 praesens
475 2721 606 2755 donare
632 2728 773 2766 paratus
797 2723 867 2765 sit,
894 2721 1048 2769 quodam
1072 2721 1286 2755 famulorum
1310 2721 1441 2762 accito,
1477 2720 1538 2753 abi
1562 2719 1691 2764 igitur,

277 2768 420 2815 inquit,
445 2773 481 2802 et
504 2767 589 2802 huic
614 2768 659 2802 da
682 2768 826 2804 isthaec.
876 2768 949 2815 Qui
977 2778 1055 2802 cum
1089 2768 1166 2802 sine
1190 2779 1288 2804 mora
1312 2767 1447 2809 abiret,
1469 2768 1574 2813 *iussa
1607 2774 1692 2798 con-
