1800 3132
280 173 350 228 58
814 191 1181 234 CANTACUZENJ

82 300 162 336 ΑΕ.
182 291 418 346 ι34ιδικαία
455 287 583 343 εἶναι,
625 288 845 346 τριάκοντα
889 297 1134 349 παρείχοντο
1160 293 1310 342 αὕτοῖς
1337 292 1515 348 ἡμέραι,
1562 296 1608 336 ἐν
1636 292 1703 344 αἶς

275 358 359 401 ἔδει
388 356 779 412 ἑπαναστρέψαντας
822 354 850 412 ἢ
885 357 959 413 τήν
996 355 1128 399 οὖσαν
1158 357 1325 413 εἰρήνην
1354 361 1617 413 ἐπιβεβαιοῦν
1635 360 1706 402 καὶ

235 422 350 471 cwig
377 420 581 473 σπονδὰς,
626 417 654 476 ἢ
682 421 860 475 πόλεμον
886 423 1187 477 καταγγέλλειν.
1244 424 1281 464 οὶ
1309 425 1386 476 μὲν
1415 419 1487 465 οὖν
1508 422 1704 476 Ἀλεξάν-

276 491 378 543 δρου
416 489 610 543 πρέσβεις
664 485 860 536 τοιαύτας
898 488 1131 542 ἀποκρίσεις
1168 487 1282 543 παρὰ
1315 491 1391 530 τοῦ
1425 488 1605 543 μεγάλου
1637 493 1705 531 δε-

274 552 442 606 ξάμενοι
469 550 737 606 δομεστίκου,
782 552 886 607 πρὸς
919 551 992 607 τὴν
1021 555 1174 594 οἰκείαν
1201 555 1415 609 ἐπανῆκον.
1469 556 1633 608 βασιλίς
1659 553 1738 599 (555²

274 617 347 660 καί
383 617 410 672 ἦ
448 617 670 671 σύγκλητος
706 619 842 670 πᾶσα,
887 615 1128 669 ἐθαύμαζόν
1169 634 1212 659 τε
1249 621 1322 671 τῆς
1349 620 1552 668 συνέσεως
1578 618 1707 662 αὕτὸν

274 686 348 726 καί
378 683 560 738 χάριτας
584 677 740 740 ᾔδεσαν
764 683 942 735 πολλὰς,
981 679 1045 724 ὅτι
1075 681 1148 732 οὓς
1176 685 1297 725 αὐτοί
1324 680 1553 739 αἶρ’ῥιόδουν
1579 686 1622 726 ἐν
1657 692 1709 743 τῇ

275 748 502 804 προτεραίᾳ
529 745 724 803 καὶπρὸς
741 746 813 796 οὓς
836 747 935 788 οὐδὲ
956 746 1177 800 ἀπολογίας
1191 743 1395 804 εὖπόρουν
1413 747 1707 804 εὐπροσώπου,

275 813 365 854 ἀλλ’
407 810 559 869 ἀπορίᾳ
588 811 791 854 πάντοθεν
820 814 1084 865 συνείχοντο,
1128 810 1298 860 τούτους
1327 809 1435 854 οὕτω
1464 815 1708 869 κατέστησεν

276 873 405 925 αὖτὸς
433 879 632 930 περιδεεῖς
651 909 662 930 ,
704 874 806 918 ὥστε
836 876 1120 930 α’,ιιελήσαντας
1146 879 1227 918 τῶν
1255 873 1390 918 ἄλλων
1418 879 1583 919 δεῖσθαι
1613 880 1760 934 περίιο

274 945 344 997 τῆς
374 945 654 997 προθεσμίας,
701 942 758 991 ὥς
785 943 885 997 περί
906 957 1014 990 τινος
1042 942 1280 996 ἀναγκαίου.
1334 941 1438 984 ἀλλὰ
1467 944 1600 985 ταῦτα
1630 944 1708 997 μὲν

281 1011 339 1057 εἰς
368 1009 573 1052 τοσοῦτον.

233 1089 264 1121 ι)
381 1073 430 1128 η’,
477 1072 526 1114 Ὁ
556 1073 684 1126 μέγας
713 1074 758 1114 δὲ
787 1073 1024 1126 δομέστικος
1054 1079 1138 1123 τοῖς
1175 1075 1253 1126 μὲν
1291 1073 1564 1131 στρατιώταις
1601 1073 1704 1116 κατὰ

136 1151 260 1196 ν.304
277 1140 416 1188 πόλεις
434 1139 593 1180 ἐκέλευε
615 1136 683 1179 διὰ
711 1135 967 1193 γραμμάτων
992 1138 1401 1194 παρασκευάζεσθαι,
1429 1141 1510 1193 ὥς,
1538 1137 1591 1196 ἢν
1619 1141 1706 1198 δέῃ,

276 1203 519 1260 πολεμήσων
556 1209 639 1252 τοῖς
676 1207 858 1253 Mvootg.
924 1202 1031 1259 ὃρῶν
1069 1205 1114 1246 δὲ
1142 1208 1194 1245 ου’
1220 1208 1297 1247 τοῦ
1320 1205 1548 1260 καταλόγου
1575 1204 1759 1260 μόνουιό

273 1273 348 1313 τοῦ
386 1271 681 1324 στρατιωτικοῦ
709 1269 909 1322 πολλοὺς,
949 1268 1054 1312 α’λλὰ
1083 1272 1158 1312 καί
1181 1272 1261 1312 τῶν
1287 1266 1422 1313 ἄλλων
1447 1273 1522 1313 ουίι
1550 1273 1712 1326 ὀλίγους

275 1333 483 1391 προφάσει
496 1337 569 1376 τοῦ
581 1333 641 1389 μὴ
655 1333 726 1384 τὰς
742 1333 855 1390 παρὰ
869 1337 1072 1388 βασιλέως
1087 1333 1242 1393 ἑκάστῳ
1258 1338 1501 1390 τεταγμένας
1512 1338 1711 1392 χορηγίας

277 1400 496 1456 ἀκεραίους
515 1397 648 1454 εἶναι,
677 1399 934 1442 παντάπασιν
964 1401 1216 1453 α’μελοῧντας
1247 1400 1350 1457 πρὸς
1381 1399 1458 1451 τὰς
1495 1403 1711 1458 στρατείας

149 1466 348 1522 Ρ.375και“
372 1467 446 1521 τῆς
475 1467 519 1516 ἐξ
547 1466 684 1507 αὐτῶν
711 1465 916 1521 ὠφελείας
944 1460 1277 1520 ἀποστεροῦντας
1305 1465 1350 1508 τὸ
1393 1465 1554 1519 κοινὸν,
1595 1467 1710 1509 ἐσκέ-

274 1546 411 1584 πτετο,
428 1527 527 1572 ὅθεν
546 1525 597 1572 ἂν
625 1531 801 1580 ἐκείνους
833 1546 875 1571 τε
902 1532 974 1584 τῆς
998 1529 1216 1586 πιεζούσης
1243 1531 1421 1586 ἀπορίας
1452 1526 1758 1584 ἆπαλλάξαι,οο

273 1595 318 1638 τὸ
350 1598 535 1637 ἐλλεῖπον
573 1592 731 1653 ἑκάστῳ
763 1593 865 1650 πρὸς
892 1593 965 1649 τήν
993 1597 1038 1636 ἐκ
1066 1595 1269 1648 βασιλέως
1297 1595 1495 1651 πρόνοιαν
1523 1596 1708 1651 α’ναπλη-

276 1659 437 1716 ρώσας,
475 1662 547 1701 καί
584 1659 707 1710 αὐτὸς
734 1661 875 1708 αὐτοῖς
901 1658 1005 1714 πρὸς
1034 1661 1125 1702 δέον
1152 1658 1360 1716 χρήσαιτο
1386 1658 1562 1718 ἑκάστῳ,
1603 1660 1712 1708 πάνυ·

277 1743 352 1775 τας
390 1725 493 1781 πρὸς
521 1725 567 1767 vd
605 1728 722 1782 κοινῇ
748 1727 988 1767 λυσιτελοῦν
1024 1725 1243 1776 ἀποδείξας
1270 1725 1624 1782 συνεισφέροντάς
1652 1743 1708 1768 τι.

276 1787 380 1833 οὕτω
412 1792 457 1832 δὲ
484 1789 582 1846 περὶ
607 1788 765 1833 τούτων
794 1791 906 1848 αὐτῷ
940 1791 1203 1846 φροντίζοντι
1230 1790 1335 1846 πρὸς
1361 1789 1534 1843 ἑαυτὸν,
1564 1787 1586 1831 ὅ
1606 1794 1707 1832 Πα-

352 1921 402 1945 ιο.
409 1911 641 1957 μελήσαντας
664 1911 697 1945 P.
763 1914 812 1946 16.
825 1911 956 1945 πολλοὶ
970 1915 1007 1945 et
1024 1910 1147 1955 ὀλίγοι
1162 1911 1196 1942 Ρ.
1256 1921 1309 1943 20.
1319 1911 1450 1948 πενίας
1459 1920 1524 1955 pro
1533 1908 1706 1956 «ἐπορΜ.

279 2006 376 2050 ginta
412 2004 590 2045 concessi,
630 2003 762 2049 quibus
798 2004 951 2043 reversi,
1005 2007 1067 2035 aut
1102 2013 1226 2048 pacem
1259 2008 1366 2036 antea
1401 2005 1635 2048 compositam
1671 2009 1709 2038 et

279 2052 407 2084 foedus
434 2052 700 2091 confirmarent,
727 2055 790 2082 aut
813 2061 909 2083 arma
942 2049 1208 2082 denuntiarent.
1256 2049 1462 2082 Istiusmodi
1496 2061 1705 2091 responsum

278 2110 299 2131 a
340 2108 465 2141 magno
512 2097 706 2130 domestico
738 2097 919 2135 serentes,
961 2096 1000 2128 in
1034 2095 1205 2128 Moesiam
1245 2096 1442 2133 redierunt,
1498 2097 1708 2141 imperatrix

277 2148 466 2189 totumque
499 2143 693 2176 concilium
738 2147 775 2174 et
805 2141 1032 2187 prudentiam
1065 2143 1140 2174 eius
1175 2142 1340 2175 admirati
1366 2146 1469 2182 sunt,
1503 2148 1539 2176 et
1576 2143 1706 2186 gratias

278 2191 407 2223 multas
432 2189 660 2229 habuerunt,
694 2187 792 2234 quod
815 2199 903 2233 quos
931 2187 1009 2220 heri
1032 2187 1242 2221 metuebant
1276 2188 1480 2234 quibusque
1518 2189 1607 2235 quid
1638 2188 1706 2222 ho-

277 2242 379 2269 neste
408 2235 683 2280 responderent,
714 2246 788 2268 non
813 2233 1006 2274 videbant,
1042 2245 1121 2266 cum
1145 2246 1215 2279 quo
1240 2246 1278 2267 se
1305 2239 1486 2268 verterent
1508 2236 1707 2276 nescirent,

279 2293 339 2314 eos
366 2283 428 2314 ille
456 2288 529 2315 tam
553 2281 804 2315 formidolosos
828 2280 1049 2325 redegisset,
1091 2286 1130 2313 ut
1162 2281 1333 2326 neglectis
1369 2280 1468 2321 aliis,
1504 2280 1600 2314 diem
1632 2293 1710 2314 am-

278 2328 477 2372 pliandum,
503 2328 602 2362 velut
617 2339 690 2361 rem
709 2328 954 2366 necessariam,
974 2331 1126 2359 orarent.
1155 2328 1226 2360 Sed
1250 2327 1294 2360 de
1310 2328 1366 2360 his
1385 2327 1518 2360 dictum
1538 2333 1592 2361 est
1608 2328 1706 2361 satis.

372 2376 402 2408 8.
451 2375 498 2407 At
521 2385 665 2419 magnus
687 2373 914 2412 domesticus,
937 2372 1052 2405 missis
1085 2372 1283 2417 oppidatim
1305 2373 1486 2418 epistolis,
1506 2379 1706 2407 *veteranos

279 2419 325 2452 ad
343 2419 479 2452 bellum
504 2432 583 2453 cum
606 2421 737 2454 Moesis
767 2419 982 2463 gerendum,
1020 2419 1083 2451 ubi
1107 2430 1252 2452 necesse
1285 2419 1418 2459 fuerit,
1455 2425 1600 2464 paratos
1628 2429 1706 2453 esse

278 2466 394 2499 iussit.
445 2466 514 2499 Sed
541 2478 620 2500 eum
640 2467 959 2504 animadverteret,
981 2475 1055 2497 non
1080 2467 1194 2498 solum
1217 2477 1259 2499 ex
1283 2466 1366 2498 albo
1391 2466 1537 2499 militari
1560 2466 1706 2506 multos,

277 2523 400 2545 verum
431 2513 538 2544 etiam
574 2513 618 2545 de
651 2514 731 2546 aliis
763 2512 982 2556 complures,
1023 2511 1173 2544 obtentu
1213 2511 1310 2556 quod
1343 2511 1524 2545 decretum
1552 2512 1705 2556 quisque

279 2556 324 2591 ab
359 2558 574 2602 imperatore
608 2559 825 2603 stipendium
859 2568 932 2589 non
963 2558 1099 2601 integre
1132 2560 1349 2601 perciperet,
1383 2558 1427 2590 ad
1455 2557 1705 2602 expeditiones

279 2614 405 2682 parurn
443 2610 624 2649 promptos
665 2611 701 2639 et
737 2617 808 2639 rem
834 2603 1012 2648 publicam
1046 2604 1195 2646 privari,
1240 2615 1327 2649 quas
1363 2604 1418 2637 illi
1453 2604 1706 2648 praestabant,

270 2671 276 2678 2
301 2651 616 2685 cmmoditatibus:
663 2663 733 2697 quo
757 2656 859 2696 pacto
891 2655 927 2683 et
951 2650 1170 2693 paupertatis
1201 2662 1260 2683 eos
1291 2661 1399 2683 onere
1434 2650 1589 2689 levaret,
1620 2660 1705 2693 sup-

279 2696 380 2741 pleto
406 2697 502 2741 quod
530 2698 659 2743 cuique
681 2698 727 2730 ad
752 2697 1009 2742 praescriptum
1030 2697 1254 2739 imperatoris
1283 2696 1429 2737 deerat,
1459 2701 1500 2729 et
1521 2697 1598 2739 ipse
1625 2696 1704 2728 sin-

280 2742 444 2785 gulorum
481 2754 587 2786 opera
622 2750 823 2787 opportune
861 2753 944 2776 usus
979 2741 1149 2782 efficeret,
1188 2748 1228 2775 ut
1259 2753 1382 2776 omnes
1410 2741 1456 2774 ad
1482 2750 1703 2775 communem

282 2787 436 2824 fructum
463 2789 600 2835 aliquid
630 2790 853 2830 conferrent,
884 2799 1001 2823 secum
1030 2788 1287 2822 considerabat.
1335 2789 1475 2823 Interea
1498 2787 1702 2831 Patriciota,
