1800 3138
306 170 323 203 1
339 152 409 223 76
838 166 1205 210 CANTACUZENI

95 278 188 317 A,c.
209 267 547 323 ι34ιγράμματα,
592 264 731 322 ῶσπερ
761 267 837 308 κᾶν
865 275 956 317 ταῖς
994 265 1137 318 ἄλλαις
1178 267 1322 311 πόλεσι
1357 268 1576 311 κελεύοντα
1616 272 1729 329 αὐτῷ

290 335 510 388 προσέχειν
536 329 616 386 ἤδη
645 336 815 385 βασιλεῖ
835 336 1109 391 γεγενημένῳ,
1138 334 1175 376 οἱ
1206 334 1378 376 δυνατοὶ
1402 337 1479 387 μὲν
1508 336 1589 377 τῶν
1609 340 1727 377 πολι-·

287 399 368 439 τῶν
390 399 580 447 ἐδέξαντο
604 396 832 451 προθύμως
848 400 932 440 καί
955 401 1143 441 ἐκέλευον
1181 398 1234 440 τά
1262 397 1490 454 γράμματα
1522 398 1733 453 ἆναγινώ-,

287 466 462 505 σκεσθαι
482 462 546 502 ἐπ’
567 462 794 514 ἐκκλησίας.
823 461 845 502 ὁ
875 464 1002 517 δῆμος
1025 465 1071 506 δὲ
1102 463 1152 504 οὕ
1154 481 1184 517 χ
1215 465 1346 518 ἡδέως
1374 461 1483 517 εἶχε,
1511 466 1582 506 καί
1609 466 1726 518 δῆλοι

287 524 395 582 ἦσαν
425 527 479 575 ῶς
516 529 840 581 νεωτερίσοντες·
887 527 925 569 οἱ
953 530 999 570 δέ
1032 545 1138 577 τινες
1165 531 1302 570 αὐτῶν
1339 532 1410 570 καί
1437 531 1626 583 φανερῶς
1653 529 1751 572 οἷν-5

160 609 275 654 [442
289 597 439 636 τεῖπον.
482 589 555 640 οὕς
579 588 831 645 ἀπήλαυνον
866 591 970 647 πρὸς
998 592 1124 647 ὀργὴν
1152 592 1190 635 οἱ
1230 595 1396 634 δυνατοί
1423 593 1471 634 οὗ
1501 594 1727 648 λοιδορίαις

289 657 434 710 μόνον,
470 655 576 698 οἷλλοὶ
620 658 691 697 καί
728 655 895 711 μάστιγι
925 656 1195 711 χρησάμενοι.
1238 657 1275 698 οἱ
1317 660 1362 699 δὲ
1389 659 1499 715 τέως1
1516 659 1593 710 μὲν
1621 656 1727 714 πρὸς

152 734 193 766 V.
210 733 271 778 357
288 722 364 778 τὴν
395 720 519 776 ὕβριν
557 724 636 764 τῶν
673 724 857 764 δυνατῶν
898 723 1216 776 διεκαρτέρουν,
1258 720 1432 771 δεδιότες
1471 738 1516 764 τε
1558 724 1725 771 αὐτοὺς

290 789 363 829 οὐκ
392 788 552 841 ὀλίγους
578 782 725 839 ὄντας,
754 788 825 828 καί
852 789 1107 841 δημαγωγῶν
1141 784 1215 827 οὖκ
1245 782 1374 828 ὄντων
1414 786 1500 840 ἔτι,
1552 787 1594 830 οἲ
1621 785 1726 843 πρὸς

290 851 418 908 ὄργην
448 853 767 906 διερεθίσουσιν.
812 851 902 893 ἐπεὶ
942 854 987 892 δὲ
1017 853 1225 906 ἐπεγένετο
1259 852 1284 906 ἦ
1323 850 1418 904 νύξ,
1460 854 1625 907 Βράνος
1661 867 1776 902 τιςιο

291 914 477 969 τοῦνομα
511 918 585 957 τοῦ
625 916 759 970 δήμου
781 912 870 967 εἷς,
919 917 1107 972 σκαπάνῃ
1145 918 1359 971 προσέχων
1398 916 1470 958 καί
1502 919 1628 972 χερσί
1653 916 1727 960 καί

289 982 496 1036 γλισχρως
527 982 571 1022 ἐκ
598 979 752 1022 τούτων
777 978 1042 1036 ποριζόμενος
1066 982 1136 1023 τὸν
1163 984 1254 1030 βίον
1270 1014 1279 1030 ,
1312 982 1384 1022 καί
1405 982 1478 1022 δύο
1503 987 1725 1037 προσεται-

290 1044 516 1102 ρισάμενός
542 1061 655 1093 τινας
683 1043 848 1101 ἑτέρους
863 1079 874 1098 ,
919 1046 962 1086 οἲ
986 1045 1277 1101 Μουγδουφης
1304 1048 1377 1087 καί
1405 1045 1724 1100 Φραγγόπουλος

289 1108 664 1167 προσηγορεύοντο,
696 1112 842 1160 νυκτός
864 1126 908 1151 τε
936 1114 1016 1152 τῶν
1035 1113 1222 1166 δημοτῶν
1249 1109 1322 1159 τὰς
1343 1111 1473 1159 οἰκίας
1498 1111 1727 1166 περιιόντες

289 1177 362 1218 καί
387 1178 603 1223 πείσαντες
622 1175 679 1230 μὴ
708 1174 933 1231 ῥᾳθυμεῖν,
964 1177 1049 1216 ἀλλ’
1079 1176 1382 1217 ἐπανίστασθαι
1408 1182 1492 1224 τοῖς
1520 1178 1776 1228 &wama-,15

289 1240 344 1289 ῶς
374 1242 448 1281 ov'x
475 1238 804 1293 ἀπαλλαξόμενοι
841 1238 967 1293 μόνον
999 1243 1072 1295 τῆς
1099 1238 1261 1295 ὕβρεως
1293 1242 1475 1292 ἐκείνων,
1514 1239 1620 1282 ἀλλὰ
1653 1241 1727 1282 καὶ

253 1305 367 1357 Βτοὶς
393 1304 536 1354 οὕσίας
566 1303 879 1360 διαρπάσοντες,
911 1307 982 1346 καί
1005 1311 1129 1359 χεῖρα
1156 1307 1229 1346 οὐκ
1258 1305 1396 1358 ὀλίγην
1425 1305 1726 1360 συστησάμενοι

291 1369 475 1426 δημώδη,
502 1370 755 1413 ἐπιτίθενται
775 1376 858 1417 τοῖς
883 1372 1076 1418 δυνατοῖς
1098 1369 1171 1410 καί
1188 1368 1354 1412 πάντων
1379 1373 1592 1425 κρατοῦσι,
1618 1368 1725 1424 πλὴν
1774 1360 1777 1361 ⁷

292 1437 467 1490 ὀλίγων,
497 1437 539 1477 οἳ
559 1434 634 1489 τήν
665 1435 889 1490 ἐπιβουλὴν
915 1436 1177 1486 αἰσθόμενοι,
1208 1434 1281 1476 τὸν
1306 1434 1491 1476 κίνδυνον
1513 1437 1724 1489 διέφυγον,

289 1502 628 1555 κατακρύψαντες
651 1497 837 1547 ἑαυτούς.
864 1501 1200 1547 κατακλείσαντες
1223 1501 1267 1540 δὲ
1291 1501 1334 1541 ἐν
1357 1505 1442 1547 τοῖς
1462 1499 1635 1553 πύργοις
1651 1500 1776 1553 τῆςιο

289 1566 447 1614 πόλεως
478 1569 550 1607 καί
577 1564 864 1619 ἐπιστήσαντες
888 1563 1099 1619 φρουρὰς,
1142 1566 1234 1605 ἑπεί
1266 1565 1338 1605 καί
1363 1564 1497 1618 ἡμέρα
1531 1559 1610 1617 ἤδη
1646 1559 1723 1617 ἦν,

291 1632 499 1685 πανδημεῖ
515 1635 607 1678 ταῖς
634 1630 778 1677 οἰκίαις
806 1631 888 1670 τῶν
915 1628 1157 1670 ἑαλωκότων
1186 1630 1448 1682 ἐπελθόντες,
1477 1626 1552 1678 τάς
1577 1644 1620 1670 τε
1651 1625 1723 1669 οὗ·

292 1699 386 1745 σίας
409 1694 657 1750 διήρπαζον,
683 1693 826 1735 ἔπειτα
846 1695 916 1736 καί
936 1692 1011 1742 τὰς
1034 1694 1163 1742 οἰκίας
1181 1692 1409 1751 καθῄρουν,
1433 1694 1486 1734 ου’
1501 1691 1628 1746 μόνον
1647 1691 1724 1742 τὰς

293 1759 490 1812 ξυλώσεις
517 1760 850 1816 περιαιροῦντες,
897 1759 985 1801 ἀλλ’
1024 1757 1105 1799 ὑπὸ
1134 1759 1288 1811 μανίας
1322 1758 1395 1800 καί
1431 1759 1595 1811 τοίχους
1622 1751 1725 1813 ἄχρι

294 1925 361 1956 bus
393 1922 544 1968 perinde
576 1927 617 1956 ut
649 1922 730 1955 aliis
766 1920 916 1954 urbibus
949 1920 1210 1960 mandabatur,
1246 1926 1287 1953 ut
1320 1919 1390 1953 sibi
1416 1918 1459 1951 de
1485 1923 1628 1960 cetero,
1650 1920 1723 1955 iam

294 1970 503 2015 imperatori
528 1970 746 2009 renuntiato,
771 1968 1072 2010 obtemperarent,
1105 1966 1327 2010 potentiores
1353 1966 1448 1999 cives
1479 1966 1636 1999 libenter
1660 1976 1718 1999 eas

294 2021 509 2061 acceperunt
542 2020 579 2048 et
614 2016 652 2047 in
686 2015 856 2046 concione
889 2013 1030 2045 recitari
1064 2013 1255 2045 iusserunt.
1313 2013 1359 2045 At
1387 2013 1542 2055 populus
1567 2011 1723 2057 graviter

294 2063 382 2096 tulit
418 2067 455 2094 et
488 2061 703 2094 seditionem
736 2069 949 2093 emersuram
984 2058 1197 2103 apparebat3
1226 2057 1371 2102 quidam
1400 2060 1508 2091 etiam
1531 2056 1722 2092 manifeste

294 2106 556 2153 repugnabant.
606 2106 705 2150 Quos
728 2105 907 2150 principes
947 2105 1101 2138 civitatis
1137 2104 1189 2136 ira
1230 2104 1398 2136 commoti
1437 2103 1722 2149 comprehende-

294 2155 385 2187 bant
420 2163 551 2198 eosque
584 2164 657 2186 non
693 2151 811 2186 verbis
852 2155 1016 2190 tantum,
1045 2161 1168 2184 verum
1203 2150 1308 2182 etiam
1343 2149 1460 2193 flagris
1486 2150 1720 2195 castigabant·

294 2201 369 2234 Alii
394 2200 539 2233 interim
566 2203 713 2243 propter
733 2199 837 2230 istam
860 2201 1049 2241 potentum
1074 2196 1326 2230 contumeliam
1351 2207 1388 2230 se
1418 2195 1659 2238 sustinebant,
1683 2199 1722 2229 et

296 2246 395 2291 quod
419 2247 588 2278 timerent
611 2245 725 2288 ipsos,
751 2244 886 2287 quippe
909 2253 983 2276 non
1007 2253 1161 2286 paucos,
1183 2247 1220 2274 et
1243 2242 1341 2287 quod
1368 2241 1523 2281 tribuni,
1549 2243 1616 2287 qui
1639 2239 1720 2287 ple-

294 2293 379 2325 bem
417 2292 655 2331 concitarent,
687 2289 781 2322 nulli
811 2293 939 2322 essent..
988 2289 1034 2322 Ut
1065 2300 1137 2323 nox
1160 2287 1256 2320 diem
1281 2287 1458 2330 abstulit,
1484 2290 1617 2322 Branus
1641 2288 1723 2333 qui-

297 2338 377 2371 dam
400 2338 595 2376 vocabulo,
618 2336 725 2369 homo
749 2335 913 2380 plebeius
928 2359 937 2375 ‚
962 2334 1083 2379 ligone
1106 2335 1241 2366 victum
1277 2345 1381 2379 aegre
1413 2335 1590 2375 tolerans,
1631 2332 1721 2368 duos

296 2385 367 2417 sibi
393 2384 505 2424 alios,
528 2382 772 2427 Mugduphem
798 2386 834 2415 et
856 2380 1166 2426 Phrangopnlum,
1191 2379 1368 2414 adsciscit.
1425 2380 1472 2413 Hi
1501 2384 1611 2414 noctu
1637 2379 1723 2413 infi-

295 2441 434 2463 morum
462 2428 568 2462 aedes
593 2429 768 2461 obeuntes
791 2427 1050 2472 hortantesque
1067 2451 1076 2467 ,
1106 2436 1151 2458 ne
1175 2426 1402 2466 desiderent,
1438 2426 1502 2460 sed
1526 2426 1566 2459 in
1587 2430 1720 2470 poten·

295 2476 405 2508 tiores
437 2477 665 2520 insurgerent
698 2485 848 2519 seseque
882 2478 918 2507 et
953 2473 998 2506 ab
1031 2472 1163 2506 iniuria
1198 2473 1422 2506 vindicarent
1459 2477 1496 2506 et
1529 2471 1720 2506 facultates

296 2532 419 2554 eorum
445 2521 658 2566 diriperent,
685 2531 763 2553 cum
786 2519 1055 2553 multitudinem
1079 2529 1154 2552 non
1176 2518 1352 2551 modicam
1377 2517 1598 2558 conflassent,
1622 2518 1719 2561 opti-

294 2573 408 2601 mates
449 2568 625 2601 invadunt
659 2577 851 2612 omnesque
889 2565 1108 2605 subiiciunt,
1143 2570 1242 2598 extra
1272 2576 1424 2610 paucos,
1467 2563 1531 2610 qui
1563 2563 1717 2598 insidias

296 2613 459 2653 odorati,
494 2625 569 2646 sese
605 2612 816 2646 occultando
850 2612 1050 2657 periculum
1082 2612 1287 2654 effugerant.
1342 2611 1465 2655 Captis
1490 2609 1562 2643 illis
1588 2613 1626 2641 et
1650 2620 1716 2654 per

295 2664 410 2693 turres
445 2659 544 2693 urbis
577 2659 782 2692 distributis
809 2658 1091 2702 custodibusque
1117 2657 1311 2701 appositis,
1339 2656 1396 2689 die
1422 2658 1492 2688 iam
1516 2655 1608 2688 claro
1635 2665 1714 2688 cer-

295 2705 398 2739 tatim
425 2704 549 2737 domos
575 2716 695 2738 eorum
722 2710 944 2744 concursant,
962 2704 1120 2736 fortunas
1149 2703 1336 2746 diripiunt,
1362 2701 1526 2735 aedificia
1554 2699 1715 2740 diruunt,

296 2762 370 2786 non
402 2755 543 2785 tantum
575 2751 847 2784 materiaturam
883 2755 918 2784 et
942 2749 1169 2784 contabulatu
1195 2749 1438 2790 destruentes,
1460 2746 1524 2781 sed
1546 2756 1631 2792 prae
1655 2746 1718 2780 fu-.
1767 2790 1774 2803 ι
