1754 3146
719 168 860 209 L1BR1
897 168 970 208 111.
1508 161 1547 216 9

107 270 257 307 dedunt.
307 271 484 306 Batatzao
524 269 570 302 ab
608 268 832 314 Imperatore
855 266 1017 314 defit-tio
1042 273 1076 302 et
1099 265 1290 300 reversio.-
1326 263 1405 299 eius
1428 274 1547 299 remu-

108 321 267 355 neratio,
311 317 459 352 Sultani
495 323 666 362 satrapae
695 315 916 349 liberalitas.
974 314 1049 347 Cur
1079 310 1279 357 pranderet
1310 312 1352 344 in
1384 310 1547 344 Thracia

105 367 226 411 prima
241 366 322 398 luce
335 364 548 408 Imperator.
601 363 742 396 Chorae
757 362 858 395 cives
872 358 1166 395 maledicentiam
1182 367 1305 392 terrae
1315 365 1413 390 motu
1427 358 1548 393 luunt.

101 413 213 446 >Muri
245 409 559 456 reaedificantur,
595 408 727 454 quibus
749 408 922 452 perlectis
945 404 998 439 ad
1017 405 1264 450 pertinaciam
1289 402 1445 439 redeunt
1459 405 1549 448 (76).

105 459 266 503 Magnus
288 455 364 489 dux
387 457 520 490 iterum
543 456 659 501 copiis
681 453 924 499 praeficitur.-
955 453 1251 486 Cantacuzenum
1272 458 1431 485 conatur
1446 450 1550 483 occi-

105 502 204 538 dere.
241 503 394 537 Mutuae
412 503 581 540 litterae,
603 501 706 534 illius
725 502 908 540 minaces,
937 498 1046 531 huius
1070 498 1382 542 exprobratoriae.
1429 499 1548 541 Argw

107 551 164 583 tia
198 549 240 582 in
264 560 355 582 voce
388 549 518 582 nexta:
563 548 711 582 Derisio
746 547 863 585 senis,
899 552 940 578 ut
971 544 1138 580 imbellis.
1183 545 1292 577 quta
1331 544 1550 587 Byzantium

106 596 298 629 Persarum
321 595 483 629 vastatio
500 594 634 638 fervet·
683 590 903 637 Apocauchi
914 591 1052 642 fizstus.
1103 590 1212 624 Urbes
1239 591 1419 623 leraciae
1441 600 1551 634 prae-

105 649 166 675 ter
187 640 280 675 duas
305 652 341 675 se
370 639 519 677 dedunt.
572 640 811 684 Imperatoris
841 641 883 672 ὶη
914 637 1064 671 illorum
1093 636 1290 682 praejectis
1320 633 1551 669 dimittendis

106 687 316 722 humanitas
354 695 390 721 et
422 687 641 721 liberalitas.
703 685 940 730 Comparatio
964 684 1066 716 inter
1091 683 1388 716 Cantacuzenum
1415 690 1449 715 et
1483 694 1554 716 ar-

107 733 263 767 chontas
292 733 377 778 (77).
439 733 550 767 Urbes
585 731 638 766 ad
671 732 825 766 Pontum
852 733 1058 777 Imperator
1090 729 1244 772 infestas
1267 727 1383 763 habet.
1432 729 1554 763 Amici

107 790 187 815 eum
211 778 485 824 Adrianopolin
514 786 718 815 accersunt.
766 778 905 811 Eorum
930 776 1094 810 stultitia
1120 785 1155 810 et
1173 787 1326 820 poenae.
1385 774 1552 820 Impera-

105 827 182 860 trix
194 826 317 860 urbem
341 834 538 871 recuperat
595 825 765 864 Manuel,
791 821 1001 868 Apocauchi
1020 821 1142 868 filius,
1167 822 1379 867 praejectus
1396 820 1524 865 deficit
1539 834 1552 854 .-

107 872 295 918 acct'pitur
324 872 369 906 ab
396 872 622 917 Imperatore
649 872 806 916 benigne
838 878 874 904 et
897 869 1116 902 honoratur.
1163 870 1254 901 Acta
1279 866 1380 912 apud
1402 869 1554 911 Bizyam
1582 871 1588 873 ’

105 918 194 963 (78).
243 921 374 953 Amzas
396 919 508 952 Persa
533 918 671 952 socium
694 918 747 952 ad
768 917 855 962 Imp.
887 913 1124 950 occidendum
1150 914 1388 948 subornatum
1410 914 1553 959 prodit,

99 976 212 1012 vquem
242 965 308 998 ille
337 964 490 999 liberum
524 963 686 998 dimittit.
747 963 938 1006 Bizyenses
960 973 997 995 se
1022 960 1185 995 tradunt.
1233 963 1363 994 Annae
1388 961 1554 1005 impera—

106 1011 197 1046 tri-:t
230 1019 267 1046 et
291 1011 381 1058 filio
405 1012 507 1051 eius,
533 1009 666 1045 deinde
696 1011 956 1044 Cantacuzeno
980 1016 1015 1042 et
1038 1009 1151 1041 uxori
1179 1016 1219 1042 ut
1242 1008 1330 1052 Imp.
1353 1007 1491 1051 Bizyae
1516 1015 1554 1041 et

105 1057 203 1092 alibi
233 1058 483 1096 acclamatur.
517 1059 747 1102 omniumque
783 1056 916 1090 mentio
958 1055 999 1088 in
1029 1055 1149 1088 sacris
1173 1061 1386 1098 usurpatur.
1436 1054 1553 1087 Plura

106 1102 245 1150 oppida
271 1115 307 1137 se
332 1103 542 1137 subiiciunt.
593 1103 728 1147 Bizyae
742 1103 977 1148 praefectura
991 1101 1163 1134 Manueli
1179 1101 1295 1133 Asani
1312 1098 1433 1134 datur.
1458 1100 1552 1133 Pro-

105 1151 314 1185 tostratoris
339 1158 638 1196 caeterorumque
663 1148 881 1194 Apocauchi
906 1148 1108 1180 amicorum
1133 1147 1337 1181 miserrima
1372 1144 1551 1181 conditio.

107 1196 322 1242 Apocauchi
351 1204 472 1237 astus,
507 1208 580 1242 quo
614 1195 794 1242 ignaviae
832 1194 1042 1240 opinionem
1074 1195 1198 1228 vitare
1230 1191 1422 1233 studebat,
1455 1193 1552 1227 salse

104 1241 291 1278 virridetur
322 1244 530 1289 acriterque
565 1244 804 1288 vituperatur
832 1241 920 1286 (79).
968 1240 1106 1280 Fraus,
1141 1240 1340 1283 impostura
1361 1248 1397 1274 et
1420 1239 1554 1285 nequi-

107 1291 163 1324 tia
176 1288 434 1329 admirabilis,
465 1301 540 1336 qua
564 1287 659 1323 idem
684 1288 922 1334 Apocauchus
942 1286 1120 1322 Gabalam
1146 1286 1227 1319 vita
1248 1286 1404 1330 privare
1427 1287 1551 1320 enisus

108 1344 162 1372 est
185 1337 270 1378 (80).
319 1335 504 1370 Orchanes
524 1336 780 1369 Cantacuzeno
803 1347 840 1369 se
865 1333 1049 1378 adiungit.
1107 1334 1223 1377 Capta
1243 1331 1295 1365 ad
1308 1333 1461 1366 Pontum
1475 1332 1553 1365 ali-

106 1391 198 1430 quot
216 1380 365 1427 oppidu.
411 1382 594 1416 Somnium
605 1382 805 1421 Manuelis,
828 1380 906 1424 filii
919 1381 1007 1426 Imp.
1057 1379 1230 1412 Veniente
1247 1376 1299 1410 ad
1313 1378 1434 1413 urbem
1450 1379 1552 1412 Can-

106 1436 303 1470 tacuzeno,
329 1429 539 1472 Apocauchi
549 1427 742 1461 timiditas.
790 1430 888 1473 Ager
901 1426 1143 1469 Byzantinus,
1157 1427 1352 1460 miserante
1369 1425 1474 1470 Imp.,
1488 1423 1554 1458 de-

109 1483 286 1510 vastatur
317 1475 402 1519 (8¹).
464 1476 641 1509 Galataei
671 1485 819 1508 causam
846 1482 882 1508 et
905 1474 1085 1519 originem
1111 1472 1200 1506 belli
1222 1471 1330 1505 huius
1357 1472 1556 1505 sciscitan-

110 1529 196 1554 tur.-
219 1520 351 1567 quibus
373 1532 395 1552 a
414 1522 602 1566 principio
620 1529 757 1554 narrat
781 1521 903 1554 omnia
934 1521 1036 1564 Imp.,
1061 1526 1100 1552 ut
1135 1530 1171 1552 se
1196 1519 1425 1552 innocentem
1450 1525 1556 1551 teste-

111 1575 185 1602 tur.
233 1567 286 1601 De
311 1565 505 1601 advocatis
527 1569 611 1601 item
634 1567 827 1601 Persarum
850 1567 1008 1601 auxiliis
1030 1576 1067 1599 se
1091 1563 1257 1610 defendit
1276 1565 1362 1610 (82).
1419 1567 1558 1609 Aregus

111 1612 312 1647 monachus
334 1613 477 1658 legatus
503 1615 604 1646 omni
630 1614 738 1660 culpa
764 1613 852 1647 belli
879 1625 958 1647 eum
982 1611 1149 1646 absolvit.
1199 1611 1294 1644 Eius
1319 1609 1558 1656 prudentiam

102 1657 244 1694 ⁴laudat
260 1659 363 1704 Imp.,
391 1658 434 1693 de
449 1659 680 1694 adversariis
699 1660 968 1704 conqueritur:
992 1659 1025 1692 si
1050 1669 1086 1691 se
1109 1659 1368 1702 Imperatorem
1388 1666 1424 1690 et
1445 1657 1561 1698 colle--

109 1717 193 1751 gam
225 1716 299 1738 esse
327 1705 477 1745 sinant,
515 1704 617 1751 quod
627 1705 807 1750 facturus
830 1707 878 1739 sit
901 1706 1033 1749 aperit.
1079 1706 1190 1737 Amor
1212 1704 1253 1736 in
1266 1715 1340 1737 rem
1359 1703 1557 1748 publicam.

113 1751 250 1796 Quibus
277 1751 553 1785 conditionibus
576 1750 749 1785 abdicare
781 1763 818 1785 se
841 1752 994 1797 imperio
1018 1750 1110 1784 velit
1133 1751 1220 1794 (83).
1274 1752 1413 1794 Aregus
1436 1750 1559 1783 orati-

102 1810 216 1832 onem
242 1796 493 1832 commendat.-
522 1796 623 1831 dicta
638 1799 855 1842 Byzantium
876 1798 1094 1832 renuntiare
1110 1796 1267 1830 iubetur.
1316 1795 1561 1840 Apocauchus

110 1856 214 1878 arma
247 1851 281 1876 et
304 1851 395 1876 vota
418 1843 566 1879 indicit.
618 1842 806 1887 Quaedam
829 1843 965 1887 oppida
993 1843 1038 1876 ab
1066 1843 1290 1887 Imperatore
1327 1843 1558 1889 subiguntur.

110 1890 280 1935 Epistola
294 1889 509 1935 Apocauchi
535 1898 568 1923 et
593 1889 832 1931 patriarchae
853 1889 897 1924 de
924 1889 1161 1924 abdicatione
1179 1890 1425 1933 Imperatoris.
1471 1891 1562 1923 Are·

110 1949 179 1981 gus
207 1947 338 1982 graece
373 1934 543 1970 indoctus
572 1935 772 1969 deluditur.
821 1937 916 1969 Eam
941 1936 1147 1982 Imperator
1178 1936 1303 1969 italice
1333 1937 1562 1981 interpreta-

110 1992 197 2017 tur.-
222 1982 325 2017 ambo
348 1983 624 2016 stomachantur
645 1982 733 2027 (84)
781 1982 1021 2028 Apocauchus
1043 1982 1195 2028 fi’ustra
1220 1982 1436 2027 Empyriten
1462 1980 1562 2015 obsi-

109 2029 195 2064 det.-
221 2031 262 2062 in
284 2030 461 2074 portoriis
484 2028 675 2074 exigendis
702 2027 802 2062 nihil
829 2030 1090 2074 consequitur:
1114 2027 1159 2061 ab
1187 2028 1324 2061 aulicis
1347 2028 1562 2073 proceribus

108 2075 386 2109 dissimulanter
415 2074 604 2110 irridetur.
672 2077 813 2119 Aregus
847 2074 900 2109 ad
928 2076 1032 2108 illum
1066 2074 1264 2107 contemnit
1291 2073 1487 2108 accedere:
1515 2072 1561 2107 de

111 2122 296 2166 impietate
308 2130 344 2155 et
367 2120 614 2166 imprudentia
643 2130 795 2156 accusat
810 2135 821 2154 :
859 2121 1126 2167 imperatricem
1149 2121 1376 2166 Imperatori
1397 2122 1561 2155 excusat.

103 2168 319 2212 *Imperator
341 2168 496 2212 infestus
519 2169 737 2211 Byzantium
754 2169 909 2202 veniens
946 2167 1093 2204 recedit.
1140 2165 1407 2207 Adrianopolis
1430 2175 1466 2201 et
1486 2167 1562 2201 ali-

112 2222 203 2259 quot
223 2214 389 2259 finitima
402 2212 537 2259 oppida
552 2215 593 2247 in
614 2222 829 2258 potestatem
855 2212 1069 2249 concedunt.
1122 2214 1210 2246 Cum
1226 2213 1343 2247 tribus
1354 2211 1560 2253 dedititiis,

113 2271 268 2303 quorum
293 2259 366 2294 duo
388 2262 593 2305 praelecti,
618 2260 712 2305 quid
738 2269 857 2294 actum
881 2261 969 2306 (85).
1035 2263 1156 2304 Quare
1175 2260 1345 2293 Amurius
1370 2258 1424 2293 ad
1445 2261 1561 2305 Impe-

112 2314 274 2340 ratorem
306 2318 382 2340 non
415 2307 580 2341 redierit.
644 2307 825 2341 Concessu
849 2306 1052 2342 Sarchanis
1071 2318 1140 2351 per
1167 2304 1341 2348 Lydiam,
1374 2304 1459 2340 inde
1492 2317 1562 2350 per

111 2352 384 2398 Hellespontum
407 2354 554 2387 transit.
604 2353 799 2386 Persarum
819 2353 860 2387 in
887 2353 1063 2387 Moesiam
1088 2352 1286 2396 impressio.
1331 2352 1559 2387 Momitzilus

113 2409 194 2432 cum
216 2407 322 2443 parte
345 2401 528 2434 exercitus
550 2400 610 2432 sui
633 2398 824 2437 caeditur,
864 2400 1010 2446 reliqua
1039 2399 1194 2443 capitur.
1241 2399 1444 2443 Imperator
1467 2399 1558 2431 illa-

115 2446 261 2480 crimat.
308 2446 532 2479 Monzitzilus
556 2445 736 2479 humanae
753 2445 938 2491 fortunae
954 2445 1163 2487 exemplum.
1211 2445 1459 2478 Xanthienses
1472 2456 1558 2478 suo·

115 2502 196 2526 rum
208 2491 408 2536 ,fitneribus
433 2493 579 2534 lugent:
606 2491 729 2524 urbem
755 2491 921 2525 tradunt.
973 2493 1014 2524 ln
1039 2491 1236 2524 Momitzili
1267 2492 1458 2534 coniugem
1483 2492 1555 2524 Im-

112 2537 297 2583 peratoris
334 2539 525 2572 clementia
556 2537 642 2577 (86).
702 2539 847 2571 Cralem
876 2547 916 2571 ut
935 2536 1190 2583 foedifragum
1223 2537 1355 2571 ulcisci
1378 2536 1554 2571 decernit.

114 2582 297 2618 Pheraeos
332 2583 488 2618 Romani
521 2584 573 2617 ad
601 2583 839 2627 dejectionem
877 2585 1076 2628 impellunt.
1138 2584 1307 2616 Minatur
1347 2584 1476 2622 Crali,
1515 2585 1557 2616 ni

116 2629 245 2663 Pheris
276 2629 446 2664 abscedat
473 2639 508 2663 et
526 2630 689 2675 foedera
715 2632 861 2664 violare
887 2630 1041 2665 desinat.
1090 2630 1315 2674 Imposturae
1342 2628 1557 2669 Apocauchi

116 2684 343 2720 repetuntur·
396 2677 647 2709 Continentem
680 2677 889 2720 relinquere
918 2676 1073 2709 statuit:
1110 2677 1282 2717 tyrannis
1318 2677 1396 2710 eius
1420 2677 1460 2709 in
1484 2677 1557 2718 By-

115 2721 271 2756 zantios.
319 2723 374 2756 De
401 2733 567 2763 carcere,
593 2735 697 2767 quem
711 2723 905 2766 inpalatio
931 2723 1167 2756 Constantini
1184 2721 1267 2756 aedi
1285 2734 1383 2756 reare
1409 2733 1557 2767 aggres-

116 2779 176 2802 sus
209 2776 273 2805 est.
333 2767 557 2814 Affinitatem
594 2770 837 2815 imperatricis
867 2781 932 2813 per
955 2769 1070 2817 filiae
1094 2770 1242 2814 nuptias
1267 2780 1346 2803 cum
1369 2770 1446 2804 eius
1463 2767 1553 2816 filio
