1800 3132
270 160 380 231 378
793 176 1158 218 CANTACUZENJ

75 285 266 330 A.c.1343
287 273 624 330 Καντακουζηνύν
652 275 842 317 εἰωθέναι
879 274 1059 328 μάλιστα
1088 277 1319 331 ἀρχομένης
1353 279 1426 332 τῆς
1454 276 1599 327 νυκτός
1623 277 1698 322 ἐπί

269 356 377 388 τινος
409 339 573 382 ἑστάναι
606 337 731 381 τόπου
756 339 830 394 τὴν
858 342 1015 396 ἐσθῆτα
1050 341 1258 383 ἀποδύντα
1268 375 1280 395 ,
1319 344 1489 398 εὐφυῶς
1513 342 1618 398 πρὸς
1642 341 1687 384 τὸ

271 405 342 460 τὴν
364 404 444 446 dm)
474 408 550 446 τοῦ
581 407 731 459 θέρους
767 405 891 447 ἆλέαν
928 408 1185 459 καταψύχειν
1210 405 1381 460 ἔχοντα,
1426 410 1490 463 ἐφ’
1533 403 1582 450 οὗ
1615 405 1690 449 δύ-

271 474 376 512 ναιτ’
404 466 454 512 ἂν
485 468 716 523 βάλλεσθαι
744 469 907 527 ῥαδίως.
954 469 982 512 ἅ
1009 472 1200 512 ἐδίδασκε
1230 470 1299 513 τὸν
1328 471 1496 526 τοξότην
1524 475 1689 526 ἐκεῖνον,

273 533 372 577 οὐδὲ
401 531 526 576 αὐτὸν
553 534 625 576 τὸν
657 533 782 576 τόπον
819 535 1056 589 ἀγνοοῦντα.
1115 535 1135 577 ὃ
1167 537 1211 576 δὲ
1242 535 1288 577 τό
1311 535 1567 581 α’πολύεσθαι
1605 537 1716 580 τῶν5

270 603 438 653 δεσμῶν
479 598 721 652 ποιούμενος
763 600 860 655 περὶ
897 602 1088 643 πλείστου
1130 602 1203 642 καί
1238 603 1321 643 τῶν
1355 602 1600 657 εὐεργεσιῶν
1641 599 1689 643 τό

268 669 442 719 μέγεθος
460 668 621 718 ἐννοῶν,
652 664 702 715 ἃς
724 665 841 722 αὐτῷ
872 667 1138 721 ἐπηγγέλλετο
1156 664 1177 707 ὁ
1194 669 1320 721 μέγας
1340 665 1439 717 δούξ
1453 698 1465 717 ,
1493 666 1693 720 ὑπέσχετο

270 730 349 786 την
391 733 666 785 ἐπιχείρησιν.
730 733 802 772 καί
836 731 1051 784 γενόμενος
1091 733 1135 774 ἐν
1172 730 1382 789 Βεῤῥοίᾳ,
1423 730 1568 781 νυκτὸς
1610 727 1691 786 ἤδη

269 798 584 850 ἐπιγενομένης,
617 793 728 849 παρὰ
774 793 844 838 τὸν
882 795 1006 836 τόπον
1033 812 1075 837 τε
1113 797 1267 850 ἐγένετο
1294 796 1367 837 καί
1391 796 1560 849 βάλλειν
1598 799 1693 838 ἑπε-

267 861 404 913 χείρει
429 861 604 913 βασιλέα
636 857 827 914 συνήθως
854 858 1014 902 ἑστῶτα
1042 862 1115 903 καί
1139 867 1223 909 τοῖς
1252 864 1425 903 συνοῦσι
1451 862 1749 916 προσδιαλε-ΙΟ

237 926 468 978 Βγόμενον·
509 925 580 966 καί
604 926 791 977 μέλλοντι
818 921 897 980 ἤδη
925 924 1046 980 ἔργου
1079 925 1251 980 ἔχεσθαι
1278 925 1351 968 καὶ
1374 928 1519 968 τείνειν
1549 925 1593 968 τὸ
1624 925 1692 968 τό-

270 995 365 1043 ξον,
403 988 450 1032 τὸ
481 991 599 1043 βέλος
626 992 813 1040 ἐξέπιπτε
852 993 926 1045 τῆς
961 994 1113 1046 νευρᾶς
1150 989 1295 1036 λαθόν.
1351 992 1501 1040 ἐκεῖνος
1547 993 1593 1033 δὲ
1630 989 1690 1045 μή

269 1056 379 1108 ἔχων
418 1051 529 1104 ὅπως
570 1056 754 1097 α’νέλοιτο
790 1053 835 1096 τὸ
882 1057 1023 1108 βέλος,
1073 1057 1163 1111 (ἐπὶ
1190 1059 1267 1098 τοῦ
1305 1058 1470 1110 τείχους
1502 1055 1584 1111 γὰρ
1620 1058 1714 1111 τῆςΥ

269 1119 425 1168 πόλεως
451 1115 503 1174 ἦν
528 1117 683 1173 ἑστώς,
725 1117 771 1162 τὸ
802 1121 848 1162 δὲ
874 1122 1119 1164 κατέπιπτεν
1146 1120 1258 1169 ἐντὸς
1273 1123 1307 1177 ,)
1352 1120 1502 1163 ἐδεδίει
1530 1123 1603 1175 δὲ,
1629 1119 1691 1175 μή

269 1187 490 1240 φωραθείη
535 1186 707 1226 τοιαῦτα
746 1187 1012 1239 κακουργῶν,
1051 1187 1293 1239 περιμείνας
1332 1181 1434 1241 ἄχρι
1458 1182 1745 1242 ζπαρελθεῖνιό

267 1248 340 1291 τὸν
364 1251 560 1302 βασιλέα,
590 1248 634 1291 τὸ
656 1253 775 1302 βέλος
804 1248 1072 1303 α’νελόμενος,
1104 1250 1242 1292 οἴκαδε
1271 1249 1499 1306 ἀνεχώρει,
1527 1249 1693 1305 γνώμην

267 1313 377 1368 ἔχων
387 1348 400 1367 ,
430 1314 486 1364 ῶς
514 1312 641 1363 αὖθις
678 1316 737 1363 εἰς
764 1313 839 1369 τῆν
864 1315 1087 1370 ὑστεραίαν
1120 1315 1407 1370 ἑπιχειρήσων.
1461 1317 1696 1369 ἐπιγενομέ-

268 1396 341 1434 νης
370 1381 415 1420 δὲ
446 1381 519 1422 καί
546 1382 617 1434 τῆς
647 1381 842 1435 δευτέρας
869 1379 1040 1433 νυκτὸς,
1071 1379 1230 1429 ἐκεῖνός
1249 1397 1294 1422 τε
1323 1376 1447 1429 αὖθις
1477 1387 1562 1428 τοῖς
1587 1379 1694 1429 ἴσοις

268 1447 571 1500 ἐπεχείρειμαί
596 1444 642 1486 τὸ
668 1447 800 1497 βέλος,
831 1446 912 1486 τῶν
927 1448 1083 1500 χειρῶν
1102 1444 1254 1497 ὁμοίως
1271 1444 1456 1497 ἐκπεσὸν,
1486 1441 1695 1500 ἄπρακτον

267 1510 398 1553 ἐποίει
419 1509 645 1564 ἐπανήκειν.
664 1509 755 1551 ἐπεὶ
773 1511 818 1551 δὲ
837 1509 908 1551 καί
925 1510 950 1565 ἦ
972 1512 1088 1565 τρίτη
1108 1508 1211 1564 ἥκει,
1227 1507 1248 1550 ὅ
1264 1512 1342 1563 μὲν
1359 1509 1510 1565 ἐχώρει
1529 1508 1637 1564 πρὸς
1650 1507 1750 1552 τὸαο

231 1574 389 1629 Οέργον
411 1570 539 1622 αὖθις
567 1575 637 1616 καί
657 1572 843 1628 σπουδήν
872 1576 1047 1616 ἐποιεῖτο
1075 1578 1296 1632 πλείστην,
1335 1575 1393 1630 μὴ
1423 1573 1472 1616 τοὶ
1501 1574 1574 1617 ἴσα
1601 1580 1694 1626 ταῖς

268 1640 488 1694 προτέραις
526 1642 618 1690 νυξὶ
663 1643 830 1681 παθεῖν.
892 1643 1052 1681 ἕλκοντι
1097 1642 1142 1683 δὲ
1183 1639 1230 1683 τὸ
1285 1641 1400 1691 τόξον
1443 1634 1523 1694 ἤδη
1566 1638 1695 1695 ἐρ’ῥῆ-

267 1719 390 1758 γνυτο
438 1703 598 1758 ἀθρόον
636 1701 661 1758 ἦ
698 1703 849 1763 νευρά,
896 1701 1034 1759 ὥσπερ
1073 1704 1183 1754 τινὸς
1231 1701 1362 1760 αὕτήν
1407 1703 1691 1756 διατεμόντος·

267 1765 320 1824 ἦν
349 1770 422 1823 δὲ,
455 1768 512 1818 ὥς
540 1767 721 1825 ἔφασκε,
751 1768 868 1823 καινὴ
897 1768 959 1812 ἔτι
983 1769 1057 1811 καί
1081 1768 1412 1825 δυσπαθεστὰτη.
1470 1769 1618 1811 τούτου
1647 1769 1694 1811 δὲ

264 1922 453 1958 sueverat,
486 1919 738 1962 imperatorem
775 1918 998 1958 vulneraret,
1038 1917 1169 1951 iubens
1200 1916 1399 1956 confidere,
1437 1925 1476 1949 se
1509 1913 1693 1961 negotium

265 1965 345 1999 sine
371 1963 517 2008 negotio
539 1964 797 2000 confecturum.
834 1964 1007 1998 Audierat
1029 1965 1137 2004 enim,
1151 1964 1435 1997 Cantacuzenum
1460 1960 1526 1995 sub
1549 1966 1693 1994 noctem

265 2012 305 2042 in
339 2011 418 2043 loco
453 2010 610 2054 quodam
645 2016 770 2054 aperto
806 2010 923 2044 solere
959 2010 1172 2050 consistere,
1207 2009 1334 2053 ibique
1366 2012 1463 2041 veste
1494 2008 1612 2053 posita
1645 2007 1692 2041 ab

271 2058 406 2089 aestivo
431 2057 548 2089 calore
572 2067 699 2100 corpus
724 2057 955 2101 refrigerare,
980 2057 1018 2089 in
1043 2066 1114 2101 quo
1142 2059 1263 2100 posset
1285 2054 1468 2086 commode
1491 2053 1578 2099 peti.
1632 2053 1694 2087 At-

266 2113 338 2147 que
376 2102 465 2135 haec
488 2104 731 2146 sagittarium,
760 2113 826 2134 uec
852 2103 969 2146 ipsum
997 2103 1069 2135 loci
1093 2103 1274 2146 ignarum,
1300 2100 1460 2133 docebat.
1510 2099 1584 2144 Qui
1612 2109 1693 2132 car-

268 2159 349 2180 cere
385 2148 493 2181 levari
524 2148 753 2181 vehementer
778 2149 925 2192 cupiens
950 2149 1275 2192 promissarumque
1300 2146 1553 2190 praestantiam
1579 2145 1693 2178 bene-

268 2193 432 2227 ficiorum
469 2199 663 2238 reputanS,
699 2204 843 2237 operam
878 2194 1049 2227 condixit.
1105 2192 1317 2225 Berrhoeam
1348 2192 1547 2235 ingressus,
1585 2195 1690 2224 nocte

267 2240 458 2282 ingruente
503 2240 548 2272 ad
582 2240 698 2272 locum
730 2240 892 2279 accedit,
931 2241 1181 2284 imperatorem
1218 2248 1281 2282 pro
1315 2237 1574 2270 consuetudine
1614 2237 1692 2270 illie

267 2290 422 2318 stantem
465 2290 501 2317 et
533 2290 737 2329 praesentes
772 2286 1018 2331 alloquentem
1057 2289 1201 2329 tangere
1228 2290 1338 2328 parat.
1399 2286 1545 2329 lamque
1569 2293 1690 2315 arcum

267 2336 455 2364 curvaturo
491 2334 619 2374 sagitta
653 2342 762 2364 nervo
780 2357 789 2372 ,
825 2332 1052 2376 imprudente
1082 2331 1169 2370 ino,
1195 2329 1338 2363 excidit.
1389 2330 1478 2363 Cum
1502 2329 1564 2374 qui
1589 2329 1691 2362 dela-

266 2389 366 2421 psam
404 2378 552 2411 tolleret
577 2389 650 2410 non
684 2377 856 2418 haberet,
886 2377 1021 2422 (stabat
1051 2386 1207 2420 namque
1242 2387 1349 2420 super
1382 2387 1482 2408 muro
1515 2373 1613 2408 urhis
1652 2379 1690 2407 et

266 2423 379 2456 telum
418 2424 512 2455 intra
549 2423 753 2468 ceciderat,)
780 2424 923 2456 timeret
960 2428 1079 2456 autem
1101 2447 1110 2462 ‚
1158 2432 1203 2455 ne
1235 2422 1273 2454 in
1307 2423 1387 2455 talis
1421 2419 1687 2455 machinatione

267 2470 410 2502 sceleris
434 2469 787 2513 deprehenderetur,
809 2474 1014 2513 exspectans
1029 2493 1039 2508 ,
1063 2467 1182 2514 quoad
1206 2468 1400 2511 imperator
1429 2466 1690 2512 praeteriisset,

268 2514 409 2547 sublata
433 2518 560 2560 sagitta
586 2517 728 2549 domum
753 2516 951 2555 concessit,
976 2525 1019 2547 eo
1050 2514 1167 2547 animo
1183 2537 1192 2553 ,
1215 2519 1254 2546 ut
1280 2514 1444 2559 sequenti
1471 2517 1575 2546 noete
1598 2511 1687 2544 saei-

268 2570 335 2591 nus
362 2560 517 2594 iteraret.
567 2562 676 2595 Adest
701 2572 790 2602 nox,
818 2571 906 2604 opus
936 2571 1073 2593 rursum
1099 2558 1325 2604 aggreditur,
1350 2571 1429 2593 cum
1451 2559 1562 2592 telum
1586 2558 1690 2590 simi·-

267 2606 354 2638 liter
389 2617 494 2639 manu
529 2609 687 2652 elapsum
726 2617 763 2640 re
813 2607 945 2639 infecta
983 2605 1167 2638 hominem
1202 2606 1365 2643 remittit.
1421 2604 1543 2639 Tertia
1579 2608 1685 2636 nocte

267 2651 410 2685 rediens
427 2677 436 2688 ‚
471 2654 731 2686 studiosissime
768 2657 888 2693 cavet,
911 2663 957 2685 ne
983 2651 1078 2684 idem
1105 2651 1196 2691 sibi,
1222 2652 1318 2697 quod
1333 2650 1543 2696 antegressis
1566 2649 1686 2682 nocti-

268 2698 348 2736 bus,
367 2698 513 2734 accidat,
561 2699 740 2732 Temlcuti
767 2708 886 2731 arcum
897 2709 1024 2732 nervus
1047 2702 1143 2731 totus
1167 2698 1216 2731 ita
1241 2698 1439 2743 aequaliter
1459 2695 1685 2739 dirumpitur,

270 2748 310 2782 ut
341 2743 372 2779 si
405 2744 519 2780 cultro
562 2751 654 2778 esset
689 2745 886 2787 dissectus;
922 2749 958 2780 et
993 2748 1089 2784 erat,
1125 2749 1164 2778 ut
1199 2743 1396 2781 affirmabat
1442 2743 1526 2783 iile,
1570 2751 1683 2778 novus
