1800 3132
274 169 386 237 304
779 164 782 170 “
804 187 1176 231 οΑΝΤΑοοΖΕΝι

74 293 155 330 A.c.
175 288 343 345 ι34ατὴν
383 289 442 338 εἷς
477 286 552 329 τόν
585 290 715 342 μέγαν
744 289 872 331 δοῦκα
901 284 1084 332 εὔνοιαν.
1140 290 1196 346 τῷ
1221 287 1300 344 γὰρ
1330 290 1489 332 ἐκείνου
1518 292 1603 333 δέει
1629 307 1709 348 μη-

269 356 339 396 δὲν
381 355 698 408 λυμηναμένους
725 352 801 408 τὴν
824 354 1066 408 Ῥωμαιων,
1097 352 1198 408 πρὸς
1219 345 1301 408 τήν
1329 357 1483 397 οἰκείαν
1511 356 1710 412 α’ναστρέ-

270 435 366 475 φειν
403 420 446 460 ἐν
486 419 610 475 ὀλίγῳ
639 418 792 475 χρόνῳ.
847 422 1020 461 τοιαῦτα
1047 418 1085 460 οἱ
1113 420 1404 472 κακοδαιζιιονες
1430 418 1612 470 εἰπόντες
1639 424 1712 465 καὶ

268 481 602 536 νεανιευσάμενοι
618 517 628 536 ,
659 484 844 539 ἐχώρουν
878 484 980 526 κατά
1009 487 1091 526 τῶν
1118 486 1309 538 Σκυθῶν,
1338 483 1605 535 κελεύσαντες
1633 487 1711 528 av’-

268 556 356 598 τοῖς
394 548 466 590 καί
501 547 598 597 τούς
639 547 890 604 στρατιώτας
930 551 1118 592 ἕπεσθαι.
1191 548 1228 590 οἱ
1259 551 1305 591 δὲ
1325 551 1486 591 εἵποντο
1523 551 1737 608 οἷνάγκῃ,5

269 614 542 670 αἱρετώτερον
569 612 789 668 ἡγούμενοι
817 612 982 668 αύτούς,
1012 617 1051 656 εἰ
1078 616 1178 667 δέοι,
1208 620 1293 665 τοῖς
1318 614 1549 670 βαρβάροις
1574 632 1711 670 μαχο-

265 684 416 734 μένους
457 678 754 734 ἆποθνήσκειν,
794 676 823 735 ἢ
862 681 1104 738 πανοικεσίᾳ
1156 682 1485 736 διαφθείρεσθαι
1521 681 1602 722 ὑπὸ
1627 686 1710 724 τῶν

237 747 482 802 Βδημοτῶν.
537 744 629 787 ἑπεί
665 748 710 788 δὲ
741 745 860 800 ἐγγυς
886 750 961 788 τοῦ
989 747 1264 801 στρατοπέδου
1284 740 1389 800 ἦσαν
1408 750 1491 788 τῶν
1518 750 1709 800 Σκυθῶν,

265 815 345 869 βοῇ
383 810 606 867 πόρ’ῥωθεν
644 813 829 867 ἐχρῶντο
867 810 939 852 καί
968 812 1225 865 ἀλαλαγμοῖς
1252 812 1326 852 καί
1351 809 1538 865 ἐχώρουν
1566 811 1707 869 δρόμῳ

267 881 357 919 κατ’
397 877 545 920 αὐτῶν.
597 877 645 918 οὗ
682 875 762 932 γὰρ
807 871 929 934 ᾤοντο
972 876 1240 931 ἀντισχήσειν
1279 877 1378 918 οὐδὲ
1409 876 1512 933 πρὸς
1539 875 1762 932 &mxiv-,10

269 944 359 985 ἀλλ’
401 940 714 997 ὖποπτήξαντας
752 939 943 995 ἑτοίμους
974 939 1148 992 ἑαυτοὺς
1187 943 1452 997 παρέχεσθαι
1497 939 1709 998 ἄνδραπο-

142 1009 481 1065 Ἶ.4ι6δίζεσθαι.
537 1007 602 1050 διὸ
629 1010 702 1049 καί
729 1011 893 1062 σχοινία
921 1010 1091 1057 ἕκαστος
1120 1009 1367 1063 ἐπεφέροντο
1395 1009 1469 1048 τοῦ
1486 1006 1582 1056 τούς
1598 1008 1709 1050 ἁλω-

269 1075 472 1127 σομένους
506 1072 748 1129 βαρβάρους
784 1075 902 1115 ἕνεκα
941 1075 1135 1126 δεσμεῖν,
1178 1075 1245 1114 ἵνα
1273 1073 1332 1128 μή
1375 1071 1709 1127 διαδιδράσκοιεν

268 1135 408 1182 ἄδετοι
450 1136 658 1193 α’γόμενοι.
727 1136 764 1179 οἱ
802 1136 963 1180 Σκύθαι
994 1140 1039 1179 δὲ
1067 1140 1311 1190 νομίσαντες
1358 1137 1556 1192 στρατιὰν
1583 1136 1708 1193 πεζήν

269 1207 379 1247 ἰέναι
401 1206 466 1246 ἐπ’
495 1202 662 1256 αὐτοὺς,
689 1205 771 1245 τῶν
799 1205 934 1245 ἵππων
959 1201 1188 1257 ἐπιβάντες,
1217 1202 1403 1257 ἑξήγοντο
1431 1206 1507 1245 τοῦ
1534 1207 1762 1260 meato-15

268 1272 397 1312 πέδου
428 1269 484 1318 ώς
511 1267 787 1323 μαχούμενοι.
844 1269 881 1310 οἱ
909 1271 974 1321 δὲ,
1006 1269 1062 1318 (ὃς
1089 1268 1214 1321 μόνον
1242 1266 1352 1311 εἶδον
1382 1270 1453 1311 τοῦ
1481 1272 1708 1323 στρατοπέ-

270 1337 346 1376 δου
392 1332 601 1386 ἐξιόντας,
644 1336 719 1375 τοῦ
759 1336 962 1390 προτέρου
997 1333 1242 1389 φυσήματος
1275 1333 1568 1385 ἐπιλαθόμενοι
1597 1336 1708 1389 ἐτρέ-

239 1415 398 1448 οποντο
437 1398 541 1454 πρὸς
583 1397 733 1455 φυγήν.
804 1400 954 1441 ’ὑπτίου
996 1402 1041 1440 δὲ
1082 1395 1198 1448 ὄντος
1234 1401 1309 1440 τοῦ
1338 1399 1480 1440 πεδίου
1510 1400 1582 1442 καί
1608 1398 1710 1455 ὕλης

269 1465 511 1507 παντάπασι
540 1466 681 1518 ψιλοῦ,
714 1466 940 1519 διαδρᾶναι
968 1463 1158 1519 ἠδυνήθη
1191 1465 1290 1504 ου’δὲ
1324 1460 1394 1516 εἷς,
1426 1461 1532 1506 ἀλλὰ
1562 1463 1710 1514 πάντες

270 1529 550 1583 κατεκόπησαν
577 1527 659 1569 ὑπὸ
688 1531 771 1570 τῶν
799 1530 975 1570 Σκυθῶν
1003 1527 1110 1582 πλήν
1139 1530 1221 1569 τῶν
1260 1527 1428 1574 ἱππέων,
1486 1524 1601 1571 οὗτοι
1625 1529 1762 1584 γὰραο

272 1596 343 1637 διά
382 1611 425 1637 τε
465 1593 510 1637 τὸ
550 1594 653 1635 πολὺ
698 1591 837 1636 αὐτῶν
865 1593 962 1644 τούς
990 1593 1160 1642 Σκύθας
1189 1592 1252 1635 ἔτι
1288 1593 1544 1650 ἀφεστάναι,
1589 1596 1710 1649 ἡνίκα

268 1659 294 1717 ἧ
317 1659 448 1717 τροπὴ
478 1660 655 1714 ἐγένετο,
694 1655 829 1708 ἄλλως
856 1663 899 1701 θ’
930 1657 994 1701 ὅτι
1021 1663 1092 1702 καί
1125 1658 1228 1714 πρὸς
1253 1657 1324 1701 τόν
1352 1660 1477 1711 πεζὸν
1503 1660 1710 1716 ἠσχόλην-

271 1742 319 1768 το
349 1725 387 1768 oi
414 1723 637 1780 βάρβαροι,
669 1719 933 1779 διασωθῆναι
964 1727 1022 1774 εἰς
1054 1724 1130 1779 τήν
1159 1723 1278 1766 πόλιν
1297 1723 1578 1779 ἠδυνήθησαν.
1636 1723 1709 1766 01‘1'-

270 1807 351 1840 τως
386 1791 411 1846 ἦ
441 1785 562 1833 ἄνοια
590 1788 662 1832 καί
686 1790 712 1845 ἦ
742 1787 975 1845 παράλογος
1003 1789 1113 1845 ὁρμή
1152 1787 1256 1845 πρὸς
1289 1790 1535 1844 α’νηκέστους
1572 1790 1708 1846 ἐξάγει

272 1959 512 1991 Romanorum
536 1957 741 2002 provinciae
766 1957 866 1989 illata
890 1957 1056 1991 vastitate
1072 1981 1082 1997 ‚
1114 1956 1213 1991 brevi
1238 1955 1353 2001 spatio
1380 1965 1416 1988 se
1441 1955 1587 1989 domum
1613 1957 1707 1991 refe-

273 2010 363 2038 rant.
412 2005 516 2036 Talia
542 2005 704 2037 infelices
731 2004 786 2036 illi
810 2013 1055 2047 novarumque
1080 2014 1196 2036 rerum
1221 2002 1344 2047 cupidi
1369 2001 1544 2039 fabulati.
1584 2008 1707 2038 contra

271 2050 621 2094 Scythas‚militibus
648 2051 751 2094 sequi
782 2051 900 2088 iussis,
921 2050 1144 2094 prodierunt.
1193 2049 1266 2094 Qui
1290 2048 1404 2082 invito
1439 2049 1708 2093 sequebantur,

272 2097 472 2142 optabilius
507 2098 600 2136 rati,
633 2107 712 2130 cum
743 2095 930 2135 barbaris,
970 2095 999 2128 si
1030 2107 1118 2140 opus
1154 2102 1264 2135 esset,
1301 2095 1491 2139 pugnando
1527 2096 1706 2138 interfici,

270 2155 378 2188 quam
404 2142 520 2188 plebis
547 2143 668 2176 furore
693 2153 773 2176 cum
797 2147 876 2175 tota
902 2142 1007 2175 domo
1034 2142 1158 2175 deleri.
1193 2139 1400 2184 Scytharum
1426 2143 1550 2174 castris
1575 2153 1707 2186 appro-

269 2190 514 2236 pinquanteS‚
548 2191 685 2222 eminus
719 2188 862 2221 sublato
899 2189 1054 2221 clamore
1085 2189 1124 2222 in
1157 2198 1217 2221 eos
1247 2188 1457 2221 incurrunt:
1503 2199 1576 2222 non
1609 2189 1707 2222 enim

269 2237 329 2269 vel
353 2247 479 2280 parum
504 2246 541 2268 se
569 2236 797 2279 opposituros
824 2235 1081 2278 existimabant
1097 2259 1107 2273 ‚
1129 2233 1192 2267 sed
1215 2235 1344 2266 timore
1374 2234 1613 2274 exanimatos,
1637 2245 1703 2279 pro

271 2283 422 2327 captivis
447 2282 678 2315 abducendos
705 2291 742 2313 se
766 2281 1004 2326 praebituros.
1054 2279 1139 2314 Ideo
1156 2280 1261 2313 funes
1282 2280 1439 2324 quilibet
1460 2280 1506 2313 ad
1530 2280 1703 2314 barbaros

270 2329 353 2362 illos
381 2327 675 2371 constringendos
702 2338 821 2361 secum
845 2328 1028 2372 portabat,
1053 2337 1111 2366 ne,
1131 2326 1161 2359 si
1185 2326 1323 2370 absque
1347 2327 1500 2360 vinculis
1526 2326 1704 2360 duceren-

270 2380 352 2415 tur,
394 2375 621 2418 aufugerent,
669 2374 1040 2417 Scythae,cre‹1entes
1065 2371 1224 2417 peditum
1258 2383 1385 2416 agmen
1417 2372 1631 2412 adventare,
1664 2383 1705 2405 e-

271 2432 362 2465 quos
391 2421 655 2455 conscendunt:
695 2421 817 2453 castris
842 2419 1033 2465 pugnaturi
1061 2418 1350 2463 progrediuntur,
1397 2419 1630 2463 Scopelenses
1654 2419 1703 2452 si-

270 2469 460 2514 mulatque
487 2468 569 2500 illos
598 2467 723 2500 castris
747 2467 917 2500 viderunt
942 2465 1082 2511 egredi,
1120 2464 1227 2498 obliti
1252 2465 1382 2508 prioris
1408 2465 1635 2505 insolentiae,
1662 2465 1703 2498 in

270 2513 389 2557 fugam
413 2523 450 2546 se
478 2517 677 2557 penetrant.
727 2513 797 2546 Sed
823 2524 886 2557 per
909 2513 1016 2556 plana
1040 2511 1172 2553 campi,
1206 2511 1306 2544 nuno
1332 2522 1476 2555 prorsus
1502 2511 1610 2545 obvio
1634 2522 1701 2544 ne-

270 2569 388 2598 more,
422 2564 565 2602 praeter
590 2559 730 2604 equites
755 2569 861 2593 nemo
887 2558 1017 2591 evasit:
1052 2557 1187 2590 concisi
1227 2557 1272 2590 ad
1310 2569 1422 2591 unum
1458 2568 1590 2590 omnes.
1639 2557 1702 2590 1111

273 2605 382 2644 enim,
408 2608 547 2649 equites
573 2607 734 2651 inquam,
758 2605 856 2649 quod
880 2603 1029 2646 Scythae
1055 2602 1173 2635 adhuc
1194 2603 1334 2647 longius
1364 2603 1561 2642 distabant,
1587 2614 1702 2649 quan.

271 2650 318 2684 do
347 2651 429 2693 fuga
454 2651 538 2683 iniri
564 2657 689 2695 coepta
713 2657 778 2691 est,
813 2650 944 2683 deinde
971 2649 1068 2694 quod
1094 2648 1203 2681 iidem
1232 2651 1271 2682 in
1300 2650 1486 2693 peditibus
1505 2649 1701 2684 mactandis

272 2701 374 2729 erant
398 2699 584 2740 occupati,
620 2698 818 2730 incolumes
843 2697 880 2730 in
907 2696 1031 2738 urbem
1058 2705 1259 2738 pervenere.
1309 2696 1367 2728 Sic
1393 2696 1545 2729 stultitia
1574 2700 1610 2728 et
1636 2706 1700 2728 ex-

271 2753 352 2788 pers
386 2742 536 2776 rationis
562 2744 715 2787 impetus
745 2744 784 2776 in
813 2743 906 2776 mala
933 2742 1219 2786 praesentissima
1253 2741 1418 2775 homines
1450 2741 1700 2786 praecipitant,

271 2788 508 2836 Apocauchus
530 2793 612 2834 post
635 2789 844 2833 Scytharum
870 2788 1107 2834 irruptionem
1125 2788 1328 2822 Andronico
1344 2789 1552 2834 Palaeologo
1576 2793 1702 2834 proto-
