1800 3132
541 181 924 225 HISTORIARUM
966 184 1022 225 111
1062 189 1105 228 2.
1384 173 1390 178 ’
1485 180 1554 217 -21

103 285 183 328 xa?
209 284 424 329 α’ναίδειαν
457 285 535 327 τοῦ
574 283 726 340 α’νδρὸς
754 284 1014 336 α’γανακταῖν.
1079 280 1266 336 οἰόμενος
1293 283 1341 326 δὲ
1368 280 1444 336 την
1470 284 1550 335 βα·
1567 288 1748 334 A.G.13l.1

107 352 251 394 σιλίδα
278 347 306 406 ἢ
334 348 405 393 τὸν
432 347 702 405 πατριάρχην
735 343 874 406 (οὗτος
899 348 979 403 γὰρ
999 344 1080 404 ἤδη
1113 350 1338 404 προΐστατο
1364 350 1436 399 τῆς
1460 350 1562 401 βου-

109 420 227 474 λῆς,)
259 415 364 472 πρὸς
407 414 532 470 ὀργὴν
568 413 641 457 τόν
669 416 866 467 Χοῦμνον
906 410 1129 455 ἅπελάσειν
1156 415 1234 454 τοῦ
1261 413 1561 468 βουλευτηρίου

107 479 133 536 ἢ
173 481 304 536 λόγοις
341 481 576 534 ἐπιπλήξειν
604 482 674 535 τῆς
703 477 881 535 ἀκαίρου
912 480 1202 533 γλωσσαλγίας
1220 512 1232 531 ,
1278 473 1422 533 ἤνεγκε
1451 480 1563 534 σιγῇ.

85 550 171 597 5ὠς
198 549 243 590 δὲ
270 546 377 602 μήτε
403 549 502 603 παρ’
531 547 699 589 ἐκείνων
725 547 887 600 ἐλέγετο
915 548 998 587 τῶν
1026 544 1202 586 δεόντων
1223 562 1283 596 τι,
1313 542 1378 585 ἔτι
1401 545 1562 596 μᾶλλον

109 612 378 668 ἐταράττετο,
407 610 629 668 τεκμήριον
658 613 829 666 ἐναργὲς
858 610 1032 662 α’ταξίας
1061 612 1133 651 καί
1161 610 1371 665 α’ναρχίας
1392 610 1563 661 τιθέμε-

107 695 176 728 νος
193 678 265 721 τὸν
282 676 426 733 λόγον,
456 681 497 721 εἰ
521 680 648 720 πᾶσιν
677 679 841 728 ἐξέσται
869 682 955 727 τοῖς
979 675 1143 729 μείζοσι
1174 672 1447 730 προσκρούειν
1464 674 1563 716 ἅδε-

107 747 179 793 ὦς.
247 747 450 799 Τορνίκης
479 745 527 786 δὲ
554 744 792 799 Δημήτριος
822 743 898 783 οὐκ
927 740 1103 795 ἑνεγκιόν
1134 739 1215 796 ’την
1246 741 1450 793 ἀτοπίαν,
1474 747 1477 749 ’
1493 740 1569 792 ,,τι’

110 807 184 854 οὖν
194 813 235 863 ‚·”
262 807 350 852 εἶπε
379 811 690 865 ,,δημοκρατίαν
707 807 789 864 χρὴ
820 814 952 850 ποιεῖν
978 805 1053 861 τὴν
1076 806 1298 859 Ῥωμαίων
1326 808 1560 859 βασιλείαν,

61 878 161 924 ιοῖ’ν’
175 879 246 933 ἐξῇ
266 877 397 918 παντί
409 893 463 934 τῳ
478 877 759 928 βουλεύεσθαι
770 874 843 916 καί
861 876 1008 928 λέγειν,
1027 869 1132 915 ἅττα
1153 867 1206 914 ἂν
1230 874 1346 929 δοκῇ,
1367 870 1442 913 καί
1465 873 1566 926 περὶ

108 940 310 996 μειζόνων
344 940 418 983 καὶ
447 938 678 983 ἐλαττόνων
705 939 987 996 πραγμάτων,
1028 939 1101 981 καί
1129 936 1308 993 α’νάγκην
1337 939 1561 992 προστιθέ-

108 1024 178 1051 ναι
203 1013 289 1057 τοΐς
315 1009 497 1061 βελτίοσι
525 1010 713 1062 στέργειν
738 1004 789 1047 τοὶ
820 1006 1106 1061 ἐψηφισμένα.
1145 1007 1218 1045 καί
1235 1002 1359 1045 ποίαν
1385 1002 1603 1052 α’τοπίαςῡ

109 1070 164 1116 ἂν
190 1071 426 1130 ὑπερβολὴν
460 1073 617 1114 ἐλλίποι
654 1070 699 1114 τό
729 1074 919 1114 τοιοῦτον
929 1070 969 1124 ,·”
994 1069 1254 1125 ὡρμημένων
1284 1085 1330 1110 τε
1359 1063 1439 1123 ἤδη
1468 1069 1566 1122 περὶ

107 1142 192 1181 τῶν
226 1137 422 1181 τοιούτων
459 1135 654 1193 ἀλληλοις
682 1137 937 1191 ἀντιλέγειν,
982 1137 1160 1189 ἐπέσχεν
1193 1134 1219 1189 ἢ
1249 1134 1441 1187 βασιλίς,
1481 1135 1564 1175 τῶν

61 1201 295 1260 ιὸἆκαίρων
328 1205 597 1258 ἀποσχέσθαι
623 1202 851 1245 κελεύουσα
878 1200 1011 1256 λόγων
1037 1203 1218 1243 τουτωνὶ
1235 1202 1309 1242 καὶ
1327 1200 1565 1253 ιίναγκαίων

108 1272 206 1324 πέρι
234 1271 521 1323 διαλέγεσθαι.
578 1268 601 1310 ὖ
628 1271 760 1323 μέγας
792 1270 837 1311 δὲ
868 1269 1107 1321 δομὲστικος
1138 1263 1468 1320 ὑποκρινάμενος
1496 1261 1565 1311 τὸν

107 1333 321 1389 στόμαχον
364 1334 521 1390 ἀλγεῖν,
570 1333 790 1377 ἐπλάττετό
831 1349 875 1376 τε
918 1335 1179 1389 στρέφεσθαι
1221 1331 1273 1374 τοὶ
1319 1330 1436 1373 ἔνδον
1495 1329 1568 1371 καὶ

106 1401 282 1455 ἐσιώπα,
313 1400 370 1450 ὦς
396 1403 504 1456 μηδὲ
536 1403 799 1457 φθέγγεσθαι
834 1401 1067 1453 δυνάμενος
1097 1397 1178 1440 ὑπὸ
1211 1400 1282 1453 τῆς
1324 1394 1564 1452 α’λγηδόνος.

111 1467 149 1511 οἶ
182 1469 228 1510 δὲ
257 1467 446 1515 ἀτάκτως
473 1464 730 1522 ἐθορύβουν,
759 1468 930 1514 ἕκαστος
956 1463 1001 1507 τὸ
1042 1460 1371 1520 προσιστάμενον
1409 1458 1562 1515 βουλό-

55 1548 231 1586 αομενος
266 1535 437 1586 κυροῦν.
509 1530 547 1573 οἱ
574 1533 652 1584 μὲν
678 1530 760 1587 γὰρ
790 1530 927 1585 ἔλεγον
957 1532 1044 1571 δεῖν
1072 1529 1282 1581 Σίσμανον
1309 1525 1686 1579 διασώζειν,Ρ.354

111 1598 247 1652 ἱκέτην
266 1594 565 1653 τῆςῬωμαίων
585 1598 800 1650 βασιλείας
818 1596 1100 1651 γεγενημένον,
1129 1596 1203 1635 καί
1218 1592 1276 1648 μη
1309 1594 1564 1649 καταπροδιτ-

114 1662 260 1716 δόναι,
296 1663 336 1704 εἰ
362 1664 428 1703 δεῖ
451 1680 492 1705 τι
518 1663 592 1703 καί
615 1665 699 1704 ταῖν
727 1657 947 1718 δυσχερῶν
977 1658 1202 1713 ὑπομένειν
1231 1662 1290 1700 δι’
1323 1658 1466 1700 αὕτόν.
1526 1657 1566 1701 οἶ
1599 1682 1602 1685 ’

113 1731 160 1771 δὲ
202 1727 277 1783 την
309 1725 458 1783 χώραν
481 1729 644 1782 μᾶλλον
681 1726 756 1769 καί
779 1726 831 1769 τὰ
860 1728 989 1769 οἰκεῖα
1017 1723 1244 1776 διασώζειν
1271 1726 1346 1767 καί
1370 1723 1430 1780 μὴ
1458 1727 1566 1780 βαρ-
1589 1720 1592 1723 “

211 1828 261 1860 17.
288 1815 444 1850 ἔπλαττε
470 1813 556 1848 τότε
578 1815 615 1848 Ρ.

112 1895 303 1931 triarcham
327 1895 408 1941 (ille
444 1895 541 1929 enim
575 1895 729 1928 consilio
765 1892 1012 1940 praesidebat)
1050 1894 1161 1927 iratos
1188 1904 1208 1928 e
1242 1894 1344 1927 curia
1379 1892 1566 1926 hominem

112 1949 317 1983 exacturos,
352 1947 416 1976 aut
439 1941 559 1975 verbis
583 1942 710 1975 saltem
742 1940 786 1975 ‹le
812 1943 902 1980 istac
927 1945 1002 1973 tam
1037 1940 1294 1986 intempestiva
1327 1939 1472 1984 linguae
1498 1950 1566 1984 pe-

111 1990 268 2024 tutantia
292 1988 544 2035 obiurgaturos
568 1988 761 2033 sperabat,
798 1988 843 2021 ad
868 1987 1130 2020 coutumeliam
1154 1987 1278 2021 tacuit.
1328 1986 1418 2018 Cum
1443 1993 1567 2021 autem

112 2037 171 2071 illi
199 2042 323 2069 contra
348 2048 394 2070 ne
419 2037 596 2070 mutirent
621 2035 769 2081 quidem
805 2032 919 2081 (quod
946 2033 1094 2066 minime
1122 2033 1292 2078 decebat)
1335 2033 1451 2065 maior
1483 2044 1567 2066 eum

114 2083 340 2128 perturbatio
377 2083 547 2123 incessit,
573 2093 639 2127 pro
672 2082 866 2114 manifesto
895 2079 1119 2113 confusionis
1145 2086 1182 2113 et
1206 2079 1398 2113 anarchiae
1426 2078 1568 2112 haben-

113 2136 188 2163 tem
219 2130 376 2169 iudicio,
401 2130 431 2162 si
456 2129 494 2162 in
519 2131 682 2175 quemvis
707 2139 726 2161 e
754 2126 952 2160 maioribus
979 2125 1095 2160 libere
1124 2127 1298 2160 insultare
1323 2126 1460 2160 liceret.
1495 2126 1568 2159 De-

115 2177 265 2210 metrius
299 2181 421 2210 autem
456 2176 648 2209 Tor-nicius
683 2175 915 2208 insolentiam
949 2184 1023 2205 non
1059 2175 1191 2214 terens,
1241 2171 1341 2216 Quid
1379 2172 1448 2205 hoc
1483 2172 1567 2205 rei?

114 2223 259 2268 inquit,
297 2223 343 2256 ad
369 2223 672 2256 democratiamne
706 2223 900 2255 Romanum
927 2219 1122 2264 imperium
1148 2219 1372 2262 redigemus,
1415 2225 1455 2252 ut
1482 2218 1567 2250 uni-

114 2271 247 2314 cuique
272 2269 324 2302 fas
350 2271 398 2303 sit
423 2270 611 2302 consulere
637 2279 678 2302 ac
698 2269 824 2302 dicere
851 2278 915 2312 pro
945 2265 1102 2299 libidine
1129 2276 1246 2311 aeque
1273 2266 1309 2298 in
1341 2264 1567 2310 gravioribus

115 2320 158 2348 ut
181 2317 220 2348 in
244 2315 440 2350 levioribus
457 2341 466 2355 ,
504 2321 541 2349 et
563 2314 862 2360 prudentioribus
892 2324 956 2346 sua
981 2312 1126 2345 decreta
1156 2312 1382 2357 approbandi
1408 2314 1566 2345 necessi-

115 2367 228 2396 tatem
257 2363 469 2408 imponere?
512 2361 614 2407 Quid
639 2362 785 2395 tandem
816 2360 886 2394 hoc
921 2358 1090 2392 stolidius
1117 2359 1196 2392 fieri
1222 2358 1358 2403 queat?
1399 2358 1565 2404 Cumque

118 2409 188 2441 iam
224 2409 320 2442 inter
351 2420 389 2443 se
424 2410 590 2443 altercari
623 2409 847 2453 inciperent,
896 2407 1107 2450 imperatrix
1141 2417 1179 2439 se
1211 2405 1464 2448 interponens,
1501 2416 1563 2438 eos

116 2454 284 2488 cohibuit
307 2455 471 2496 hortata,
502 2460 565 2496 ut,
598 2454 802 2488 istiusmodi
828 2453 1055 2486 sermonibus
1085 2451 1214 2484 alienis
1240 2452 1395 2492 omissis,
1428 2452 1472 2486 de
1496 2463 1564 2484 ne,

114 2502 278 2535 cessariIs
305 2501 531 2537 dissererent.
580 2501 728 2546 Magnus
765 2500 982 2534 domesticus
1018 2499 1178 2532 dolorem
1209 2499 1380 2532 stomachi
1416 2504 1453 2531 et
1484 2504 1563 2531 tor-

115 2551 214 2583 mina
243 2548 412 2581 simulare
442 2549 648 2592 sileteque,
687 2558 729 2579 ac
762 2547 791 2580 si
819 2548 999 2579 cruciatus
1035 2545 1097 2576 ille
1133 2544 1204 2576 sibi
1237 2555 1359 2578 vocem
1393 2546 1560 2589 eriperet.

116 2596 177 2630 llli
203 2594 415 2628 immodeste
444 2601 608 2627 mutuum
634 2594 863 2638 obstrepere,
903 2592 987 2625 dum
1021 2591 1176 2635 quisque
1215 2592 1439 2635 propositum
1475 2602 1562 2624 con-

115 2642 258 2674 firmare
282 2642 422 2674 nititur.
470 2641 627 2686 Quidam
655 2641 751 2672 enim
778 2641 981 2673 Sismanum
1006 2637 1154 2670 Romani
1193 2637 1335 2681 imperii
1361 2638 1562 2682 supplicem

116 2688 421 2727 conservandum,
448 2698 521 2720 non
552 2686 776 2731 prodendum
805 2686 1032 2724 asserebant,
1059 2684 1198 2716 etiamsi
1224 2685 1301 2716 eius
1329 2696 1433 2717 causa
1455 2685 1563 2729 quip-

117 2735 213 2778 piam
250 2735 372 2767 durius
405 2734 611 2777 patiendum
639 2733 742 2766 soret.
791 2733 861 2765 Alii
900 2731 1009 2775 magis
1038 2731 1220 2773 regionem
1248 2736 1283 2762 et
1311 2733 1456 2775 propria
1485 2743 1561 2763 ser-

117 2781 233 2817 vanda
257 2781 490 2826 tuendaque,
515 2791 581 2813 nee
604 2785 751 2824 propter
773 2779 962 2824 fugitivum
995 2776 1190 2811 barbarum
1216 2778 1252 2810 iu
1277 2779 1438 2821 praevisa
1464 2777 1560 2823 peri-
