1812 3132
523 179 900 222 ms‘romARuM
938 181 1010 220 111.
1049 183 1118 226 25.
1436 180 1454 214 1
1469 158 1536 233 57

106 285 185 338 μὲν
210 286 367 337 ἐπέσχε
388 280 492 337 πρὸς
519 277 603 335 ὅ,τι
631 279 883 337 τραπόμενος
911 283 1196 336 ἀποκρινεῖται
1222 277 1538 335 στοχαζόμενος,
1552 286 1634 322 Ac.
1651 287 1734 331 ι34ι

107 349 181 392 καί
220 345 356 403 σιωπὴ
396 350 555 402 βαθεῖα
587 345 633 389 τό
671 349 853 401 θέατρον
890 352 1080 400 κατεῖχε,
1118 345 1282 389 πάντων
1325 345 1427 402 πρὸς
1467 343 1543 399 τὴν

107 413 307 470 ἀκρόασιν
341 415 425 455 τῶν
451 412 774 467 λεχθησομένων
813 411 1037 467 μετεώρων
1072 411 1359 469 ὑπαρχόντων.
1421 408 1543 464 μόλις

108 481 155 522 δὲ
184 477 322 534 ὥσπερ
359 476 436 534 τὴν
478 478 526 519 ἐκ
551 479 633 520 τῶν
667 476 916 533 ἀμφιβόλων
953 476 1160 532 σύγχυσιν
1197 479 1408 532 λογισμῶν
1439 474 1546 518 ‹2710-

78 543 407 601 ὄκρουσάμενος,
446 545 560 598 ,,τῶν
586 545 666 596 μὲν
697 545 938 599 προτέρων”
966 541 1048 598 ἔφη
1079 545 1316 598 ,,λογισμῶ’ν
1346 545 1446 598 περὶ
1471 543 1548 584 τοῦ

105 611 192 652 δεῖν
213 612 348 666 μηδὲν
374 611 458 652 τῶν
485 603 614 651 ὄντων
639 614 901 662 μετακινεῖν,
921 610 1030 664 μηδὲ
1050 610 1304 664 νεωτερίζειν
1320 641 1331 659 ,
1362 607 1423 651 ἔτι
1451 607 1546 661 ἔχο-

102 691 183 728 μαι
212 677 287 717 ’eat‘
309 677 470 728 μᾶλλον
497 673 626 723 αὐτὸς
649 673 854 730 αἱροῦμαι
907 673 957 716 οὕ
1005 676 1087 716 τῶν
1117 674 1396 730 ὑπαρχόντων
1422 671 1549 727 μόνον

101 741 463 796 ἀποστερηθῆναι,
493 741 582 783 ἀλλ’
610 739 656 782 εἴ
675 756 718 782 τι
747 741 833 782 δέοι
861 739 935 782 καί
955 742 1038 782 τῶν
1066 740 1301 795 α’νηκέστων
1318 739 1544 793 ὑποστῆναι
1559 752 1595 788 Ρ,
1607 753 1667 797 43.

102 807 148 848 ἐν
170 808 230 864 τῷ
258 805 423 859 σώματι
441 838 453 859 ,
483 802 513 861 ἧ
539 808 722 859 πολέμου
750 806 968 862 πρόφασιν
995 806 1205 861 ἐμφυλίου
1235 808 1548 860 παρασχέσθαι.

54 869 176 926 ιοτὴν
202 871 284 927 γὰρ
330 873 375 913 ἐκ
417 869 583 927 πρώτης
623 872 789 926 ἡλικίας
828 871 958 912 αὐτοί
985 887 1059 924 μοι
1090 868 1256 912 σύνιστε
1286 870 1545 925 ἀπέχθειαν,

102 936 156 992 ἣν
182 935 306 992 ἔσχον
331 938 431 993 περὶ
455 935 503 979 τό
533 936 584 978 τὰ
615 937 817 992 α’λλότρια
859 934 1106 991 διαρπάζειν
1135 932 1162 991 ἢ
1201 935 1345 991 φόνοις
1379 939 1547 991 χαίρειν

102 1003 178 1045 καί
206 1006 449 1058 λεηλασίαις
475 1004 548 1044 καί
573 1006 758 1059 φθοραῖς
786 1002 1037 1058 ἀνθρώπων.
1092 1000 1155 1043 ἔτι
1181 1002 1226 1042 δὲ
1255 1002 1356 1043 οὐδὲ
1382 999 1548 1057 βαρβά-

101 1084 203 1124 ρους
228 1065 516 1124 καί“Ἐλληνας
552 1066 713 1121 μόνον,
755 1063 847 1110 ὅσοι
883 1066 962 1122 τὴν
989 1065 1098 1122 πρὸς
1129 1065 1334 1122 ἀλλήλους
1370 1068 1478 1119 ἐμοῦ
1502 1083 1547 1109 τε

100 1134 176 1176 καὶ
199 1136 408 1189 βασιλέως
438 1133 645 1177 ἐπύθοντο
671 1136 817 1190 φιλίαν
835 1166 846 1185 ,
879 1131 986 1175 ἀλλὰ
1016 1132 1091 1174 καί
1116 1130 1233 1187 ἥλιον
1264 1129 1316 1175 ἂν
1342 1132 1415 1174 καὶ
1442 1130 1487 1174 εἴ
1506 1149 1547 1175 τι

50 1198 180 1243 ιότῶν
209 1199 392 1255 ἀψύχων
418 1202 578 1255 ἕτερον,
609 1199 908 1254 αἰσχυνοίμην,
948 1200 989 1241 εἰ
1013 1203 1100 1248 τοῖς
1130 1199 1289 1240 ἐκείνου
1317 1200 1441 1240 παισί
1469 1213 1546 1239 πο-

98 1265 240 1318 λέμιος
273 1265 382 1318 μετὰ
418 1264 495 1319 τὴν
535 1266 693 1307 ἐκείνου
733 1263 926 1319 τελευτὴν
967 1264 1194 1321 φαινοιζιιην
1229 1267 1319 1306 νῦν.
1374 1263 1424 1306 οὕ
1463 1262 1544 1318 γὰρ

97 1330 223 1384 μόνον
249 1328 355 1386 ὖπὲρ
383 1333 461 1372 τοῦ
489 1331 564 1387 ζῇν
592 1332 749 1373 ἐκεῖνον
776 1328 823 1372 τό
860 1328 1089 1372 ἀποθανεῖν
1116 1328 1272 1383 αὐτὸς,
1309 1330 1394 1384 εἴγε
1436 1331 1546 1384 ἐξῆν,

97 1393 156 1445 οἷς
183 1392 336 1451 ἥδιστα
365 1391 419 1438 ἂν
448 1393 648 1451 εἱλόμην,
680 1394 786 1437 ἀλλὰ
813 1396 888 1437 καί
913 1395 1021 1447 μετὰ
1050 1394 1128 1450 τήν
1146 1394 1305 1437 ἐκείνου
1334 1393 1544 1449 τελευτήν,

97 1459 171 1502 τὸν
198 1461 336 1503 πάντα
364 1462 580 1517 ἐφορῶντα
602 1458 874 1517 μαρτύρομαι
903 1460 1130 1518 ὄφθαλμὸν
1146 1493 1159 1513 ,
1186 1460 1243 1510 ὥς
1268 1459 1321 1502 τὰ
1349 1464 1580 1514 βέλτισταΒ

45 1525 171 1568 αοκαὶ
199 1528 518 1569 λυσιτελέστατα
545 1526 648 1582 περί
669 1542 713 1568 τε
740 1529 925 1582 γαμετῆς
952 1526 1025 1569 καί
1039 1528 1194 1569 τέκνων
1213 1526 1460 1581 διενοούμην
1478 1527 1550 1568 καί

98 1590 235 1633 πάντα
263 1590 458 1646 πράττειν
485 1591 559 1633 καὶ
584 1591 849 1647 ὖφίστασθαι
880 1591 1015 1634 πάντα
1035 1594 1250 1646 κίνδυνον,
1283 1592 1337 1634 ἵν’
1380 1593 1549 1634 ἐκείνων

100 1671 146 1698 τε
185 1659 269 1698 πᾶν
306 1656 429 1711 ἀπείη
467 1657 671 1711 δυσχερὲς
701 1656 775 1698 καί
811 1655 865 1698 τὰ
888 1657 1108 1710 Ῥωμαίων
1145 1659 1217 1701 ἐπὶ
1240 1660 1349 1712 μέγα
1379 1657 1452 1699 καί
1478 1658 1548 1699 εὖ-

98 1719 239 1770 κλείας
261 1719 423 1776 αἴροιτο
454 1724 527 1764 καί
551 1721 697 1777 τύχης,
724 1723 867 1774 μένων
891 1721 963 1764 ἐπὶ
990 1723 1066 1764 τοῦ
1092 1721 1294 1779 παρόντος
1321 1722 1546 1779 σχήματος.

97 1787 197 1828 νυνί
217 1801 261 1828 τε
289 1788 370 1841 οιῖχ
398 1781 523 1842 ἧττον
549 1786 655 1842 μετὰ
686 1787 760 1831 τόν
793 1786 1062 1845 κηρυχθέντα
1089 1790 1190 1845 παρ’
1219 1789 1387 1831 ἐκείνων
1421 1785 1545 1830 πόλε-

191 1891 246 1925 23.
272 1890 336 1923 καὶ
360 1901 428 1925 om.
440 1892 479 1926 P.

98 1985 246 2026 tineus,
297 1985 464 2019 omnibus
502 1984 550 2018 ad
587 1985 811 2020 audiendum
845 1998 949 2021 aures
984 1986 1250 2034 arrigentffius,
1285 1988 1433 2022 tandem
1460 1988 1543 2028 vix,

97 2031 212 2065 veluti
244 2030 498 2065 fluctuantium
540 2033 801 2076 cogitationum
834 2034 1048 2067 confusione
1079 2035 1209 2079 pulsa,
1249 2034 1380 2068 Prioris
1417 2035 1545 2079 placiti

97 2077 192 2116 mei,
214 2078 360 2123 inquit,
383 2078 480 2111 nihil
505 2078 551 2112 de
575 2084 671 2112 statu
695 2081 878 2124 praesenti
904 2080 1168 2115 immutandum
1192 2091 1313 2126 neque
1338 2081 1543 2116 novandum

99 2122 323 2168 quidquam,
358 2124 519 2159 nondum
544 2135 601 2158 me
631 2126 816 2170 poenitet:
852 2126 1021 2172 maloque
1058 2139 1132 2161 non
1167 2127 1402 2161 facultatibus
1435 2128 1543 2162 modo

99 2169 272 2214 spoliari,
295 2170 359 2204 sed
381 2171 411 2203 si
436 2182 583 2205 necesse
608 2172 699 2213 erit,
725 2172 835 2205 etiam
860 2174 1102 2207 cruciamenta
1125 2174 1165 2208 in
1189 2185 1339 2219 corpore
1355 2185 1436 2208 meo
1459 2186 1544 2220 per-

99 2216 216 2255 ferre,
273 2227 355 2250 uam
385 2217 522 2250 bellum
546 2218 653 2252 civile
676 2218 918 2252 introducere.
966 2219 1109 2253 Mecum
1146 2221 1244 2253 enim
1282 2222 1383 2254 iuxta
1414 2223 1542 2261 nostis,

127 2272 208 2294 uam
233 2273 252 2294 a
312 2262 594 2298 adolescentulis
627 2264 767 2299 oderim
793 2265 915 2298 aliena
941 2276 1066 2311 rapere
1091 2270 1129 2300 et
1152 2267 1279 2300 laetari
1314 2267 1542 2312 depraedan-

82 2273 179 2349 fiis,
202 2309 395 2353 perdendis
420 2309 701 2357 occidendisque
725 2311 948 2345 hominibus.
997 2314 1186 2346 Praeterea
1216 2323 1291 2346 non
1323 2313 1422 2358 apud
1457 2314 1543 2348 bar-

98 2353 205 2388 baros
229 2359 267 2388 et
289 2355 444 2390 Graecos
471 2357 587 2390 solum
601 2382 612 2397 ,
630 2368 785 2404 quorum
813 2369 878 2403 per
901 2370 1006 2392 aures
1029 2359 1308 2393 necessitudinis
1331 2370 1434 2395 meae
1460 2372 1542 2394 cum

101 2401 318 2444 imperatore
342 2401 437 2436 fama
461 2403 637 2447 pervasit:
676 2403 742 2438 sed
770 2408 806 2436 et
840 2415 959 2438 coram
985 2405 1062 2439 sole
1094 2405 1164 2439 hoc
1189 2410 1226 2439 et
1253 2407 1285 2440 si
1316 2406 1407 2452 quid
1440 2408 1542 2441 aliud

90 2446 301 2481 'inanimum
323 2448 585 2484 nominandum
609 2454 684 2492 est,
709 2451 981 2492 erubescerem,
1012 2452 1042 2485 si
1068 2462 1164 2485 nunc
1186 2456 1270 2497 post
1295 2455 1374 2488 eius
1399 2454 1542 2488 obitum

100 2491 216 2527 hostia
239 2494 383 2528 viderer
420 2495 519 2529 illius
560 2495 657 2530 filiis.
706 2496 788 2530 Non
815 2502 958 2531 tantum
983 2499 1081 2531 enim
1113 2509 1180 2542 pro
1208 2499 1286 2532 eius
1316 2501 1391 2536 vita
1423 2511 1542 2535 meam

101 2539 290 2580 amittere,
321 2540 351 2574 si
376 2540 541 2575 licuisset
556 2567 568 2582 ,
595 2542 816 2577 mirabiliter
840 2544 1060 2578 voluissem:
1085 2544 1148 2577 sed
1175 2548 1212 2577 et
1234 2550 1317 2590 post
1343 2547 1421 2581 eius
1443 2558 1542 2581 mor-

100 2590 176 2619 tem
201 2586 358 2629 (oculum
383 2588 505 2621 omnia
530 2588 734 2622 intuentem
760 2590 889 2636 testor)
915 2591 1022 2623 uxori
1054 2595 1091 2623 et
1112 2589 1239 2624 liberis
1271 2603 1378 2637 quam
1402 2594 1540 2639 optime

102 2631 247 2676 cupivi,
283 2633 404 2667 omnia
428 2633 544 2668 facere
566 2646 608 2669 ac
634 2634 757 2668 subire
784 2646 890 2670 omne
928 2637 1125 2680 periculum
1161 2643 1331 2682 paratus,
1369 2645 1406 2674 et
1429 2646 1470 2674 ut
1493 2641 1540 2674 ab

101 2677 177 2711 iuis
200 2678 344 2713 abesset
370 2681 484 2713 omnis
508 2682 675 2715 molestia
701 2687 738 2715 et
762 2687 804 2716 ut
830 2693 886 2716 res
912 2682 1067 2716 Romana
1099 2682 1146 2714 ad
1169 2683 1318 2727 gloriam
1349 2691 1387 2720 et
1419 2687 1540 2720 felici-

101 2727 226 2766 tatem,
248 2736 306 2759 me
325 2726 422 2760 hunc
447 2727 584 2761 cultum
610 2729 804 2767 retinente,
829 2729 961 2762 eximie
984 2728 1186 2773 proficeret.
1226 2730 1330 2764 Nunc
1356 2743 1440 2767 vero
1465 2745 1540 2766 non

101 2770 220 2806 minus
245 2777 328 2818 post
358 2771 496 2807 bellum
530 2769 577 2807 ab
609 2774 698 2820 ipsis
730 2775 833 2809 nulla
857 2774 903 2809 de
928 2785 1033 2808 causa
1056 2779 1095 2809 et
1117 2775 1376 2821 iniustissIme,
1408 2784 1449 2813 ut
1474 2791 1537 2826 ego
