1812 3132
548 173 929 219 nisTouiARUM
968 179 1040 218 111.
1074 181 1145 226 21.
1468 180 1485 214 1
1499 160 1532 215 3
1545 180 1564 214 1

127 276 375 332 ριγενέσθαι,
431 267 536 315 ἆλλά
571 275 649 316 νῦν
686 276 766 327 μὲν
794 278 874 317 τῶν
902 277 1130 331 εἰρημένων
1160 279 1286 332 δῆλον
1312 276 1420 332 πρὸς
1440 276 1665 320 αὕτὸνΑοῧ·
1683 279 1764 323 ¹34¹

123 343 258 395 μηδὲν
280 344 440 392 ποιεῖν,
471 335 577 381 ἆλλὰ
606 340 896 392 σκεψαμένους
922 341 1054 383 πολλὰ
1082 342 1156 384 καί
1180 342 1352 399 βασάνῳ
1383 341 1430 384 τὸ
1466 345 1576 398 πρᾶ-

126 422 216 461 γμα
245 403 394 454 δόντας
426 405 620 459 α’κριβεῖ,
651 404 732 454 ἕως
758 401 810 446 ἂν
838 408 990 455 ἐκεῖνος
1019 405 1106 463 α’πῇ
1133 407 1236 463 πρὸς
1265 408 1339 463 τὴν
1366 405 1574 464 ἑσπέραν,

122 469 226 524 μετὰ
266 467 340 524 τὴν
376 466 578 511 ἐπάνοδον
618 468 753 518 ειῖθύς
798 471 1039 513 καλεῖνὲπί
1063 471 1140 527 τὴν
1170 475 1300 529 δίκην,
1328 476 1403 516 καί
1428 473 1576 529 καιρὸν

98 535 473 591 5παρασχομένους
499 534 604 590 πρὸς
633 535 880 590 α’πολογίαν,
910 533 937 590 ἢ
965 541 1364 594 καταψηφίζεσθαι,
1394 535 1445 582 ἂν
1474 557 1578 596 φαι-

122 617 244 655 νηται
271 601 503 655 ἐπιορκῶν,
535 597 565 656 ἢ
594 604 677 642 τῶν
703 599 973 655 ἐγκλημάτων
1001 601 1198 645 α’πολύειν
1215 637 1227 658 ,
1256 601 1309 647 ἂν
1334 608 1466 660 μηδὲν
1493 607 1577 648 τῶν

121 666 465 718 ὖποπτευομένων
487 667 755 722 εἰργασμένος
781 661 823 723 ᾗ.
880 670 1056 709 τοιαῦτα
1083 671 1162 720 μὲν
1192 667 1218 724 ἦ
1244 673 1410 724 βασιλίς
1436 670 1578 714 δίκαιά

120 747 167 773 τε
196 729 304 784 ὁμοῦ
334 730 407 772 καί
429 732 698 787 συμφέροντα
728 733 920 787 οἰομένη,
951 733 1215 787 οἷπεκρινατο.

229 795 304 840 κα’.
355 794 402 839 Ὁ
439 794 703 853 πατριάρχης
740 799 786 839 δὲ
833 799 1027 852 ἐλέγχους
1056 798 1293 852 πυθόμενος
1319 800 1393 842 καί
1429 802 1700 858 δίκην,Ρ.4ι6

70 861 274 918 ιοπολλήν
299 877 342 904 τε
367 859 504 919 ἑαυτῷ
530 861 715 911 καὶτοῖς
742 857 885 912 ἄλλοις
912 862 1115 912 συνειδώς
1142 868 1453 920 συκοφαντίαν,
1501 870 1577 910 καί

96 927 195 970 ,τὸν
230 929 424 970 κίνδυνον
459 930 675 983 συνορῶν,
726 925 824 977 ὅσος
867 930 1012 977 αὐτοῖς
1046 927 1151 981 μετα
1187 932 1263 985 τῆς
1289 931 1573 987 συκοφάνταις

118 990 407 1047 προσηκούσης
432 991 637 1048 αἰσχύνης
663 996 904 1049 περιέσται,
943 993 1100 1049 η’γωνία
1138 1011 1181 1036 τε
1222 997 1273 1036 οὔ
1298 999 1478 1052 μετρίως
1504 997 1615 1040 καίΒ

118 1059 178 1114 τῷ
217 1059 394 1116 πλείστῳ
430 1059 552 1114 μέρει
593 1053 648 1113 ἧν
690 1056 774 1100 ὑπὸ
816 1060 938 1120 δέους
980 1055 1291 1115 ἇποτεθνηκώς.
1351 1060 1416 1103 ἔτι
1446 1064 1492 1104 δὲ
1522 1062 1572 1105 οὖ

121 1121 367 1164 παντάπασι
395 1121 504 1177 πρὸς
529 1121 576 1165 τὸ
606 1130 854 1179 κακουργεῖν
882 1124 1150 1180 α’πειρηκιός,
1182 1124 1321 1182 ὥσπερ
1351 1125 1429 1181 τήν
1466 1126 1575 1169 α’πό-

66 1191 234 1234 ι5νοιαν
256 1187 476 1241 βασιλίδος
504 1186 792 1242 οἰκτιζόμενος,
824 1189 900 1244 „gv
928 1184 1014 1238 οἷς”
1041 1189 1201 1246 ἔφασκε
1224 1189 1471 1247 »πράγμασι
1499 1192 1575 1234 καί

118 1250 141 1294 ὅ
170 1251 270 1309 θεὸς
311 1248 477 1295 ἄνωθεν
505 1253 820 1311 συνεφάπτεται
839 1287 851 1306 ,
898 1250 1087 1309 εύδρομα
1115 1255 1254 1299 πάντα
1282 1258 1357 1298 καί
1379 1261 1471 1298 λεῖα
1499 1257 1575 1299 και)

115 1313 433 1374 κατορθούμενα
465 1318 660 1375 ἀπονητί·
717 1313 775 1362 ὧν
813 1323 849 1362 δ’
881 1319 1013 1369 αὕτὸς
1040 1319 1146 1363 ἑκών
1172 1324 1365 1374 μεθίεται
1392 1321 1499 1377 πρὸς
1525 1320 1570 1364 τὸ

117 1386 435 1438 διαφθαρῆναι,
481 1383 724 1427 τούναντίον
753 1381 893 1439 ἅπαν,
938 1388 1161 1435 δυσκολίας
1189 1389 1365 1440 γέμοντα
1394 1389 1469 1428 καί
1493 1405 1570 1429 τα-

119 1451 266 1503 ραχῆς.
337 1447 416 1503 ἐγώ
456 1451 502 1491 δὲ
538 1450 676 1492 καίτοι
713 1451 921 1499 κινδύνοις
959 1457 1047 1499 τοῖς
1077 1450 1274 1505 ἐσχάτοις
1302 1451 1374 1494 διὰ
1405 1451 1482 1507 τὴν
1509 1455 1570 1502 εἰς

65 1511 231 1567 Ζοῦμᾶς
261 1508 427 1556 εὔνοιαν
456 1513 643 1566 ἐμαυτὸν
669 1515 940 1571 περιβαλών,
974 1516 1023 1558 οὗ
1051 1519 1252 1559 τοσοῦτον
1279 1519 1324 1559 έν
1353 1519 1472 1575 δεινῷ
1490 1516 1569 1570 τὴν

118 1580 398 1632 κακοπραγίαν
438 1580 611 1631 τίθεμαι
651 1579 724 1635 τὴν
767 1582 973 1635 ἐμαυτοῦ,
1027 1576 1132 1636 ἄχρι
1171 1584 1459 1638 καθαιρέσεως
1486 1584 1569 1623 τῶν

117 1643 283 1699 θρόνων
310 1644 384 1685 καί
409 1645 696 1699 δεσμωτηρίου
726 1645 947 1700 ἐσομένην,
993 1642 1076 1703 ὅσῳ
1106 1644 1180 1699 τὴν
1210 1646 1442 1700 ὑμετέραν,
1486 1647 1561 1688 οὐκ
1572 1648 1613 1682 V·
1628 1650 1694 1694 337

117 1710 347 1765 α’φαίρεσιν
374 1708 504 1762 μόνον
531 1711 754 1762 μέλλουσιν
782 1708 1050 1766 ὑφίστασθαι
1076 1712 1149 1765 τῆς
1173 1710 1392 1763 Ῥωμαίων
1412 1712 1560 1766 ἡγεμο-
1576 1716 1603 1750 C

116 1777 232 1826 νίας,
264 1773 369 1816 ιῖλλὰ
398 1773 472 1816 καί
497 1772 628 1829 αὐτῆς
655 1776 764 1831 ζωῆς
790 1775 948 1825 ἀκλεῶς
972 1775 1063 1830 ἅμα
1097 1775 1170 1817 καί
1184 1775 1436 1831 παρανόμως
1455 1778 1562 1819 (ἰπο-

115 1940 238 1963 verum
286 1929 382 1962 hene
418 1927 717 1975 perpendendum
759 1936 996 1976 accurateque
1034 1930 1312 1964 examinandum
1351 1934 1558 1978 negotium,

116 1977 202 2010 dum
224 1977 262 2008 in
288 1975 475 2009 occidente
499 1976 626 2016 abest,
674 1981 711 2009 et
734 1983 816 2020 post
840 1977 996 2010 reditum
1022 1977 1109 2010 citra
1134 1979 1396 2011 cunctationem
1422 1978 1559 2012 iudicio

114 2022 386 2065 arcessendum3
425 2033 465 2055 ac
489 2029 654 2068 tempore
681 2022 727 2055 ad
752 2023 1044 2066 respondendum
1069 2034 1258 2064 concesso,
1293 2025 1352 2057 vel
1383 2024 1560 2058 damnan-

116 2069 224 2109 dum,
248 2070 278 2101 si
303 2069 456 2113 periurii
481 2070 740 2113 comperiatur,
766 2071 823 2102 vel
849 2071 983 2104 sceiere
1009 2071 1106 2103 omni
1132 2070 1364 2111 solvendum,
1391 2071 1422 2103 si
1446 2071 1555 2112 nihil,

116 2125 269 2160 quorum
294 2121 478 2159 suspectus
504 2122 601 2155 erat,
630 2114 836 2160 designarit.
886 2116 984 2150 Haec
1009 2117 1220 2161 imperatrix
1246 2127 1362 2162 aequa
1387 2117 1496 2150 simul
1520 2123 1558 2151 et

115 2160 299 2195 commoda
322 2167 514 2206 reputans,
545 2162 744 2205 respondit.

207 2219 262 2242 αι.
309 2208 357 2242 At
387 2210 483 2241 enim
511 2208 715 2252 patriarcha
737 2206 969 2254 probationes
993 2215 1032 2243 et
1056 2208 1231 2242 indicium
1257 2207 1408 2242 audiens
1426 2234 1435 2249 ‚
1462 2220 1555 2244 con-

114 2254 265 2287 scientia
297 2265 381 2287 suae
415 2255 641 2301 aliorumque
679 2254 939 2298 sycophantiae
964 2261 1002 2289 et
1034 2256 1180 2301 quidem
1214 2254 1349 2287 mattae
1388 2257 1551 2296 excitus,

114 2300 159 2333 ad
183 2300 271 2333 haec
294 2310 440 2334 cernens
455 2326 464 2341 ,
500 2306 675 2346 quantum
699 2302 787 2344 ipsis
812 2306 954 2345 praeter
986 2302 1140 2335 dedecus
1172 2300 1401 2344 sycophantis
1441 2302 1550 2335 ‹lebi-

114 2352 192 2380 tum
217 2347 368 2390 periculi
393 2353 596 2387 crearetur,
631 2346 830 2392 angebatur
854 2347 965 2380 animi
993 2347 1225 2381 vehementer
1250 2352 1286 2379 et
1311 2347 1450 2383 timoris
1473 2359 1550 2381 ma—

114 2393 306 2437 gnitudine
342 2404 467 2436 parum
501 2393 692 2427 differebat
722 2405 743 2427 a
773 2395 935 2427 mortuis.
983 2394 1305 2433 Nondumstamen
1332 2394 1478 2428 omnino
1503 2394 1551 2427 ad

114 2439 209 2472 male
253 2439 457 2472 faciendum
494 2440 608 2473 fessus
625 2464 635 2480 ‚
684 2440 784 2473 velut
819 2441 1060 2484 imperatricis
1104 2441 1313 2474 caecitatem
1353 2440 1549 2481 miserans,

117 2484 261 2530 Quibus
288 2486 326 2518 in
351 2485 480 2527 rebus,
503 2486 646 2531 inquit,
674 2487 784 2519 etiam
808 2487 854 2520 de
878 2488 979 2520 eaelo
1003 2489 1099 2521 Deus
1130 2485 1300 2528 adiuvat,
1331 2489 1452 2520 omnia
1487 2498 1550 2522 ve-

115 2532 172 2565 lut
195 2532 242 2565 ad
265 2543 407 2564 cursum
430 2533 537 2577 plana
561 2539 597 2566 et
621 2533 791 2576 expedita
814 2539 898 2566 sunt
929 2544 970 2566 ac
1003 2534 1106 2566 nullo
1140 2532 1266 2566 labore
1295 2532 1450 2567 feliciter
1487 2545 1550 2579 ge·-

116 2583 266 2611 runtur:
305 2583 452 2619 contra,
489 2589 578 2625 quos
603 2578 701 2611 idem
725 2586 853 2623 sponte
877 2579 923 2612 ad
959 2581 1158 2624 perniciem
1186 2579 1337 2620 deserit,
1371 2581 1417 2613 iis
1442 2591 1461 2614 e
1489 2580 1549 2612 di-

116 2635 218 2656 verso
246 2623 463 2658 difficultatis
489 2631 524 2658 et
547 2624 732 2658 turbarum
756 2626 863 2670 plena
885 2632 970 2659 sunt
994 2627 1124 2659 omnia.
1181 2626 1293 2670 Atqui
1319 2637 1383 2670 ego
1420 2637 1550 2671 quam-

116 2681 225 2716 quam
261 2682 318 2703 me
358 2669 478 2704 studio
517 2673 626 2704 vestri
666 2673 812 2706 summis
856 2672 1026 2717 periculis
1063 2672 1297 2714 involverim,
1343 2684 1417 2706 non
1452 2674 1547 2706 tanti

114 2717 266 2750 aestimo
293 2717 532 2757 calamitatem
557 2728 672 2751 meam
689 2742 699 2758 ‚
724 2729 840 2764 usque
869 2718 914 2752 ad
939 2717 1032 2751 sedis
1057 2720 1285 2752 amissionem
1309 2725 1347 2753 et
1370 2729 1547 2752 carcerem

115 2773 377 2807 processuram,
410 2774 518 2809 quam
543 2770 713 2806 vestram,
750 2764 882 2810 quibus
907 2775 981 2799 non
1005 2764 1122 2800 solum
1148 2767 1327 2800 Romanus
1365 2766 1548 2811 principa-
