1800 3138
286 170 388 226 188
803 184 1171 227 CANTAcUzEM

80 300 173 337 ΛΑ,
189 288 463 344 ι34ιλοῦσθαι
490 279 642 339 ἤρχετο
669 279 690 324 ὃ
718 281 905 335 ποταμὸς
927 284 1002 324 και1
1041 281 1163 339 ὄλίγῳ
1191 279 1368 338 ὕστερον
1409 279 1530 331 ἅπας,
1553 282 1716 338 διεφαί-

273 366 362 394 νετο
401 350 721 405 κρυσταλωθείς.
787 342 878 388 οὔτε
925 348 971 388 ’δὲ
1009 350 1204 389 τοσοῦτον
1250 345 1338 401 εἶχε
1377 345 1650 403 στεᾷῥότητος
1689 345 1716 388 ὅ

275 417 427 468 πάγος,
464 411 570 455 ὥστε
599 415 757 466 στέγειν
797 410 896 461 τούς
934 411 1087 460 ἱππέας
1124 411 1322 454 ἒπάῧτόν
1360 413 1712 467 περαιουμένους,

279 478 374 522 οὔτε
407 485 493 527 τοῖς
518 479 742 532 συνήθεσιν
768 478 952 527 ιῖκατίοις
971 475 1075 530 πρὸς
1098 475 1166 518 τὸν
1190 474 1322 531 πόρον
1349 479 1486 518 δίοδον
1504 481 1716 530 παρεῖχεν.

244 543 385 590 Βιῖλλὰ
429 544 503 585 τοῦ
534 544 612 594 μὲν
654 539 926 598 στερῥότερος
961 542 1178 596 ἐφαίνετο,
1220 545 1298 583 τοῦ
1339 543 1495 595 στέγειν
1533 542 1580 582 δὲ
1619 539 1740 589 τούςὸ

281 610 432 657 ἵππους
462 608 771 663 α’δρανέστερος.
827 605 891 647 διὸ
922 608 992 647 καί
1021 602 1200 659 ἀπορίαν
1229 606 1384 660 πολλὴν
1406 613 1583 661 ’παρεῖχε
1609 603 1714 660 πρός

279 673 353 716 τὸν
380 671 518 728 πόρον.
556 673 802 713 δυοκαίδεκα
830 673 908 724 μὲν
936 666 1011 713 οὖν
1039 669 1408 725 ἐστρατοπεδεύετο
1438 672 1530 713 ἐκεῖ
1549 670 1571 712 ὅ
1591 673 1715 723 βασι-

277 737 375 786 λεὺς
399 736 582 792 ἡμέρας,
629 738 864 792 περιμένων
893 737 933 777 εἰ
958 733 1093 792 τρόπῳ
1125 735 1175 789 δή
1205 752 1288 776 τινι
1315 737 1513 790 ἐγγένοιτο
1544 734 1618 777 τόν
1643 732 1718 776 “E-

277 807 381 859 βρον
419 804 627 856 διαβῆναι.
683 802 728 843 ἒν
769 801 939 850 ταύταις
983 802 1028 841 δὲ
1065 802 1111 841 ἐκ
1143 801 1376 850 Βυζαντίου
1403 801 1453 855 τῇ
1489 800 1715 855 Ἀδριανοῦ

278 865 554 922 ἐπιγενόμενοι
581 868 834 922 στρατιῶται
861 862 1066 915 ἑξακόσιοι
1093 863 1169 918 τὴν
1204 866 1458 920 ἐπιχείρησιν
1484 866 1766 920 α’φείλοντοαο

277 935 323 975 ἐν
350 933 570 988 Παμφίλῳ
601 933 646 973 δὲ
672 930 764 972 ἐπεὶ
790 929 810 971 ὃ
834 932 1069 986 Πιγκέρνης
1098 930 1148 970 οὔ
1170 932 1323 985 παρῆν,
1352 928 1459 983 ἔχων
1484 928 1560 984 τήν
1583 945 1718 984 στρα-.
1755 978 1761 990 -.

276 996 381 1049 τιοὶν,
410 995 463 1051 ἢν
492 998 637 1038 ἐκεῖνοι
665 997 926 1037 ἐδεδοίκεσαν
954 996 1218 1048 νεωτερίζειν,
1247 993 1449 1050 πρότερον
1476 997 1559 1036 τῶν
1578 1009 1712 1049 φρου-

281 1065 367 1118 ρῶν
406 1078 521 1111 τινας
554 1058 745 1117 χρήμασι
783 1059 1104 1116 διαφθείραντες
1143 1061 1216 1101 καί
1240 1061 1451 1108 πείσαντες
1487 1057 1538 1101 τὰ
1567 1059 1714 1113 ἀγγεῖα

279 1127 418 1182 λάθρα
447 1128 659 1178 ἐκκενοῦν,
689 1126 733 1167 ἐν
761 1122 823 1174 οἷς
841 1123 958 1179 ὕδωρ
990 1121 1132 1173 αὐτοῖς
1158 1126 1232 1166 καί
1256 1121 1364 1172 οἶνος
1392 1123 1465 1164 καί
1492 1122 1536 1165 εἴ
1560 1139 1602 1164 τι
1628 1124 1712 1164 ἕτε-

281 1208 354 1245 ρον
381 1189 507 1246 ὑγρὸν
539 1189 644 1246 πρὸς
672 1188 789 1231 πόσιν
818 1187 1100 1245 ἐφυλάττετο,
1132 1190 1205 1245 (ου’
1229 1189 1309 1245 γὰρ
1338 1189 1383 1229 ἐκ
1422 1189 1550 1242 πηγῆς
1586 1186 1766 1242 donis-15

250 1260 389 1299 (Ξσθαι
418 1258 555 1312 ἐνῆν,)
589 1255 645 1304 ὠς
670 1254 871 1296 ἐπύθοντο
901 1255 1131 1309 ἧνυσμένην
1163 1255 1238 1309 τὴν
1265 1251 1510 1306 ἐπιβουλήν,
1538 1249 1714 1305 πόλεμον

278 1320 384 1377 πρὸς
410 1320 507 1369 τούς
534 1322 578 1361 ἐν
607 1317 828 1374 ἀκροπόλει
858 1319 1071 1374 φρουροὺς
1098 1321 1209 1375 κοινῇ
1249 1321 1363 1361 πᾶσα
1394 1318 1418 1373 ἦ
1447 1315 1565 1367 πόλις
1592 1317 1714 1358 ἄναι-

279 1387 460 1441 ροῦνται.
524 1385 597 1425 καί
634 1382 1023 1438 ἐκπολιορκήσαντες
1073 1382 1118 1426 ἐν
1161 1381 1333 1432 ταύταις
1376 1388 1467 1431 ταῖς
1510 1380 1711 1437 ἧμέραις,

277 1451 588 1505 παρεστήσαντο
615 1449 798 1501 μάλιστα
837 1450 939 1505 δίψῃ
982 1451 1243 1497 πιεσθέντας.
1299 1446 1497 1503 δήσαντες
1536 1447 1581 1487 δὲ
1615 1446 1713 1494 τούς

277 1530 323 1557 τε
347 1515 598 1569 ἡγουμένους
623 1514 776 1565 αὐτῶν,
806 1513 848 1554 οἳ
871 1509 978 1566 ἦσαν
999 1519 1131 1567 τρεῖς,
1159 1512 1230 1554 καί
1254 1510 1329 1567 τὴν
1350 1509 1559 1567 φρουρὰν,
1587 1508 1767 1564 ἔπεμ-αο

277 1589 368 1632 ψαν
397 1581 456 1627 εἰς
483 1580 698 1632 βασιλίδα.
752 1575 825 1626 οὕς
853 1579 926 1618 καί
953 1575 1229 1630 ἀτιμάσαντες
1258 1577 1295 1618 οἱ
1323 1578 1366 1618 ἐν
1394 1578 1608 1633 Βυζαντίῳ
1637 1577 1711 1616 καὶ

278 1645 360 1686 πᾶν
397 1640 505 1693 εἶδος
545 1641 849 1694 ἐπιδειξάμενοι
881 1641 1147 1696 ἐρεσχελίας,
1193 1639 1306 1696 εἶχον
1345 1644 1388 1684 ἐν
1428 1642 1712 1698 δεσμωτηρίῳ.

279 1708 432 1761 ὅμοίως
474 1709 520 1749 δὲ
568 1707 642 1748 καί
685 1705 788 1762 πρὸς
833 1709 1009 1760 βασιλέα
1046 1706 1119 1748 τὸν
1169 1705 1515 1761 Καντακουζηνὸν
1559 1703 1712 1759 πολλὴν

279 1775 552 1816 ἐνεδείκνυντο
582 1771 902 1828 ἅγνωμοσύνην,
930 1772 1127 1825 ου’δεμιᾶς
1153 1769 1314 1828 ὕβρεως
1346 1770 1596 1826 φειδόμενοι.
1649 1771 1709 1820 εἰς

277 1951 388 1981 rasset
429 1947 698 1988 vehementius,
742 1947 903 1980 diluculo
943 1947 1075 1980 flumen
1109 1946 1330 1991 conglaciare
1369 1945 1570 1989 incipien8‚
1612 1944 1709 1976 intra

276 1994 385 2028 breve
418 1997 559 2038 tempus
593 1997 710 2026 totum
744 1993 874 2037 frigore
903 1993 1077 2026 constitit.
1125 1993 1251 2038 Neque
1276 1997 1397 2025 tamen
1426 1990 1515 2024 adeo
1542 1991 1641 2023 firma
1667 2001 1708 2023 ac

279 2040 389 2074 densa
416 2044 493 2073 erat
516 2041 668 2083 glacies,
694 2044 735 2072 ut
757 2044 900 2082 portare
926 2039 1087 2084 equitem
1111 2044 1256 2083 posset,
1289 2048 1357 2071 nec
1383 2037 1561 2070 consuetis
1586 2040 1709 2069 actua-

276 2086 378 2119 riolis
406 2087 595 2119 transitum
632 2085 848 2129 praebebat:
879 2085 942 2119 sed
966 2085 1012 2117 ad
1035 2086 1128 2118 istuc
1152 2084 1286 2124 durior,
1311 2083 1356 2117 ad
1385 2095 1496 2128 equos
1519 2093 1603 2115 vero
1629 2092 1708 2115 sus·

276 2132 446 2164 tinendos
491 2132 653 2175 fragilior
689 2131 900 2176 apparebat3
942 2142 1034 2176 quae
1071 2143 1125 2164 res
1150 2131 1298 2163 multam
1325 2129 1535 2162 transeundi
1560 2129 1709 2162 dubita‘

276 2177 413 2210 tionem
445 2176 617 2211 habebat.
678 2177 743 2210 Per
776 2177 853 2210 dies
884 2178 1009 2221 itaque
1050 2176 1235 2210 duodenos
1276 2177 1468 2219 imperator
1493 2174 1546 2207 ibi
1570 2175 1608 2206 in
1633 2179 1710 2207 sta-

276 2225 360 2257 tivis
383 2225 527 2262 mansit,
553 2228 783 2267 exspectans,
812 2223 842 2256 si
869 2233 939 2267 quo
967 2222 1073 2256 modo
1099 2222 1244 2255 daretur
1266 2223 1424 2254 Hebrum
1451 2222 1706 2254 transmittere.

275 2271 317 2302 In
355 2269 411 2302 his
440 2269 711 2312 Adrianopolim
747 2269 916 2311 Byzantio
950 2269 1241 2312 supervenientes
1269 2269 1427 2300 sexcenti
1466 2267 1598 2300 milites
1630 2276 1705 2299 rem

276 2315 536 2349 disturbarunt.
595 2316 640 2347 At
664 2315 858 2358 Pamphili,
884 2316 1050 2359 quoniam
1087 2315 1256 2358 pincerna
1281 2325 1360 2346 cum
1385 2314 1496 2358 copiis
1522 2325 1596 2346 non
1619 2311 1707 2345 ade-

275 2366 332 2394 rat
348 2386 358 2401 ‚
389 2371 476 2406 prae
508 2360 639 2405 quibus
663 2360 836 2404 oppidani
861 2361 1048 2405 quippiam
1074 2359 1158 2393 novi
1182 2365 1322 2392 tentare
1346 2359 1578 2400 metuebant,
1601 2358 1700 2403 prius

277 2406 491 2450 quibusdam
523 2418 542 2440 e
567 2407 746 2450 praesidio
781 2405 933 2451 pecunia
968 2410 1150 2438 numerata
1181 2406 1355 2449 corruptis
1381 2410 1418 2438 et
1442 2417 1483 2438 eo
1515 2404 1705 2449 pez-pulsis,

280 2457 322 2484 ut
342 2462 426 2486 vasa
451 2454 540 2485 clam
568 2457 788 2492 evacuarent,
801 2453 840 2486 in
862 2452 994 2496 quibus
1018 2463 1147 2496 aquam
1168 2459 1204 2485 et
1229 2453 1351 2484 vinum
1376 2456 1412 2484 et
1435 2453 1464 2484 si
1490 2450 1580 2496 quid
1602 2449 1704 2485 aliud.

277 2497 442 2541 potabile
465 2498 674 2539 servabant,
699 2498 786 2543 (non
814 2499 909 2530 enim
931 2509 975 2531 ex
999 2503 1106 2541 puteo
1130 2498 1272 2531 haurire
1297 2498 1469 2540 licebat‚)
1505 2502 1698 2542 postquam

279 2543 351 2576 sibi
391 2544 541 2577 insidias
579 2545 672 2578 bene
713 2544 884 2578 cecidisse
916 2543 1128 2583 audierunt,
1166 2544 1330 2576 custodes
1370 2543 1459 2576 arcis
1490 2543 1597 2575 simul
1624 2547 1701 2575 tota

278 2589 364 2622 urbs
389 2594 572 2633 oppugnat
588 2616 597 2631 ‚
623 2596 914 2636 expugnatosque
939 2595 974 2624 et
998 2589 1225 2623 intoleranda
1250 2590 1311 2622 siti
1339 2599 1539 2633 oppressos;
1562 2587 1607 2622 ad
1634 2587 1704 2620 ‹le-

280 2634 457 2668 ditionem
493 2635 624 2679 adigit:
659 2648 699 2669 ac
723 2642 794 2669 tres
820 2646 944 2669 eorum
976 2635 1082 2668 duces
1113 2636 1276 2677 vinctos,
1311 2645 1389 2667 cum
1421 2639 1497 2668 toto
1521 2633 1701 2678 praesidio

279 2680 324 2715 ad
352 2681 545 2724 Augustam
571 2683 778 2725 Byzantium
801 2681 938 2724 mittit3
976 2692 1065 2727 quos
1095 2681 1257 2724 Byzantii
1283 2681 1540 2714 contumeliose
1575 2684 1704 2712 tracta-

280 2731 335 2762 tos
360 2731 396 2759 et
423 2727 588 2760 omnibus
614 2728 776 2761 dicteriis
802 2728 986 2768 laceratos,
1014 2728 1053 2760 in
1082 2737 1258 2760 carcerem
1283 2726 1472 2760 dederunt.
1519 2726 1562 2760 ln
1586 2726 1704 2770 impe·

282 2776 434 2808 ratorem
459 2783 604 2820 quoque
630 2773 916 2810 Cautacuzenum
947 2784 984 2809 se
1022 2771 1185 2820 improbe
1209 2776 1416 2819 gesseruut,
1451 2783 1471 2807 a
1494 2771 1594 2807 uuna
1627 2781 1709 2808 vex--
