1820 3138
277 158 388 223 422
822 173 1191 218 CANTAcquNJ

79 279 377 328 -A.c.1343coi›;
407 276 621 325 κινδύνους
662 278 973 330 μεγαλοψυχῶν
1020 278 1093 318 καί
1118 279 1200 318 τῶν
1227 278 1371 319 δεινῶν
1410 275 1487 327 τὰς
1523 278 1730 336 ἐπιφορὰς

281 345 450 397 ὁμαλῶς
477 343 552 385 καί
577 339 721 401 πρᾴως
746 342 974 397 διαφέρων,
1004 341 1110 397 πρὸς
1136 344 1214 394 μὲν
1235 339 1512 398 Ἀλέξανδρον
1529 343 1599 386 τὸν
1619 349 1726 387 Mv-

286 412 371 451 σιῦν
398 410 576 462 βασιλέα
602 410 828 462 πρεσβείαν
854 408 1033 450 ἐποιεῖτο
1064 409 1137 450 καί
1176 408 1350 466 παρῄνει
1379 406 1576 463 ἡσυχίαν·
1593 405 1723 464 ἄγειν,

283 476 339 525 ὥς
358 475 408 515 οὔ
430 476 567 531 πολλῷ
583 470 758 528 ὕστερον
775 471 916 532 ἐκείνῳ
933 475 1071 516 αἰτίου
1089 476 1318 530 συμφορῶν
1338 475 1500 515 πολλῶν
1520 476 1596 516 τοῦ
1623 474 1729 529 πρὸς

283 537 411 582 αὐτὸν
447 541 632 591 πολέμου
672 540 958 592 γενησομένου.
1026 536 1152 588 αὐτὸς
1192 541 1238 581 δὲ
1275 537 1491 592 γενόμενος
1518 538 1625 593 πρὸς
1651 540 1752 595 τὴν5

280 604 567 659 Χαλκιδικὴν,
597 602 674 658 τὴν
700 605 740 645 Γ
738 605 941 657 ρατιανοῦ
968 602 1085 646 πόλιν
1117 603 1349 659 ἐπολιόρκει
1369 598 1498 646 οὖσαν
1526 604 1576 646 οὕ
1593 606 1726 660 μεγά-

240 676 381 726 Βλην,
419 669 678 726 ὄχυροτοίτην
709 671 754 711 δὲ
782 667 828 710 ἔκ
852 685 896 712 τε
925 669 1090 725 φύσεως
1115 671 1191 712 τοῦ
1215 670 1343 716 τόπου
1371 668 1444 710 καί
1467 672 1550 712 τῶν
1576 673 1725 724 τειχῶν

277 741 351 791 τῆς
387 737 668 790 κατασκευῆς,
724 729 860 785 ἄλλως
907 736 954 776 δὲ
1012 736 1183 790 ειῖφυῶς
1223 733 1327 790 πρὸς
1368 732 1501 778 πάντα
1540 733 1723 790 ἔχουσαν

278 804 349 844 καί
388 799 526 856 ὥσπερ
567 798 820 857 μητρόπολιν
858 795 991 843 οὖσαν
1032 802 1105 855 τῆς
1144 802 1418 855 Χαλκιδικῆς.
1502 799 1608 862 πρὸς
1644 803 1723 854 μὲν

277 865 354 913 οὖν
390 869 667 922 τειχομαχίαν
708 869 783 908 οὐκ
812 868 1020 921 ἐπεχείρει
1041 883 1051 894 ·
1109 861 1204 922 ᾔδει
1232 865 1313 921 γὰρ
1345 866 1553 908 α’νάλωτον
1581 863 1778 916 ὅπλοιςιο

276 934 349 976 καί
382 936 540 989 χειρῶν
567 934 639 991 βία
654 934 880 987 ἐσομένην.
953 934 1176 984 δεσμωτῶν
1208 933 1254 973 δὲ
1280 932 1356 973 οὐκ
1387 928 1537 985 ὀλίγων
1565 933 1610 973 ἐκ
1639 933 1724 974 τῶν

276 1002 456 1042 πολιτῶν
481 1001 524 1040 ἐν
552 999 603 1056 τῇ
635 996 790 1053 ταύτης
817 996 1039 1053 οἷκροπόλει
1069 998 1398 1053 φρουρουμένων
1427 995 1495 1038 διὰ
1524 995 1600 1052 τήν
1617 995 1724 1052 πρὸς

276 1067 430 1106 ἐκεῖνον
461 1059 650 1116 εὔνοιαν,
680 1065 852 1116 πέμψας
884 1061 1028 1119 κρύφα
1060 1065 1260 1116 διελέγετο
1282 1063 1449 1116 αὐτοῖς,
1477 1063 1518 1104 εἶ
1532 1060 1723 1104 δύναιντο

277 1129 555 1185 κρατήσαντες
582 1131 654 1184 τῆς
681 1128 953 1184 ἀκροπόλεως,
981 1128 1264 1183 παραδιδόναι
1293 1127 1370 1182 την
1396 1128 1529 1169 πόλιν.
1579 1130 1653 1169 καί
1677 1130 1722 1170 ε’-

277 1197 552 1251 πηγγέλλοντο
590 1194 664 1236 καί
695 1193 820 1236 αὐτοὶ
854 1193 1084 1249 προθύμως
1112 1192 1311 1235 ὑπελθεῖν
1337 1193 1410 1248 τὴν
1438 1195 1696 1249 ἐπιχείρησιν
1707 1196 1775 1246 ‚15

277 1264 350 1303 καί
392 1260 589 1316 σύνθημα
615 1261 688 1315 τῆς
731 1260 889 1316 ἐφόδου
918 1260 1067 1301 ἔδοσαν
1084 1292 1094 1310 ,
1136 1258 1284 1308 νυκτὸς
1309 1260 1386 1312 μὲν
1414 1257 1603 1314 φρυκτὸν
1631 1259 1721 1301 οἰνί-

139 1338 180 1380 1².-
198 1338 265 1374 586
277 1342 416 1380 σχειν,
456 1326 616 1381 ἡμέρας
651 1327 696 1367 δὲ
725 1324 882 1367 καπνὸν
911 1324 1113 1381 δεικνύειν
1130 1327 1202 1379 τῆς
1221 1324 1520 1380 ἐπιχειρήσεως
1539 1329 1720 1378 σημεῖον.

277 1393 346 1434 διὰ
377 1387 534 1446 ταύτην
557 1394 634 1444 μὲν
667 1386 741 1433 οὖν
768 1390 845 1445 τὴν
875 1391 1013 1432 αἰτίαν
1042 1390 1064 1431 ὅ
1095 1390 1306 1443 βασιλεύς,
1337 1389 1472 1431 καίτοι
1502 1388 1721 1445 περιῤῥεό-

272 1474 391 1512 μενος
417 1456 682 1510 πανταχόθεν
707 1455 789 1497 ὑπὸ
820 1459 896 1497 τοῦ
922 1459 1120 1508 πολέμου,
1151 1452 1225 1496 οὐκ
1258 1455 1456 1496 α’νίστατο
1484 1456 1529 1496 ἐκ
1545 1457 1618 1509 τῆς
1645 1470 1722 1497 πο-

272 1526 485 1578 λιορκίας,
537 1523 628 1563 ἀλλ’
668 1524 914 1576 ἐφιλονείκει
956 1520 1059 1576 πρὸς
1094 1520 1230 1563 πάντα
1260 1522 1640 1562 ἀντικαθίστασθαι
1670 1519 1772 1566 (imo,

270 1592 414 1641 μοίως.
479 1587 556 1644 ὑφ’
595 1585 640 1629 ὃν
677 1590 723 1630 δὲ
759 1592 893 1629 ταῦτα
932 1589 1083 1642 χρόνον
1113 1589 1313 1640 ἐτελεῖτο,
1353 1586 1472 1641 καὶὴ
1501 1590 1710 1640 Λατινικη

276 1655 466 1707 δύναμις,
487 1652 516 1708 ἢ
547 1654 669 1711 ὀλίγῳ
698 1650 875 1708 ὕστερον
904 1650 1074 1710 ,Σμύρνῃ
1104 1655 1343 1695 ἐπελθοῦσα
1363 1651 1564 1706 ἐκράτησε
1582 1667 1711 1704 τειχο·

271 1721 435 1777 μαχία,
476 1721 521 1761 ἐν
546 1722 750 1774 τέσσαρσι
777 1721 849 1760 καί
878 1717 1005 1760 εἴκοσι
1035 1718 1236 1774 τριήρεσι,
1265 1717 1365 1772 περὶ
1389 1717 1619 1771 Παλλήνην
1645 1732 1716 1757 πε-

271 1787 476 1838 πυσμένοι
517 1782 622 1840 πρός
658 1801 752 1826 τινα
792 1787 938 1838 λιμένα
966 1782 1133 1838 Λογγὸν
1171 1786 1382 1840 ἐγχωρίαις
1409 1779 1715 1838 προσαγορευό-

364 1891 420 1914 22.
446 1878 604 1926 Σμύρνῃ
631 1890 700 1912 om.
724 1880 761 1914 P.

271 1977 362 2015 mala
402 1977 588 2023 aequabili
621 1989 662 2010 ac
691 1976 765 2010 leni
791 1979 909 2011 animo
941 1977 1117 2018 tolerans,
1144 1976 1190 2010 ad
1223 1976 1478 2017 Alexandrum,
1503 1978 1711 2012 Moesorum

270 2035 404 2069 regem,
431 2025 567 2068 legatos
605 2025 740 2063 mittit,
774 2036 855 2057 eum
893 2025 1058 2064 hortans,
1099 2025 1151 2057 uti
1186 2022 1254 2057 hoe
1282 2025 1429 2068 negotio
1466 2025 1709 2068 supersedeat,

271 2071 568 2115 quandoquidem
594 2070 663 2103 hoc
686 2071 852 2103 adversus
879 2082 916 2103 se
944 2076 1188 2114 comparatum
1217 2070 1353 2102 bellum
1380 2069 1487 2103 breve
1517 2071 1647 2105 multas
1674 2073 1709 2108 ei

272 2117 390 2150 clades
421 2118 587 2150 daturum
617 2117 677 2150 sit.
703 2118 780 2161 lpse
805 2118 843 2150 in
857 2117 1064 2151 Chalcidica
1091 2117 1471 2161 Gratianopolim‚non
1497 2117 1596 2149 illam
1626 2118 1710 2163 qui-.

271 2164 355 2200 dem
391 2164 564 2206 amplam,
601 2169 756 2196 ceterum
790 2174 866 2195 cum
904 2170 1033 2196 natura
1056 2163 1147 2202 loci,
1187 2168 1262 2195 tum
1289 2163 1479 2196 moenibus
1506 2165 1708 2202 munitissi7

269 2222 364 2246 mam
397 2210 522 2243 urbem
559 2214 595 2242 et
618 2210 756 2255 alioqui
783 2210 999 2243 omnimodis
1037 2208 1257 2243 commodam
1307 2214 1344 2242 et
1369 2209 1589 2244 Chalcidices
1613 2216 1709 2247 tam-.-

270 2268 379 2302 quam
405 2256 634 2300 metropolim
659 2255 811 2289 obsidet.
839 2257 891 2289 Ab
918 2257 1186 2300 oppugnatione
1214 2256 1323 2300 igitur
1349 2257 1584 2300 temperabat,
1609 2255 1708 2302 quod

269 2314 380 2336 manu
420 2307 456 2335 et
490 2303 596 2335 armis
630 2302 947 2346 inexpugnabilem
986 2303 1101 2338 sciret.
1158 2303 1198 2334 In
1235 2302 1336 2334 cuius
1371 2314 1450 2336 arce
1486 2314 1564 2336 cum
1599 2303 1706 2338 multi

271 2351 391 2389 civeS,
419 2348 517 2394 quod
545 2349 602 2382 illi
631 2350 724 2382 bene
750 2349 900 2389 vellent,
934 2349 1044 2383 vincti
1077 2354 1308 2388 tenerentur,
1343 2359 1407 2392 per
1442 2349 1705 2382 internuntium

272 2397 363 2431 clam
387 2406 467 2428 cum
491 2396 536 2429 iis
562 2397 646 2440 egit,
670 2402 723 2435 ut,
749 2397 779 2428 si
805 2401 971 2440 possent,
999 2406 1077 2428 arce
1101 2395 1210 2438 potiti
1230 2420 1238 2434 ‚
1260 2395 1387 2428 urbem
1417 2395 1486 2429 sibi
1510 2395 1704 2429 traderent.

268 2443 489 2476 Promittunt
512 2442 663 2487 impigre
691 2453 729 2474 se
756 2448 968 2480 conaturos,
1003 2447 1039 2474 et
1063 2447 1230 2474 tesseram
1255 2442 1329 2475 sive
1355 2442 1517 2487 signum,
1545 2441 1642 2475 unde
1669 2447 1707 2476 et

266 2489 365 2531 ipsos
391 2489 461 2519 iam
493 2499 582 2532 opus
607 2488 747 2532 aggredi
774 2493 811 2521 et
838 2499 875 2521 se
903 2487 1066 2521 accersiri
1091 2494 1237 2527 nosset,
1274 2493 1381 2522 noctu
1407 2488 1552 2534 quidem
1579 2487 1704 2522 subla-

267 2539 340 2567 tam
374 2535 485 2567 facem
502 2559 511 2574 ,
544 2535 704 2568 interdiu
730 2541 851 2567 autem
881 2534 1016 2566 fumum
1042 2534 1276 2568 constituunt.
1326 2535 1401 2567 Hac
1428 2535 1472 2568 de
1500 2545 1604 2568 causa
1629 2534 1705 2569 ime

266 2585 412 2635 perator
445 2591 658 2625 quamquam
693 2580 858 2613 hostibus
892 2580 1052 2625 undique
1085 2581 1304 2614 instantibus
1336 2581 1562 2614 obsidionem
1587 2582 1704 2615 conti-1

266 2632 356 2660 nuat
396 2631 432 2659 ct
467 2627 635 2659 omnibus
671 2638 788 2673 aeque
819 2627 984 2660 resistere
1023 2627 1219 2660 contendit.
1286 2628 1389 2661 Circa
1426 2627 1520 2660 idem
1561 2632 1701 2672 tempus

265 2672 421 2718 paulove
448 2678 541 2716 post,
554 2685 625 2718 quo
651 2674 742 2706 haec
765 2672 919 2712 fiebant,
961 2673 1079 2706 Latini
1104 2672 1288 2717 Smyrnam
1327 2679 1481 2718 quatuor
1505 2678 1542 2706 et
1571 2674 1700 2718 viginti

266 2718 475 2752 triremibus
508 2719 719 2752 invaserunt
746 2725 782 2753 et
818 2724 1077 2763 expugnarunt.
1143 2721 1188 2752 Et
1213 2731 1291 2752 cum
1315 2720 1412 2765 apud
1436 2719 1626 2759 Pallenen,
1653 2718 1700 2752 ml

266 2769 411 2811 portum
450 2763 630 2810 quendam
667 2766 846 2811 indigenis
873 2766 1035 2810 Longum
1068 2767 1305 2811 appellatum,
1331 2777 1437 2802 naves
1462 2766 1619 2806 Persicas».
1643 2776 1701 2804 seq
