1754 3146
187 430 558 493 ῙΩΑΝΝΟΥ
604 432 754 489 TOY
790 431 1527 494 KANTAKOYZHNOY

505 550 802 594 ιΣΤοΡΙΩΝ
826 551 1096 592 ΒΙΒΛΙΟΝ
1137 551 1188 592 Γ.

280 684 691 748 IOANNIS
733 683 1412 750 CANTACUZENI

502 799 894 846 HISTORIARUM
923 805 1086 846 LIBER
1126 806 1202 846 111.

634 1074 1054 1111 PERIOCHA.

214 1189 286 1224 Hic
306 1188 402 1224 liber
425 1187 586 1223 caeteris
607 1188 722 1223 multo
746 1189 894 1229 maior,
930 1199 1012 1222 cum
1035 1187 1206 1235 proximo
1233 1185 1424 1233 superiore
1440 1196 1581 1220 conne-

119 1236 240 1271 ctitur.
295 1237 439 1270 Causae
463 1234 698 1277 indicantur,
726 1247 793 1270 cur
817 1234 1029 1277 narranda,
1055 1247 1151 1281 quae
1165 1234 1336 1279 deinceps
1347 1240 1578 1280 sequuntur.-

119 1284 262 1318 veritas
283 1283 522 1328 promittitur.
570 1283 707 1328 Magni
730 1281 922 1316 domestici
955 1284 997 1315 in
1025 1282 1172 1328 palatio
1207 1278 1450 1315 custodiendo
1485 1278 1578 1317 dili-

117 1341 208 1375 gens
227 1330 419 1375 provisio.-
454 1341 478 1362 α
509 1340 582 1375 quo
607 1338 643 1363 et
666 1329 811 1362 urbium
832 1330 1189 1375 provinciarumque
1214 1340 1305 1373 prae
1309 1326 1404 1372 secti
1427 1338 1581 1359 monen-

116 1384 200 1418 tur,
233 1388 278 1410 ne
302 1375 396 1424 quid
422 1377 517 1410 novi
542 1376 741 1420 incipiant.
791 1377 1032 1422 Imperatoris
1057 1374 1267 1408 Andronici
1292 1373 1494 1417 magnifica
1520 1384 1579 1406 se-

115 1424 270 1468 pultura
303 1434 349 1455 ac
381 1434 491 1456 sacra
515 1423 717 1468 suneralia
744 1423 844 1467 (Cap.
886 1423 930 1467 ι).
988 1421 1235 1457 Patriarchae
1260 1420 1423 1454 ambitio.
1474 1422 1578 1453 Ana-

116 1469 364 1503 thematismus
377 1470 419 1503 in
443 1481 524 1509 eos,
551 1469 619 1515 qui
646 1478 790 1504 mortuo
817 1471 1044 1515 Imperatore
1073 1468 1116 1503 de
1137 1468 1236 1515 filiis
1259 1469 1338 1502 eius
1368 1468 1463 1500 male
1499 1477 1575 1499 me-

118 1516 272 1548 ruerint.
322 1516 455 1549 Iterum
485 1514 530 1548 de
556 1516 757 1551 ambitione
779 1515 1033 1562 patriarchae.
1079 1517 1134 1550 De
1162 1515 1330 1548 Sismano
1356 1514 1462 1547 exule
1488 1511 1576 1545 red-

117 1559 239 1594 dendo
276 1562 523 1596 consultatio.-
574 1561 729 1596 Chumni
751 1564 793 1596 in
815 1562 1049 1597 domesticum
1076 1561 1334 1596 contumeliae.
1383 1562 1500 1593 Binae
1530 1557 1576 1592 de

117 1615 224 1640 trans
243 1618 315 1651 uga
338 1608 544 1642 sententiae
560 1606 624 1652 (α).
671 1609 873 1643 Domestici
886 1611 926 1642 in
947 1610 1158 1654 defunctum
1182 1611 1443 1652 Imperatorem
1459 1617 1574 1638 amor.

119 1653 394 1688 Gubernationi
418 1653 590 1686 nuntium
616 1654 759 1689 mittere
777 1657 860 1690 vult
881 1657 947 1701 (3).
997 1654 1254 1701 Imperatricis
1288 1654 1504 1686 lacrimatio
1536 1660 1575 1684 et

116 1699 161 1733 de
186 1711 254 1734 sua
282 1698 469 1733 viduitate
483 1699 732 1746 filiorumque
751 1702 911 1737 orbitate
936 1702 1183 1749 querimonia.
1231 1700 1477 1733 Domesticum
1506 1710 1576 1730 ne-

113 1746 228 1791 glecti
262 1746 380 1792 officii
415 1745 588 1790 coarguit
615 1745 681 1791 (4).
742 1748 801 1780 Ea
837 1757 871 1781 et
895 1749 1119 1793 patriarcha
1143 1746 1423 1792 praesentibus,
1451 1745 1573 1778 diser-

113 1793 251 1826 tissime
275 1792 518 1836 suspicionem
544 1792 712 1838 affectati
739 1794 886 1837 imperii
909 1807 932 1828 a
956 1806 992 1828 se
1018 1795 1171 1839 depellit
1228 1793 1349 1826 Aliter
1373 1791 1571 1836 adguber-

114 1840 255 1873 nacula
278 1838 483 1873 rediturum
508 1846 643 1884 negat,
670 1840 745 1873 nisi
763 1841 982 1885 imperatrix
993 1840 1112 1888 fidem
1134 1837 1298 1877 dederit,
1324 1839 1574 1872 calumniato-

113 1886 216 1919 ribus
244 1897 320 1919 non
345 1884 572 1919 credituram
596 1886 660 1929 (5).
709 1888 897 1934 Utrimque
921 1889 1080 1920 iuratur.
1129 1888 1236 1920 Iurat
1254 1883 1370 1919 eidem
1399 1884 1572 1929 patriar-

113 1931 203 1966 chae
228 1932 292 1978 (6).
344 1932 553 1965 Sismanum
581 1932 790 1966 Moesorum
814 1934 895 1977 regi
920 1934 1104 1978 repetenti
1127 1933 1259 1967 abnuit
1274 1942 1428 1975 magnus
1447 1929 1571 1963 dome-

112 1979 250 2018 sticus,
286 1979 390 2013 cuius
412 1976 616 2024 prudentia
640 1991 678 2013 se
705 1980 852 2019 ingenti
878 1988 975 2013 metu
998 1981 1216 2018 liberatam,
1251 1989 1332 2012 cum
1355 1976 1574 2022 proceribus

113 2025 280 2059 laetatur
305 2026 523 2070 imperatrix
545 2023 610 2070 (7).
662 2025 761 2068 Quid
777 2026 929 2060 militem
955 2028 1161 2072 segniorem
1173 2025 1324 2071 jecerit.
1382 2023 1571 2057 Patricius

113 2070 265 2117 quidam
288 2072 440 2106 tabellio
464 2070 517 2105 ad
538 2083 641 2104 usum
665 2074 724 2106 rei
736 2073 909 2118 publicae
926 2071 1107 2118 grandem
1118 2072 1314 2118 pecuniam
1334 2070 1448 2117 offert.
1496 2069 1573 2103 Sti-

109 2116 249 2163 pendia
272 2127 308 2152 et
332 2116 473 2152 reditus
502 2118 658 2151 militum
683 2121 887 2163 explentur.
935 2118 996 2153 Ad
1025 2131 1188 2165 pugnam
1214 2116 1348 2151 ardent
1372 2117 1490 2150 animi
1505 2116 1570 2157 (8).

112 2165 341 2199 Domesticus
363 2165 634 2210 imperatricem
660 2165 703 2199 de
725 2166 811 2212 filio
836 2168 979 2200 Ioanne
1000 2164 1216 2200 coronando
1235 2172 1356 2197 monet
1378 2172 1413 2196 et
1436 2171 1569 2197 contra.

113 2210 384 2246 ratiocinantes
407 2211 556 2256 refutat·
606 2211 750 2255 Lydiae
781 2222 957 2258 satrapae
983 2213 1180 2247 Thraciam
1204 2211 1416 2244 incursanti
1438 2221 1570 2244 occur-

113 2258 223 2291 ritur.
271 2258 496 2292 Domesticus
522 2259 564 2291 in
588 2258 812 2294 occidentem
829 2258 1029 2299 ducturus,
1057 2271 1136 2293 cum
1154 2257 1320 2292 Orchane
1332 2268 1458 2302 pacem
1479 2257 1568 2289 iun-

114 2304 180 2348 git.
227 2305 385 2338 Mentem
411 2305 658 2350 imperatricis
681 2317 727 2339 ex
748 2307 969 2352 patriarcha
985 2308 1166 2352 explorat.
1216 2304 1268 2337 Ab
1287 2301 1411 2338 eadem
1429 2302 1561 2336 lauda-

113 2358 177 2383 tur
200 2349 405 2397 blandeque
429 2360 625 2391 monetur,
660 2364 704 2387 ne
733 2365 772 2387 se
809 2354 988 2401 conficiat
1019 2354 1135 2386 tantis
1172 2349 1383 2390 laboribus,
1421 2362 1494 2384 neu
1521 2347 1567 2382 de

114 2405 255 2442 sumptu
283 2409 348 2431 suo
380 2406 515 2443 eroget.
562 2400 770 2444 Eleganter
789 2399 1006 2445 respondet,
1039 2409 1079 2432 ut
1108 2399 1183 2431 viri
1215 2397 1391 2431 virtutem
1428 2408 1567 2439 cogno-

113 2454 206 2476 scas.
258 2445 438 2487 Byzantio
464 2455 544 2478 cum
572 2447 688 2490 copiis
712 2444 868 2481 discedit
881 2447 944 2491 (9).
993 2447 1054 2480 Ex
1077 2445 1228 2479 urbibus
1252 2443 1437 2477 Thraciae
1455 2455 1566 2476 sena-

114 2497 212 2522 tores
236 2498 271 2523 et
295 2490 484 2534 praesidia
510 2489 563 2525 ad
583 2492 854 2536 expeditionem
876 2502 1093 2527 evocantur.
1144 2494 1290 2525 Moesus
1312 2489 1481 2535 joedrre‘
1506 2491 1565 2521 in·-

115 2544 255 2569 novato
288 2535 429 2570 domum
465 2538 551 2572 abit·
610 2541 746 2573 Persae
772 2539 1035 2584 praedabundi
1062 2537 1163 2583 apud
1187 2537 1446 2571 Chersonesum
1475 2547 1563 2567 cae-

114 2580 273 2622 duntur,
292 2583 496 2627 sugantur.
545 2585 788 2629 Apocauchus
819 2586 1018 2630 tyrannidi
1048 2584 1196 2618 studens
1247 2582 1565 2628 deprehenditur:

116 2629 158 2660 in
171 2640 292 2662 arcem
318 2641 419 2663 suam
429 2631 611 2676 Epibatas
625 2633 802 2677 confugit.
852 2634 1094 2668 Domesticum
1118 2631 1161 2666 a‘e
1180 2643 1302 2665 rerum
1320 2631 1564 2663 humanarum

116 2675 362 2710 mutabilitate
374 2675 556 2715 admonet.
570 2679 666 2712 Eius
674 2681 774 2724 pium
789 2693 833 2714 ac
843 2679 999 2714 solidum
1015 2690 1223 2725 responsum
1241 2679 1324 2722 (ιο).
1354 2678 1483 2710 Latini
1495 2676 1541 2708 Pe
1552 2693 1564 2698 -

115 2722 359 2767 loponnenses
385 2735 421 2759 se
445 2725 647 2760 subiiciunt
671 2738 750 2763 cum
780 2727 1080 2762 conditionibus:
1111 2738 1267 2774 quorum
1290 2726 1407 2772 legati
1436 2736 1460 2758 a
1494 2720 1563 2758 do·-
