1800 3132
522 195 902 239 ms'romtmtm
941 198 1015 237 111.
1041 198 1109 245 57.
1431 165 1543 236 353

97 298 150 342 πό
181 302 260 343 τοῦ
293 297 515 354 Τριβαλῶν
553 298 738 350 πολέμου
767 295 1033 349 πιεζόμενοι,
1085 298 1260 354 (πολλὰς
1287 296 1367 353 γὰρ
1409 298 1744 348 adron-acu&

101 369 175 409 καὶ
205 368 394 420 συνεχεῖς
419 363 638 406 ἐποιοῦντο
665 360 742 411 τοὶς
769 360 976 418 ἐφόδους,
1024 365 1097 405 καί
1120 366 1258 413 κακῶς
1286 365 1455 406 ἐποίουν
1478 361 1554 418 τήν

94 431 241 486 χώραν
280 427 551 484 ληϊζόμενοι,)
595 428 669 469 καί
708 430 964 481 συνορῶντες
993 423 1100 483 ἤδη,
1131 428 1189 478 ὥς
1216 431 1261 471 ἐν
1285 431 1378 485 χρῷ
1408 427 1583 472 mizdo-C

98 513 174 539 νου
203 496 434 538 ‚caeso-cam
466 491 685 535 δουλεύειν
718 497 940 547 Τριβαλοῖς
969 491 1312 548 ἀναγκαζόμενοι,
1345 492 1481 544 ἄλλως
1508 511 1551 536 τε

71 560 172 603 5καί
195 559 276 603 ὖπὸ
305 561 390 602 τῶν
417 557 598 615 οἷρίστων
627 556 882 613 ἐναγόμενοι,
915 557 1042 614 (πλὴν
1069 559 1150 615 γὰρ
1180 559 1333 613 ὄλίγων
1351 560 1404 601 τοὶ
1427 564 1551 614 βασι-

98 628 201 675 λέως
241 621 351 680 ἦσαν
395 623 546 673 πάντες
594 623 797 681 ᾑρημένοι
814 627 848 681 ,)
908 626 1174 679 ἐψηφίσαντο
1221 623 1298 680 τὴν
1342 629 1551 679 βασιλέως

98 690 306 733 κάθοδον·
365 691 519 732 αὐτίκα
569 705 614 731 τε
654 690 830 746 ᾑροῦντο
868 692 1086 745 πρέσβεις,
1138 693 1183 732 ἐκ
1224 693 1302 743 μὲν
1335 694 1420 734 τῶν
1456 688 1552 746 οἷρί-

98 772 206 800 οτων
226 755 560 811 Ἀστραπήρην,
599 758 675 798 τοῦ
704 753 836 810 δήμου
865 757 913 798 δὲ
934 751 1238 810 Ἄλληλούϊαν,
1283 758 1329 799 ἐκ
1364 759 1449 799 τῶν
1476 775 1551 799 κα-

99 825 369 877 τειλεγμένων
406 823 452 863 δὲ
487 825 543 878 τῷ
583 820 720 879 κλήρῳ
769 825 843 877 τῆς
878 825 1096 878 ἐκκλησίας
1135 824 1270 880 Σύρον
1304 827 1553 880 ὠνομασμέ-

52 904 200 941 ιονον,
255 887 332 929 καί
355 886 541 942 ἔπεμπον
562 886 667 944 πρὸς
685 890 877 941 βασιλέα,
907 891 1087 943 τάχιστα
1106 892 1297 943 δεόμενοι
1314 890 1428 946 ἥκειν
1445 892 1554 948 πρὸς

98 950 270 1003 αὖτοός.
338 953 378 995 οἱ
415 955 611 1007 πρέσβεις
639 955 687 996 δὲ
716 955 810 996 ἐπεὶ
834 949 959 1009 ἧκον,
997 953 1072 1010 τήν
1098 972 1143 997 τε
1175 953 1360 1011 ἀρχαίαν
1387 953 1553 999 εἴνοιαν

97 1023 171 1074 τῆς
198 1017 357 1068 πόλεως
384 1016 560 1074 ἐδήλουν
586 1023 759 1073 βασιλεῖ’
797 1022 869 1062 καὶ
906 1018 987 1074 ὥς,
1015 1023 1091 1063 τοῦ
1115 1024 1300 1074 πολέμου
1328 1023 1448 1064 τοῦδε
1475 1011 1553 1064 τοῦ

98 1086 340 1139 συγγενικοῦ
359 1083 583 1138 Ῥωμαιόις
598 1088 878 1140 κεκινημένου,
903 1088 1107 1142 μετέωροι
1122 1087 1246 1129 αὔτοί
1261 1085 1370 1143 ἦσαν
1389 1090 1463 1129 καί
1475 1088 1553 1142 τὴν

101 1153 235 1193 αὐτοῦ’
277 1152 504 1205 ἐπιδημίαν
541 1147 640 1205 ἦγον
679 1153 732 1192 δι’
771 1152 902 1207 εὕχῆς
951 1152 1025 1193 καί
1052 1152 1268 1207 πρόθυμοι
1300 1149 1410 1208 ἦσαν
1438 1154 1554 1210 αὐτῷ

54 1218 348 1272 ιόπροσνὲμειν
372 1214 554 1265 ἑαυτούς
581 1219 655 1259 καί
679 1215 747 1260 τὸν
773 1216 952 1271 πόλεμον
980 1218 1406 1274 συγκατεργάζεσθαι.
1459 1217 1596 1261 ἐπείῙ)

102 1283 150 1324 δὲ
176 1284 223 1324 ἐκ
256 1283 484 1336 προδοσίας
509 1284 593 1324 τῶν
625 1282 837 1324 συνόντων
864 1283 1053 1338 συμβαίη
1082 1285 1180 1339 περὶ
1208 1282 1340 1325 αὐτὸν
1363 1283 1415 1326 τοὶ
1452 1286 1555 1325 δυσ-

99 1349 208 1401 χερῆ
246 1346 320 1388 καὶ
356 1346 476 1388 ἔλθοι
501 1347 725 1404 ὑπερόριος
752 1347 859 1403 πρὸς
892 1347 1142 1402 Τριβαλοὺς,
1169 1346 1357 1401 μάλιστα
1385 1351 1462 1401 μὲν
1484 1353 1555 1401 βε·-

102 1413 340 1466 βουλῆσθαι
379 1411 514 1462 ειῖθηὶς
572 1415 753 1470 ἐξαρχῆς
804 1416 864 1463 εἰς
909 1412 984 1468 τὴν
1022 1413 1139 1455 πόλιν
1189 1417 1521 1469 προσκαλεῖσθαι
1541 1414 1606 1452 ·V.
1623 1416 1691 1460 438

104 1476 348 1524 δεδοικότας
391 1478 438 1518 δὲ
476 1476 539 1531 μὴ
580 1477 650 1519 διὰ
676 1480 809 1521 ταῦτα
838 1478 1044 1532 μειζόνων
1078 1481 1195 1537 αὐτῷ
1226 1482 1458 1536 συμφορῶν
1487 1479 1555 1521 αιῖἶ-

55 1556 191 1588 :zonat
235 1543 496 1595 καταστῶσι,
551 1539 631 1584 τοῦ
672 1544 824 1598 Κράλη
876 1542 952 1585 δια“
1003 1544 1164 1599 φθόνον
1209 1548 1282 1586 καί
1325 1544 1373 1586 τὸ
1410 1549 1556 1598 λαβεῖν

106 1603 235 1649 αὐτὸν
275 1605 352 1661 τήν
410 1605 532 1649 πόλιν
576 1608 976 1662 ἐπιβουλεύσαντος,
1039 1611 1114 1663 τῆς
1164 1611 1313 1664 πείρας
1372 1609 1556 1662 οἷποσχὲε

104 1677 212 1716 σθαι
240 1668 344 1727 ἄχρι
375 1674 465 1715 νῦν.
518 1677 670 1730 καιροῦ
698 1676 744 1716 δὲ
780 1670 947 1729 ἥκοντος
983 1675 1078 1716 νυνί
1119 1674 1192 1716 καί
1215 1673 1366 1729 Κράλη
1393 1673 1451 1728 μή
1484 1676 1555 1715 δο-

105 1740 275 1786 κοῦντος
307 1739 625 1794 δυσχεραίνειν,
653 1737 770 1794 ἥκειν
797 1741 871 1781 καί
897 1737 1049 1789 αὐτούς
1076 1738 1157 1781 σὺν
1183 1739 1314 1796 ἡδονῇ
1335 1742 1467 1796 πολλῇ
1485 1742 1558 1780 καί

106 1805 324 1861 προθυμίᾳ
371 1807 764 1859 παραληψομένους.
827 1803 1132 1858 συνεβούλευόν
1165 1821 1209 1847 τε
1247 1805 1305 1861 μή
1351 1807 1521 1858 μέλλειν
1546 1835 1557 1857 ,

55 1870 216 1924 25μηδὲ
248 1868 558 1924 ὑπερτίθεσθαι
594 1868 666 1912 τὸν
695 1868 869 1926 καιρὸν,
905 1870 963 1924 μή
989 1887 1028 1912 τι
1056 1869 1225 1924 συμβὰν
1253 1873 1392 1925 ἕτερον
1422 1868 1682 1924 lumi-Ph&

109 1951 230 1990 νηται
261 1935 313 1991 τῇ
342 1934 504 1990 πράξει.
560 1933 761 1989 βασιλευς
790 1938 870 1989 μὲν
897 1931 971 1978 οὖν
994 1939 1045 1994 τῇ
1074 1952 1118 1978 τε
1146 1935 1266 1978 πόλει
1307 1935 1465 1985 πολλάς
1496 1934 1555 1977 ὦ·

110 2047 178 2080 bus
222 2046 394 2080 infestum
436 2042 656 2093 reddebant)
694 2053 733 2082 et
761 2049 1012 2094 intelligentes
1050 2055 1260 2094 praetcrea,
1287 2049 1383 2083 nihil
1407 2044 1558 2093 propius

113 2104 215 2134 csse,
244 2103 350 2138 quam
374 2098 415 2126 ut
439 2093 685 2127 Triballorum
710 2095 846 2139 iugum,
883 2097 1043 2142 quamvis
1070 2098 1250 2135 nolentes,
1276 2096 1485 2140 perferant:
1511 2095 1558 2127 ad

113 2139 204 2173 haec
233 2140 278 2172 ab
308 2139 544 2184 optimatibus
567 2141 719 2187 impulsi
743 2141 901 2186 (praeter
925 2154 1058 2188 paucos
1085 2142 1264 2185 siquidem
1288 2153 1412 2175 omnes
1445 2142 1560 2185 impe·

114 2186 237 2219 ratori'
261 2185 522 2232 adhaerebant)
558 2188 593 2220 ei
640 2187 796 2221 reditum
832 2189 1054 2223 decernunt:
1094 2191 1268 2233 illicoque
1305 2189 1466 2233 legatos,
1511 2187 1557 2221 de

112 2232 336 2277 primoribus
378 2232 526 2277 quidem
576 2234 849 2278 Asteroperem‚
901 2235 945 2268 de
978 2236 1087 2280 plebe
1127 2235 1403 2274 Alleluiam‚de
1429 2234 1557 2268 ordine

117 2280 330 2312 clericorum
362 2277 489 2321 Syrum
525 2279 713 2324 deligunt,
740 2291 781 2313 ac
804 2292 869 2325 per
894 2293 955 2315 eos
979 2287 1128 2327 rogant,
1167 2284 1220 2314 uti
1245 2282 1290 2314 ad
1314 2293 1351 2314 se
1376 2290 1554 2324 apprope-

115 2331 180 2359 ret.
238 2325 361 2368 Legati
395 2326 581 2371 antiquam
613 2328 771 2360 civitatis
808 2329 846 2360 in
881 2328 987 2361 illum
1020 2330 1314 2362 benevolentiam
1351 2331 1552 2371 exponunt,

112 2378 152 2406 et
179 2383 255 2405 eam
293 2371 389 2403 inter
414 2371 504 2404 haec
530 2383 625 2406 arma
651 2373 771 2406 civilia
797 2374 910 2407 animi
934 2375 1152 2419 pependisse
1182 2376 1333 2420 eiusque
1359 2375 1553 2408 adventum

114 2423 326 2462 exoptasse.
367 2417 426 2448 cui
451 2429 489 2451 se
517 2417 650 2452 dedere
676 2423 714 2452 et
746 2419 793 2452 ad
828 2421 968 2454 bellum
1008 2422 1217 2455 adiumento
1249 2432 1324 2454 csse
1361 2421 1554 2465 percupie-

114 2465 199 2498 rint.
250 2463 431 2507 Quoniam
469 2470 588 2498 autem
623 2477 768 2499 suornm
802 2467 1010 2511 proditione
1042 2469 1080 2501 in
1110 2467 1199 2501 haec
1234 2467 1434 2500 infortunia
1460 2466 1552 2499 inci—

115 2511 229 2544 disset
252 2515 289 2544 et
312 2509 398 2542 exul
423 2509 470 2542 ad
493 2510 675 2544 Triballos
701 2511 872 2553 abiisset,
907 2515 1079 2557 cogitasse
1106 2516 1225 2546 statim
1252 2526 1270 2548 a
1295 2514 1472 2558 principio
1499 2512 1554 2546 *ad

116 2557 244 2590 urbem
271 2567 369 2598 suam
395 2555 498 2589 illum
523 2568 721 2591 accersere:
748 2558 811 2593 sed
836 2560 990 2599 timore,
1032 2571 1078 2595 ne
1110 2560 1156 2592 ob
1184 2560 1222 2593 id
1246 2561 1285 2592 in
1311 2560 1554 2593 calamitatem

116 2601 416 2636 miserabiliorem
455 2602 721 2646 devolveretur,
764 2605 868 2639 Crale
899 2611 1046 2650 propter
1079 2606 1253 2639 invidiam
1278 2611 1316 2640 et
1341 2612 1548 2650 occupatam

120 2650 304 2683 civitatem
341 2648 492 2682 insidias
525 2651 559 2682 ei
597 2650 836 2691 instructum,
872 2652 1046 2685 hactenus
1078 2653 1270 2696 quievisse.
1324 2653 1428 2686 Nunc
1462 2652 1550 2698 quia

121 2695 261 2729 occasio
296 2696 440 2729 venerit
470 2700 507 2728 et
540 2696 663 2730 crates
688 2698 725 2731 id
751 2698 952 2743 approbare
975 2696 1165 2738 videatur,
1206 2699 1327 2732 venire
1353 2701 1471 2743 ipsos,
1508 2702 1550 2730 ut

121 2753 205 2775 eum
228 2742 342 2774 multo
368 2751 447 2773 cum
477 2741 607 2787 gaudio
633 2743 848 2788 laetitiaque
870 2745 1059 2788 accipiant.
1107 2744 1261 2778 Proinde
1286 2750 1428 2778 moveat
1450 2743 1495 2776 ab
1512 2752 1551 2777 so

119 2797 260 2829 moras,
287 2797 378 2821 neve
405 2788 442 2821 in
467 2787 569 2821 aliud
594 2794 735 2836 tempus
760 2789 915 2832 differat,
939 2801 985 2824 ne
1011 2790 1092 2836 quis
1117 2800 1216 2825 casus
1241 2803 1314 2825 rem
1336 2795 1450 2824 totam
1474 2789 1553 2823 dis-⁴

169 2855 440 2890 Camacuzenus
464 2854 512 2890 11.
1249 2855 1294 2894 23
