1812 3132
305 160 382 235 96
838 178 1206 222 CANTAcuzm

111 282 441 336 Α.ῦ.ι34ιαρχῆς
480 276 614 328 εὐθύς
646 273 886 334 εὕεργεσίας
920 281 995 322 τοῦ
1023 278 1205 334 μεγάλου
1240 278 1508 330 δομεστίκου,
1551 272 1639 319 εἶτα
1666 279 1739 319 καὶ

300 346 352 390 τὰ
383 345 469 388 τότε
495 346 717 398 ἐκθέμενος
743 347 1102 398 συνεσκευασμένοι
1133 347 1223 385 κατ’
1242 342 1402 396 αὐτοῦ,
1430 342 1503 383 καί
1517 340 1736 397 κατήγορος

302 411 514 468 γινόμενος
542 408 699 453 ἑαυτοῦ
722 411 794 452 καί
821 410 896 460 τοὶς
924 408 1105 465 ἐσχάτας
1139 407 1350 462 ὁμολογῶν
1378 409 1560 463 ὀφείλειν
1587 408 1734 459 δίκας,

303 478 447 521 ἔπειτα
475 479 605 520 ἐδεῖτο
631 482 772 530 τυχεῖν
809 475 1069 531 συγγνώμης,
1111 476 1150 517 εἰ
1178 472 1237 528 μὴ
1267 471 1496 529 πρότερον,
1526 472 1634 514 ἄλλα
1660 474 1736 516 νῦν

301 546 402 599 γοῦν
443 540 790 597 ἐπαγγελλόμενος
826 536 940 591 ἄξιος
980 543 1207 596 φανεῖσθαι
1246 541 1319 593 τῆς
1354 538 1626 592 εὕεργεσίας,
1663 537 1762 580 καὶὄ

301 606 376 651 τὸν
417 606 554 650 πάντα
588 606 740 663 χρόνον
768 607 1032 662 διατηρήσειν
1058 602 1208 647 ἑαυτὸν
1237 603 1312 645 οὐκ
1338 603 1578 658 εὐγνώμονα
1615 603 1740 657 μόνον

305 673 380 716 καὶ
406 674 487 715 τῶν
532 668 779 728 εὖεργεσιῶν
821 674 903 714 τῶν
937 673 997 720 εἰς
1037 673 1191 714 ἐκεῖνον
1217 669 1477 724 μεμνημένον
1492 702 1505 722 ,
1534 667 1640 710 ἀλλὰ
1668 669 1742 710 καί

264 744 292 779 Β
309 736 420 795 πάσῃ
449 739 666 795 προθυμίᾳ
693 736 766 778 καί
790 738 953 793 σπουδῇ
976 734 1028 777 τιὶ
1069 735 1401 791 προστεταγμένα
1441 735 1640 776 ποιοῦντα
1667 732 1740 775 ὕπ’

299 805 475 857 ἐκείνου,
510 801 583 845 καὶ
616 804 734 859 σαφῆ
769 803 842 843 καί
877 800 1072 857 καθαρὰν
1114 798 1450 852 ἐπιδεικνύμενον
1487 796 1566 854 τὴν
1593 797 1739 840 εὐπεί-

297 873 421 912 θειαν
448 871 494 912 ἐν
529 871 646 914 πᾶσι.
695 869 854 916 πίστεις
881 868 928 908 δὲ
955 869 1175 922 παρείχετο
1218 863 1289 906 ἐπὶ
1314 870 1398 913 τοῖς
1426 866 1658 918 λεγομένοις
1683 865 1789 905 α’-ιο

297 939 499 991 σφαλεῖς,
528 933 609 988 οὐχ
635 931 804 989 ἐτέρους
828 930 957 986 μόνον
998 924 1222 988 φρικώδεις
1263 926 1412 986 ὅρκους
1448 931 1520 971 καί
1555 931 1736 972 οἰκοῦσαι

299 997 532 1056 φοβεροὺς,
570 997 677 1041 α’λλιὶ
717 997 789 1040 καί
827 998 930 1040 αὐτὸ
972 996 1019 1040 τὸ
1046 999 1122 1039 νῦν
1150 996 1255 1051 ὑπὲρ
1282 997 1358 1051 τῆς
1388 998 1523 1049 κοινῆς
1550 997 1634 1037 τῶν
1662 994 1735 1036 οἶν-

297 1065 481 1122 θρώπων
520 1066 730 1121 σωτηρίας
775 1061 1118 1121 ἱερουργούμενον
1164 1059 1393 1116 ἁγιώτατον
1438 1062 1515 1102 τοῦ
1554 1062 1752 1116 σωτῆρος,

297 1131 431 1186 Ἷησοῦ
470 1132 594 1184 σῶμα
646 1129 719 1172 καί
755 1129 807 1172 τὰ
845 1127 951 1184 ὑπὲρ
1000 1126 1118 1183 ἡμῶν
1155 1127 1274 1181 πάθη
1313 1129 1388 1168 τοῦ
1428 1127 1621 1175 α’παθοῦς
1666 1123 1739 1166 καί

171 1202 214 1238 V.
228 1194 375 1250 δαιτὴν
392 1194 615 1252 τριήμερον
631 1194 771 1252 ταφὴν
789 1196 861 1237 καί
878 1193 954 1249 την
979 1196 1025 1236 ἑκ
1051 1195 1205 1249 νεκρῶν
1230 1190 1458 1235 α’νάστασιν
1473 1225 1486 1245 ,
1515 1188 1544 1233 ἃ
1557 1190 1735 1233 ἱκέτευεν
1744 1186 1789 1228 25

303 1262 566 1313 αἰδεσθέντα,
593 1261 650 1309 ὥς
670 1260 776 1316 ὑπὲρ
798 1262 881 1302 τών
899 1261 958 1308 εἰς
979 1257 1107 1301 αὐτὸν
1129 1257 1261 1300 πολλὰ
1280 1254 1550 1313 ἐξυβρικότων
1570 1255 1736 1311 α’νθρώ-

267 1329 393 1368 (Ζπων
429 1328 486 1384 τῷ
524 1328 678 1381 σωτῆρι
722 1326 974 1382 εἰργασμένα
991 1357 1005 1377 ,
1053 1321 1295 1379 συγγνώμην
1336 1322 1408 1365 καί
1441 1320 1569 1364 αὕτὸν
1595 1319 1735 1379 ἐκείνῳ

299 1394 598 1447 παρασχέσθαι
624 1393 698 1433 καί
721 1392 781 1447 μὴ
809 1393 884 1446 τῆς
911 1390 1202 1445 α’γνωμοσύνης
1230 1388 1348 1439 δίκας
1367 1391 1568 1430 α’παιτεΐν.
1595 1385 1737 1429 ἔπειτα

301 1456 449 1514 καιρὸν
478 1455 690 1513 φυλάξας,
733 1458 778 1499 ἐν
805 1450 840 1515 ᾧ
878 1457 952 1511 τῆς
980 1457 1185 1509 μυστικῆς
1221 1453 1456 1509 ἱερουργίας
1491 1454 1736 1507 τελουμένης

301 1525 347 1565 ἐν
374 1524 452 1564 τοῦ
476 1523 656 1576 μεγάλου
686 1523 931 1575 δομεστίκου
959 1523 1011 1577 τῇ
1037 1522 1143 1578 οἰκία
1169 1518 1242 1561 καί
1266 1517 1395 1568 αὐτὸς
1414 1519 1552 1573 παρῆν
1570 1547 1583 1571 ,
1609 1514 1788 1570 μάλι-Ξσ

299 1603 379 1630 στα
405 1586 514 1629 κατὰ
554 1586 629 1642 την
666 1590 744 1629 τοῦ
784 1588 902 1629 θείου
931 1588 1004 1628 καί
1031 1586 1236 1637 ζωοποιοῦ
1272 1586 1348 1626 τοῦ
1386 1585 1572 1639 σωτῆρος
1606 1581 1731 1636 λόγου

298 1654 378 1695 τοῦ
403 1648 597 1706 σώματος
625 1655 872 1709 προέλευσιν
898 1652 1019 1707 ἐγγύς
1046 1648 1282 1706 γενόμενος,
1326 1652 1548 1705 παρείχετο
1589 1646 1635 1691 τὸ
1666 1652 1734 1702 βυ-

258 1774 261 1776 ,
298 1719 418 1772 βλιόν
435 1751 448 1771 ,
479 1716 608 1761 εἰπών
629 1720 702 1760 καί
728 1717 798 1761 διὰ
824 1717 1004 1773 γλώττης
1021 1750 1034 1772 ,
1063 1714 1119 1766 ὥς
1145 1718 1229 1759 τών
1256 1717 1596 1770 ἐγγεγραμμένων
1622 1712 1732 1769 μάρ-

298 1800 430 1840 τυρας
467 1784 692 1839 παρέχοιτο
732 1782 834 1827 αὐτό
862 1799 905 1826 τε
931 1781 976 1826 τὸ
1008 1784 1192 1839 φρικτῶς
1224 1777 1567 1837 ἱερουργούμενον
1609 1782 1732 1834 σῶμα

369 1880 401 1902 2.
427 1868 509 1901 τότε
532 1867 602 1907 Μ.,
626 1869 697 1903 νῦν
721 1868 756 1902 Ρ.
880 1880 931 1913 ¹7·
957 1867 1215 1914 εἰργασμένων
1238 1867 1276 1901 Ρ.

295 1941 430 1974 litteris
454 1941 501 1975 ab
527 1941 635 1975 initio
660 1941 782 1976 statim
809 1943 886 1975 eius
909 1941 948 1975 in
967 1951 1005 1974 se
1030 1939 1164 1979 officia,
1201 1949 1279 1972 suas
1301 1937 1455 1972 vicissim
1481 1939 1520 1972 in
1544 1949 1626 1972 eum
1651 1948 1730 1971 ma-

295 1987 421 2021 chinas
459 1991 648 2029 recenset,
694 1993 731 2022 et
768 1994 881 2022 semet
917 1995 1086 2025 accusans
1116 1986 1325 2030 ultimisque
1357 1984 1504 2029 dignum
1541 1982 1728 2030 suppliciis

293 2045 371 2068 :non
394 2034 581 2075 inficians,
605 2038 646 2067 ut
670 2035 895 2079 ignoscatur,
923 2039 1019 2067 orat:
1058 2032 1272 2076 promittens
1304 2032 1359 2065 vel
1395 2043 1491 2064 nunc
1522 2036 1729 2064 curaturum

294 2090 396 2121 sese,
429 2092 475 2114 ne
509 2080 578 2114 hoc
604 2080 781 2115 beneficio
815 2080 943 2115 veniae
967 2079 1136 2124 indignus
1164 2079 1274 2111 fuisse
1301 2078 1487 2112 videatur:
1522 2083 1559 2111 et
1585 2079 1624 2110 in
1647 2088 1731 2122 per-

293 2132 447 2171 petuum
472 2138 545 2160 non
583 2127 689 2160 modo
723 2129 839 2161 virum
879 2127 1016 2159 bonurn
1040 2130 1340 2170 acceptorumque
1366 2123 1625 2157 beneficiorum
1649 2133 1731 2156 me·-

292 2183 432 2207 morem
458 2174 618 2206 futurum
635 2199 644 2213 ,
676 2173 739 2207 sed
764 2175 872 2207 etiam
897 2174 973 2206 eius
997 2171 1204 2205 auctoritati
1240 2171 1501 2203 studiosissime
1534 2170 1731 2203 obsecutu-

295 2229 376 2252 rum
416 2225 454 2253 et
497 2219 740 2253 indubitatam
776 2220 1023 2265 integramque
1057 2218 1097 2250 in
1134 2216 1302 2251 omnibus
1347 2216 1591 2250 obedientiam
1623 2225 1729 2260 prae-

295 2266 477 2299 stiturum.
538 2265 594 2299 Ad
626 2266 889 2300 corroboranda
923 2270 1058 2305 autem,
1093 2274 1185 2310 quae
1214 2262 1376 2304 dicebat,
1411 2273 1486 2296 non
1521 2262 1593 2295 alia
1619 2261 1728 2294 modo

293 2312 477 2346 terribilia
503 2316 540 2346 et
569 2312 697 2346 auditu
722 2312 909 2346 tremenda
940 2313 1140 2345 iuramenta
1167 2310 1359 2350 afferebat,
1381 2309 1459 2342 'sed
1481 2309 1600 2353 ipsum
1637 2317 1730 2354 quo-

295 2370 382 2404 que,
408 2358 507 2404 quod
530 2357 640 2392 hodie
664 2370 728 2403 pro
754 2359 934 2392 communi
957 2358 1143 2392 hominum
1167 2357 1281 2390 salute
1311 2355 1550 2395 sacrificatur,
1577 2355 1730 2388 emetis-

296 2405 428 2438 simum
454 2405 651 2438 Servatoris
680 2406 758 2438 lesu
788 2416 936 2450 corpus,
970 2410 1008 2438 et
1032 2413 1124 2448 quae
1148 2413 1213 2447 pro
1238 2402 1342 2435 nobis
1367 2413 1491 2447 passus
1517 2405 1572 2434 est
1603 2402 1654 2441 is,
1686 2401 1729 2434 in

297 2461 405 2495 quem
441 2462 515 2485 non
546 2452 643 2485 cadit
671 2453 876 2497 perpessio,
913 2455 951 2485 et
983 2451 1188 2484 triduanam
1224 2449 1444 2493 sepulturam
1478 2451 1515 2480 et
1544 2447 1586 2480 iu
1615 2447 1727 2480 vitam

295 2497 478 2538 reditum,
511 2508 605 2543 quae
633 2502 674 2531 ut
699 2509 719 2530 a
752 2498 935 2532 salvatore
968 2508 1033 2541 pro
1066 2495 1274 2531 hominibus
1306 2496 1345 2528 in
1371 2505 1452 2528 eum
1489 2493 1727 2527 contamelio-

297 2543 447 2576 sissimis
472 2545 565 2577 facta
593 2548 629 2576 et
652 2544 802 2578 tolerata
825 2549 1070 2584 revereretur,
1107 2542 1250 2587 sibique
1275 2540 1478 2575 condonato
1501 2540 1643 2572 sceleris
1671 2539 1729 2573 sui

295 2590 474 2634 supplicio
511 2591 652 2624 veniam
684 2591 899 2635 impertiret,
954 2587 1190 2634 supplicabat.
1220 2628 1222 2630 ,
1252 2586 1395 2622 Deinde
1441 2586 1527 2621 hora
1567 2590 1728 2631 captata,

296 2647 370 2681 qua
396 2637 583 2679 mysticum
609 2638 821 2671 sacrificium
845 2639 885 2671 in
920 2636 1070 2670 aedibus
1105 2635 1221 2680 magni
1257 2633 1444 2667 domestici
1474 2638 1723 2679 perageretur,

294 2681 397 2715 venit
419 2684 497 2726 ipse
531 2694 678 2728 quoque
703 2689 740 2717 et
773 2684 914 2729 inipso
949 2684 1177 2728 potissimum
1211 2681 1382 2720 articulo,
1423 2690 1502 2712 cum
1536 2679 1651 2712 divini
1684 2688 1724 2711 ac

295 2728 428 2762 vivifici
454 2734 491 2762 et
514 2729 691 2764 salutiferi
715 2731 817 2764 verbi
839 2740 967 2774 corpus
997 2729 1117 2770 adest,
1143 2727 1334 2766 accedens,
1362 2725 1526 2759 libellum
1550 2725 1726 2769 porrigit,

295 2773 431 2809 addens
455 2776 596 2822 lingua,
633 2788 670 2812 sc
698 2777 836 2813 ibidem
860 2778 1071 2824 scriptorum
1097 2780 1206 2810 testes
1231 2773 1414 2820 appellare
1450 2773 1589 2818 ipsum,
1627 2770 1727 2818 quod
