1800 3138
526 173 899 231 fllstJARUM
938 191 1010 230 111.
1049 191 1120 234 αι.
1144 202 1146 204 >
1429 168 1541 241 249

109 294 237 346 μένου
277 290 359 333 ὑπὸ
392 294 566 344 κλοιοῖς,
607 288 863 345 παραλαβών
901 286 1030 339 αὐτὸς
1074 287 1224 344 ἔτρεψέ
1262 294 1305 331 τε
1348 289 1419 330 καὶ
1438 290 1628 329 παι-ΔΩ.
1648 288 1734 334 1342

113 357 229 406 δειάς
263 355 547 411 προσηκούσης
582 357 699 411 η’ξίου
737 362 822 404 τοῖς
863 355 1009 396 παισίν
1037 353 1206 409 ὁμοίιος,
1234 356 1433 409 „waher”
1459 352 1543 409 ἔφη

110 419 442 476 πρωτοστριίτορι
467 420 569 474 ,,τόν
595 422 807 462 νεανίσκον
832 419 1107 474 παραλαβών,
1132 423 1206 474 τῆς
1233 421 1309 474 σῆς
1337 415 1430 462 ὄντα
1446 422 1545 461 παῖ-

113 489 165 529 δα
192 485 423 540 θυγατρὸς,
465 483 535 541 (οὗ
563 485 644 540 γὰρ
677 481 729 527 ἅν
757 487 927 527 δυ’ναιτο
956 483 1024 526 διὰ
1053 484 1124 539 τὴν
1152 483 1315 539 ἡλικίαν
1341 484 1446 540 πρὸς
1471 481 1546 525 πό-

87 552 210 599 5νους
237 553 421 604 α’ντέχειν
447 553 520 593 καί
545 549 832 605 ταλαιπωρίαν
859 552 933 605 τῆς
961 552 1006 591 ὲκ
1034 553 1104 604 τῆς
1131 551 1379 606 στρατείας,)
1409 547 1544 604 πάσης

112 617 230 668 α’ξίυυ
262 618 336 658 καί
373 618 566 665 παιδείας
593 617 666 658 καί
690 617 885 670 προνοίας
911 618 987 670 τῆς
1014 612 1308 670 προσηκούσης.
1363 610 1440 655 κᾶν
1464 617 1544 667 μὲν

109 681 238 731 αὐτὸς
253 683 417 735 ταχέως
436 683 652 724 ἐπανέλθω
681 680 786 735 πρὸς
807 680 933 734 ὑμᾶς,
964 679 1125 737 (οἴομαι
1146 679 1190 720 δὲ
1209 681 1260 735 τῇ
1285 695 1328 721 τε
1349 681 1543 736 πανάγνῳ

115 748 195 788 τοῦ
235 749 339 789 θεοῦ
377 749 506 802 μητρί
536 745 748 795 πεποιθώς
778 746 851 787 καί
877 749 934 803 τῷ
958 747 1089 800 μηδὲν
1114 747 1284 803 ἐμαυτῷ
1309 747 1545 788 συνειδέναι

111 816 198 855 τῶν
225 809 392 854 ἇτόπων
410 815 694 869 εἰργασμένῳ,
725 814 777 854 δι’
807 810 831 852 ὃ
859 814 1030 860 δικαίως
1059 807 1290 865 ἆπολοιζιιην
1316 807 1392 863 ἂν,
1422 811 1544 864 τάχι-

62 880 187 920 ιοστά
215 894 260 921 τε
284 876 499 933 ἐπανήξειν
526 876 598 919 καί
623 876 800 930 δύναμιν
826 875 1007 930 μεγάλην
1027 878 1403 932 περιβεβλημένος,)
1421 873 1546 917 πάλιν

110 941 381 998 ἀπολήψομαι
407 942 455 984 τὸ
482 941 710 999 μειράκιον.
769 944 808 984 εἰ
834 943 868 983 δ’
898 939 1039 996 ἕτερόν
1065 957 1107 982 τι
1137 941 1327 981 δέδοκται
1344 943 1431 999 θεῷ
1448 942 1669 995 myst-485

111 1007 255 1064 ἡμῶν,
283 1007 437 1058 α’πόδος
462 1010 519 1066 τῷ
544 1007 691 1063 πατρὶ,
735 1007 828 1049 ἐπεὶ
853 1007 911 1061 μὴ
940 1007 1040 1062 ἡμῖν
1065 1021 1111 1060 γε
1138 1005 1238 1054 θεὸς
1265 1005 1315 1049 τὰ
1341 1008 1438 1063 περὶ
1463 1007 1542 1048 αὖ-

108 1077 186 1116 τοῦ
211 1075 448 1127 ἐγνωσμένα
475 1070 589 1128 ἄγειν
616 1075 842 1128 ἐπέτρεψεν
869 1074 928 1122 εἰς
956 1075 1110 1121 τέλος.”
1165 1070 1307 1113 ἔπειτα
1337 1075 1410 1114 καί
1432 1089 1545 1127 πρω-

110 1137 368 1193 τοστράτορα
394 1138 745 1195 προσαγορεύσας,
775 1139 989 1191 ἀπέπεμπε
1017 1135 1120 1190 μετὰ
1149 1140 1231 1179 τῶν
1258 1131 1411 1180 ἄλλων.
1466 1139 1546 1180 αυ’-

63 1202 180 1257 ι5τὸς
218 1204 264 1245 δὲ
304 1201 441 1259 ὥσπερ
485 1206 793 1258 ἐνδεικνύμενος
836 1202 914 1259 τήν
948 1204 1269 1258 μεγαλοψυχίαν
1309 1205 1381 1244 καί
1408 1202 1454 1245 τὸ
1484 1202 1543 1259 μὴ

111 1271 198 1310 δεῖν
225 1272 495 1313 καταπίπτειν
521 1271 566 1312 ἐν
591 1276 684 1320 ταῖς
712 1271 1002 1325 δυσπραγίαις,
1034 1265 1202 1324 ἄριστον
1229 1265 1365 1325 ᾗρεΐτο
1389 1271 1451 1310 ἐπ’
1471 1271 1551 1311 oev’-

112 1337 188 1377 τοῦ
218 1337 297 1377 τοῦ
326 1335 452 1378 τόπου
492 1334 564 1378 καί
589 1334 685 1384 τοὺς
712 1331 863 1384 ἄλλους
888 1333 937 1377 τὰ
967 1334 1038 1377 ἴσα
1076 1336 1236 1376 ἐκέλευε
1273 1340 1420 1376 ποιεῖν.
1475 1352 1550 1388 με·
1564 1341 1605 1376 V.
1619 1345 1681 1390 391

100 1399 163 1441 τά
206 1402 252 1442 δὲ
294 1403 414 1442 τοῦτο
452 1400 554 1450 τούς
592 1403 637 1443 έν
663 1403 774 1443 τέλει
805 1402 878 1442 καί
902 1398 976 1454 τὴν
1020 1397 1218 1454 στρατιὰν
1258 1401 1564 1455 περιστησάμε-

111 1479 207 1518 νος,
241 1468 534 1521 παρεκελεύετο
568 1466 719 1510 τοιάδε.
792 1462 970 1521 »ἄνδρες
1009 1467 1338 1521 συστρατιῶται,
1383 1466 1435 1508 τά
1475 1471 1555 1519 μὲν

56 1527 293 1584 αοπαρόντα
329 1530 551 1585 πράγματα
596 1530 652 1579 ὥς
687 1532 840 1585 πολλῆς
877 1532 1097 1578 δυσκολίας
1145 1531 1430 1585 ἐμπέπλησται
1475 1536 1548 1575 καί
1558 1541 1584 1574 Β

109 1595 297 1649 ταραχῆς
314 1626 326 1648 ,
372 1598 498 1638 πᾶσιν
532 1596 635 1648 ὑμῖν
662 1597 892 1650 καθέστηκε
918 1597 1167 1651 καταφανές.
1227 1595 1275 1636 αἴ
1298 1611 1342 1637 τε
1370 1595 1447 1652 γὰρ
1478 1599 1545 1639 ἐλ-

110 1662 254 1714 πίδες,
284 1659 334 1711 ἃς
361 1660 522 1703 οἴκοθεν
549 1660 713 1715 ἔχοντες
742 1660 1003 1716 κεκινήμεθα,
1034 1658 1336 1716 ἑξεῤῥυήκεσαν
1361 1664 1432 1704 καί
1463 1664 1548 1705 τῶν

111 1726 500 1781 συστρατευομένων
527 1724 783 1780 ἀπεβάλομεν
811 1725 1000 1780 πολλοὺς,
1030 1726 1081 1767 οὕ
1107 1727 1168 1780 μα’
1171 1743 1226 1783 χῃ
1247 1730 1545 1782 κρατηθέντες,

202 1852 233 1876 2.
257 1838 520 1887 προσηκούσης
543 1839 627 1878 add.
643 1840 694 1874 M.

117 1952 253 1986 puero,
282 1951 388 1987 quem
420 1945 522 1986 patre
549 1941 718 1976 Manuele
750 1942 866 1976 Asane
893 1941 990 1988 apud
1014 1941 1138 1974 Beram
1170 1939 1288 1974 adhuc
1319 1942 1359 1975 in
1391 1941 1546 1977 vinculis

113 1987 274 2028 detento,
300 1987 372 2020 eibi
397 1994 578 2032 sumptum
603 1988 793 2029 educabat,
819 1995 857 2022 et
881 2001 946 2034 pro
971 1993 1089 2021 aetate
1107 1988 1278 2021 litterulis
1296 1987 1546 2029 imbuendum,

113 2039 296 2080 tamquam
322 2034 451 2074 filium,
479 2035 648 2074 curabat,
674 2036 779 2068 Hunc
795 2060 805 2075 ‚
831 2036 974 2080 inquit,
998 2034 1320 2074 adolescentulum,
1344 2039 1428 2067 tuae
1451 2035 1548 2069 filiae

119 2087 263 2125 gnatum
289 2081 490 2125 accipiens,
520 2081 568 2114 ob
598 2092 711 2116 annos
741 2083 950 2115 immaturos
980 2081 1027 2114 ad
1055 2091 1162 2124 opera
1197 2080 1419 2125 sudoresque
1448 2081 1550 2114 mili-

114 2132 209 2161 tares
238 2126 398 2159 nondum
426 2127 624 2169 idoneum,
655 2133 738 2161 tuae
775 2128 860 2161 fidei
895 2127 1124 2161 commendo:
1164 2126 1222 2159 cui
1258 2137 1366 2170 quam
1398 2138 1462 2171 par
1493 2131 1550 2160 est

114 2184 235 2206 euram
257 2178 294 2206 et
320 2173 590 2206 institutionem
616 2184 758 2208 omnem
785 2174 970 2208 adhibeto.
1022 2174 1139 2217 Quem
1178 2173 1239 2205 ubi
1273 2172 1372 2206 brevi
1408 2172 1455 2204 ad
1486 2183 1548 2206 vos

114 2219 280 2258 rediero,
322 2219 441 2263 (opero
471 2225 595 2254 autem
621 2221 818 2254 castissima
845 2221 915 2254 Dei
942 2224 1056 2253 matre
1081 2219 1232 2252 confisus
1261 2224 1298 2252 ct
1331 2219 1428 2264 quod
1452 2219 1549 2253 nihil

113 2277 173 2299 me
196 2265 375 2298 nefarium
402 2267 614 2300 conscivisse
639 2268 737 2307 scio,
773 2267 820 2300 ob
846 2267 944 2311 quod
970 2266 1100 2299 merito
1128 2266 1246 2309 perire
1275 2264 1449 2305 debeam,
1485 2276 1550 2299 ce-

113 2312 259 2345 lerrime
284 2312 420 2354 maguis
449 2322 530 2346 cum
553 2311 691 2346 viribus
717 2313 956 2357 rediturum,)
981 2311 1026 2345 ad
1050 2322 1107 2344 me
1132 2311 1312 2355 recipiam.
1361 2311 1424 2344 Sin
1447 2310 1550 2344 aliud

115 2359 214 2391 Deus
240 2357 285 2391 de
309 2357 415 2390 nobis
443 2358 635 2399 statuerit,
680 2360 772 2404 patri
799 2359 969 2392 restitue:
1013 2357 1190 2403 siquidem
1216 2368 1309 2402 quae
1329 2357 1374 2391 de
1401 2356 1467 2390 illo
1491 2358 1549 2391 fa-

116 2414 196 2438 cere
219 2404 258 2436 in
287 2404 408 2436 animo
443 2403 686 2442 habebamus.
718 2404 760 2438 ad
790 2406 898 2439 finem
923 2404 1119 2450 perducere
1151 2403 1430 2448 nequiverimus.
1481 2403 1550 2439 Se-

117 2449 274 2483 cundum
300 2448 391 2482 haee
413 2455 706 2494 protostratorem
729 2451 924 2485 salutatum
948 2462 1027 2484 cum
1054 2451 1135 2484 aliis
1161 2450 1319 2483 dimisit:
1349 2455 1386 2484 et
1408 2454 1450 2483 ut
1469 2461 1550 2483 ma-

116 2496 389 2542 gnanimitatem
414 2506 514 2529 suam
541 2496 804 2531 demonstraret
828 2497 1068 2541 doceretque,
1101 2496 1255 2529 infestae
1280 2495 1447 2529 fortunae
1474 2508 1549 2531 non

117 2553 195 2575 esse
219 2541 538 2583 succumbendum,
561 2543 751 2586 prandium
776 2544 815 2576 in
842 2543 920 2588 ipso
945 2545 1023 2576 loco
1049 2542 1167 2582 inivit,
1191 2546 1228 2575 et
1251 2546 1292 2575 ut
1314 2542 1410 2576 idem
1435 2543 1550 2577 ceteri

116 2588 289 2628 facerent,
315 2587 509 2621 mandavit.
559 2588 684 2622 Postea
709 2590 928 2634 primoribus
954 2588 1186 2632 exercituque
1211 2587 1551 2630 circumstantibus,

118 2635 170 2667 sic
193 2645 252 2668 eos
278 2639 333 2668 est
356 2633 574 2670 cohortatus.
623 2636 740 2680 Quam
764 2636 890 2670 multis
914 2634 1187 2669 difficultatibus
1213 2639 1322 2681 atque
1345 2633 1462 2669 turbis
1486 2635 1550 2668 hic

117 2691 234 2713 rerum
261 2685 372 2713 status
397 2679 582 2721 abundet,
622 2681 908 2721 commilitones,
947 2692 1053 2714 nemo
1081 2686 1236 2714 vestrum
1266 2685 1344 2721 est,
1376 2682 1439 2726 qui
1474 2693 1548 2715 non

118 2727 304 2770 explorate
329 2727 482 2760 noverit.
530 2727 618 2760 Nam
643 2734 680 2761 et
703 2739 782 2772 spes
801 2753 811 2768 ‚
835 2739 922 2773 quas
950 2727 1056 2760 domo
1080 2731 1264 2771 portantes
1291 2726 1338 2760 ad
1364 2737 1461 2760 arma
1486 2738 1547 2771 ag-

118 2771 389 2818 grediebamur,
417 2773 628 2810 effluxerunt
649 2778 687 2810 et
713 2774 758 2810 de
789 2774 894 2809 sociis
920 2774 1120 2819 complures
1144 2774 1344 2816 amisimus,
1365 2783 1439 2809 non
1465 2773 1549 2819 qui-
