1800 3146
530 180 905 225 nlsTORlARUM
943 183 1016 223 111.
1057 183 1125 230 76.
1431 163 1545 239 475

220 284 294 334 ος’.
345 282 559 332 Βασιλεύς
596 285 642 325 δὲ
676 285 750 325 καί
777 282 850 338 τήν
875 283 1061 340 μεγάλην
1089 277 1172 326 εἷλε
1200 282 1383 340 Καρύαν
1412 283 1549 342 φρού-
1561 292 1742 339 Α.(Ξ.ι343

111 352 203 406 ριόν
247 366 291 394 τι
329 347 539 407 ὁμολογίᾳ.
615 347 721 392 ἔνθα
765 350 1019 405 διατρίβοντι
1059 351 1133 392 καί
1173 349 1490 406 πρωτοκυνηγός
1518 348 1541 393 ὅ
1551 361 1592 396 V.
1607 362 1676 407 494

106 414 328 472 ,Βατάτζης
371 412 670 470 προσεχώρησε
705 414 811 469 μετά
837 418 922 457 ταῖν
951 418 1157 470 συγγενῶν
1186 411 1319 458 ὄντων
1347 417 1422 458 οὐκ
1451 413 1542 459 ‹321¹-
1553 425 1669 470 1².617

106 495 213 536 γων·
269 483 343 523 καί
367 482 412 524 τό
437 497 482 524 τε
514 479 762 535 Πολύβοτον
779 513 792 535 ,
832 478 953 524 πόλιν
983 481 1195 539 Θρᾳκικὴν
1222 479 1305 523 ὑπὸ
1334 484 1416 523 τῶν
1444 497 1547 536 συγ-

81 550 238 603 5γενῶν
251 550 545 603 κατεχομένην,
574 549 756 603 προσῆγε
775 551 954 601 βασιλεῖ’,
983 548 1057 589 καί
1079 548 1330 603 Τηρίστασιν
1345 544 1390 589 τὸ
1414 546 1549 603 φρού-

112 615 216 668 ριόν,
254 610 277 654 ὃ
305 613 509 669 πρότερον
552 612 681 662 αὐτὸς
708 611 772 655 ἔτι
795 615 1005 668 βασιλέως
1031 611 1310 670 Ἀνδρονίκου
1339 613 1548 667 περιόντος

106 681 270 728 οἰκείοις
312 675 583 732 ἀναλώμασιν
621 680 837 733 ἐτείχισεν.
905 677 1063 735 ἔφασκέ
1088 696 1146 732 τε,
1184 676 1241 728 ὦς
1276 679 1320 721 ἐν
1353 680 1432 732 μὲν
1455 684 1549 728 ταῖς

105 746 260 801 ἀρχαῖς
305 747 378 788 τοῦ
404 748 587 799 πολέμου
615 743 825 798 μάλιστα,
875 744 1051 799 νομίσας
1081 744 1180 801 περὶ
1213 746 1391 799 βασιλέα
1416 745 1548 799 η’γνω-

103 802 331 867 μονήκέναι
376 814 450 854 καί
477 819 565 861 τοῖς
594 811 754 855 ἐκείνου
782 814 933 854 παισίν
962 811 1116 860 ἀδίκως
1143 809 1431 864 ἐπιβουλεύειν
1475 809 1550 853 καί

55 881 412 934 ιοπαραιρεΐσθαι
442 877 520 933 τὴν
550 876 706 933 ἀρχήν,
749 877 985 932 ἀποστῆναί
1003 893 1047 919 τε
1076 878 1206 919 αιῖτοῦ
1234 876 1304 919 διά
1332 875 1407 932 τὴν
1433 892 1547 929 νομι-

102 945 278 999 ζομένην
313 941 480 986 ἀδικίαν
534 945 607 986 καί
643 948 837 998 πολεμεῖν
875 941 1015 1001 ἁπάσῃ
1049 942 1239 996 δυνάμει.
1293 944 1372 985 τοῦ
1391 939 1546 998 χρόνου

102 1010 151 1050 δὲ
187 1010 432 1065 τριβομένου
469 1009 543 1051 καὶ
576 1013 658 1052 τῶν
684 1010 914 1063 “Ρωμαι’ων
956 1009 1253 1063 άπολλυμένων
1282 1009 1441 1059 ἀκλεῶς
1466 1007 1548 1051 ὑπὸ

99 1078 178 1117 τοῦ
204 1075 412 1129 πολέμου,
454 1073 564 1131 ὁρῶν
590 1076 648 1125 ὥς
673 1079 847 1130 βασιλεῖ’
867 1077 947 1129 μὲν
973 1073 1027 1118 τά
1078 1092 1125 1118 τε
1155 1074 1388 1128 εΡωμαίοις
1427 1076 1547 1133 κοινῇ

100 1143 346 1184 συνοίσοντα
381 1144 455 1184 καί
494 1148 579 1191 τοῖς
603 1145 810 1197 βασιλέως
836 1140 1122 1193 σπουδάζεται
1149 1141 1296 1195 παισὶ,
1341 1148 1584 1197 παρακοι-Β

50 1211 278 1266 ι5μωμὲνῳ
315 1210 362 1251 δὲ
395 1208 470 1250 καί
501 1214 589 1258 τοῖς
627 1204 768 1258 ἄλλοις
806 1213 894 1258 τοῖς
923 1203 1073 1263 ἄγουσι
1098 1209 1181 1250 τῶν
1207 1207 1437 1260 Ῥωμαιων
1469 1205 1546 1263 τήν

99 1274 348 1330 ἡγεμονίαν,
393 1274 518 1318 οὐδέν
552 1276 643 1317 ἐστι
679 1269 919 1330 προῦργου,
963 1271 991 1330 ἢ
1020 1272 1179 1324 πάντας
1209 1275 1546 1330 διαφθείραντας

99 1341 282 1391 ἐκείνους
325 1336 495 1397 ἄρχειν,
541 1343 748 1395 βασιλέως
786 1342 834 1383 δὲ
873 1341 951 1382 τοῦ
994 1338 1146 1390 παιδὸς
1183 1337 1303 1394 ὄλίγα
1350 1336 1380 1394 ἢ
1421 1339 1544 1382 οῦδὲν

86 1407 420 1463 φροντίζοντας,
451 1409 526 1449 καί
548 1410 624 1463 τῆς
648 1408 732 1449 τῶν
759 1402 898 1449 ἄλλων.
935 1408 1166 1462 σωτηρίας,
1214 1405 1397 1448 συνιδών
1425 1421 1470 1447 τε
1497 1405 1544 1447 ἐκ

98 1476 181 1516 τῶν
207 1475 433 1528 γινομένων
466 1472 524 1522 ὥς
570 1474 717 1515 ἐκεῖνοι
747 1472 932 1514 ἀδικοῖεν
963 1472 1036 1515 καί
1061 1471 1350 1528 διαφθείροιεν
1382 1468 1543 1527 φαυλό-

44 1556 194 1595 αοτητι
228 1537 395 1594 τρόπων
431 1536 507 1593 τὴν
546 1538 685 1594 α’ρχὴν
723 1537 981 1591 Ῥωμαιων,
1021 1539 1258 1592 α’ποστῆναί
1291 1552 1334 1580 τε
1377 1539 1545 1579 ἐκείνων

87 1605 174 1647 -καί
196 1604 502 1662 προσχωρῆσαι
528 1608 723 1658 βασιλεῖ’,
770 1604 908 1645 καίτοι
934 1619 980 1658 γε
1006 1602 1191 1657 μεγάλας
1212 1602 1412 1659 ἀφορμὰς
1430 1601 1542 1658 ἔχων

95 1674 170 1727 τῆς
196 1671 302 1724 πρὸς
332 1668 492 1721 αὐτούς
523 1670 703 1720 εὔνοιἀς.
753 1673 813 1728 τῷ
839 1685 884 1712 τε
911 1668 992 1725 γάρ
1022 1671 1102 1726 υἱῷ
1127 1668 1330 1727 συνῴκισε
1357 1667 1434 1723 τὴν
1458 1685 1541 1710 πα-

94 1739 302 1794 τριάρχου
341 1740 580 1793 θυγατέρα,
621 1737 694 1780 καί
727 1736 802 1792 τήν
831 1733 966 1779 αὐτοῦ
989 1737 1047 1794 τῷ
1073 1733 1255 1790 μεγάλου
1288 1733 1438 1785 δουκὸς
1461 1733 1542 1792 υἱῷ

92 1806 270 1857 ’ἐξέδωκε
298 1804 405 1861 πρὸς
432 1802 580 1860 γάμον,
628 1802 735 1846 α’λλοὶ
765 1805 839 1847 καί
863 1797 998 1852 οὕτως
1020 1801 1130 1857 ἔχων
1157 1799 1398 1857 συγγενείας
1431 1800 1576 1857 πρὸςῦ

190 1955 244 2000 76.
293 1955 493 1999 Imperator
525 1954 715 1988 castellum
740 1952 945 2000 quoddam,
975 1962 1140 1998 magnam
1169 1951 1537 1996 Caryam‚deditione

95 2002 262 2048 acquirit.
311 2002 391 2034 Illic
412 2003 573 2035 versanti
600 2006 638 2035 et
673 2006 885 2035 venatorum
919 1999 1087 2045 princeps
1112 2001 1274 2034 Batatzes
1299 2010 1380 2033 cum
1406 2009 1538 2042 cogna-

93 2050 142 2082 tis
164 2059 239 2082 non
265 2049 390 2092 paucis
414 2060 451 2082 se
476 2048 655 2093 permisit,
681 2053 717 2082 et
740 2047 967 2092 Polybotum,
998 2046 1124 2080 urbem
1161 2046 1352 2081 Thraciam
1372 2057 1392 2078 a
1411 2056 1537 2078 ueces-

92 2095 194 2129 sariis
221 2096 294 2128 suis
322 2101 539 2140 occupatam,
564 2095 604 2130 in
629 2094 792 2129 eiusdem
818 2093 925 2127 fidem
950 2093 1115 2134 adduxit,
1138 2098 1175 2127 et
1197 2093 1398 2127 Teristasin
1426 2092 1536 2136 oppi-

93 2141 248 2182 dulum,
280 2141 380 2188 quod
410 2143 487 2187 ipse
522 2144 622 2189 prius
658 2143 876 2187 imperator,
911 2141 993 2174 vivo
1029 2140 1250 2180 Andronico,
1287 2151 1352 2174 suo
1387 2144 1535 2184 sumptu

91 2189 206 2223 muris
231 2188 527 2224 circumdederat.
578 2189 646 2223 Hic
671 2191 834 2223 Batatzes
858 2187 1064 2228 fatebatur,
1089 2198 1127 2221 se
1152 2188 1190 2220 in
1220 2186 1418 2232 primordio
1443 2185 1535 2219 belli

89 2235 216 2276 huius,
248 2246 328 2268 cum
361 2242 517 2280 putaret,
550 2246 632 2269 eum
655 2236 695 2270 in
720 2237 975 2280 imperatorem
1004 2235 1235 2268 demortuum
1260 2245 1336 2268 esse
1365 2233 1536 2278 ingratis-

91 2283 224 2315 simum
259 2286 296 2315 et
327 2282 405 2314 eius
442 2284 528 2317 filiis
553 2284 726 2317 scelerate
750 2282 918 2316 insidiari
941 2283 1060 2329 iisque
1087 2282 1280 2326 imperium
1305 2280 1466 2326 eripere,
1494 2289 1535 2313 se

90 2329 139 2362 ab
165 2339 208 2362 eo
234 2328 410 2362 defecisse
445 2334 483 2364 et
505 2336 631 2364 contra
667 2335 843 2377 quantum
879 2329 1053 2362 valuisset
1076 2328 1302 2374 pugnavisse.
1350 2329 1532 2371 Tempore

89 2380 213 2409 autem
245 2375 393 2408 labente
432 2381 469 2410 et
504 2378 673 2411 Romanis
715 2377 819 2411 nulla
851 2386 930 2409 cum
970 2375 1081 2409 laude
1111 2375 1211 2408 bello
1248 2373 1531 2415 intereuntibus,

89 2432 175 2458 cum
206 2421 435 2464 observaret,
464 2423 533 2467 ipsi
559 2435 768 2458 communes
794 2425 1034 2457 Romanorum
1063 2427 1100 2456 et
1136 2421 1336 2455 liberorum
1372 2422 1532 2465 impera-

89 2471 181 2503 toris
215 2470 374 2503 rationes
413 2469 523 2504 cordi*
546 2481 588 2504 ac
625 2471 747 2505 studio
787 2481 887 2511 esse,
928 2470 1112 2514 praesecto
1150 2474 1272 2502 autem
1305 2468 1462 2502 cubiculi
1495 2473 1532 2502 et

89 2515 194 2556 aliis,
226 2517 265 2549 in
299 2527 454 2562 quorum
487 2528 596 2551 manu
626 2524 722 2552 esset
752 2518 970 2562 imperium,
1005 2516 1101 2550 nihil
1139 2526 1216 2549 esse
1247 2520 1322 2548 tam
1355 2519 1531 2561 optatum,

90 2573 200 2608 quam
231 2567 274 2596 ut
311 2564 436 2597 occisis
468 2564 638 2597 omnibus
670 2565 743 2610 ipsi
767 2568 980 2609 regnarent,
1005 2563 1234 2608 imperatoris
1258 2571 1343 2596 vero
1366 2563 1471 2608 pueri
1495 2566 1534 2595 et

96 2613 298 2643 ceterorum
325 2610 476 2643 salutem
504 2622 564 2644 eos
584 2612 685 2656 parvi
708 2617 772 2645 aut
795 2611 903 2645 nihili
928 2610 1108 2654 pendere:
1135 2620 1214 2642 cum
1246 2609 1332 2642 item
1358 2620 1403 2643 ex
1426 2607 1531 2642 sactis

88 2659 256 2697 notaret,
290 2667 367 2690 esse
402 2657 567 2691 homines
591 2659 774 2702 improbos
800 2665 837 2692 et
860 2657 1060 2691 vitiositate
1094 2667 1157 2690 sua
1183 2657 1375 2702 imperium
1400 2656 1530 2689 Roma-

89 2712 177 2735 num
209 2702 380 2748 perdere,
417 2703 462 2736 ab
500 2704 575 2738 illis
607 2705 655 2739 ad
690 2706 808 2751 ipsum
838 2704 1046 2743 transiisse,
1081 2703 1244 2750 quamvis
1280 2713 1404 2736 causas
1438 2703 1528 2746 ipsis

91 2747 260 2783 studendi
297 2761 372 2784 non
410 2750 506 2785 leves
540 2750 701 2785 haberet.
763 2751 853 2784 Nam
891 2755 928 2783 et
959 2749 1035 2783 filio
1068 2761 1132 2784 suo
1158 2749 1383 2795 patriarchae
1416 2749 1529 2782 filiam

90 2793 332 2841 desponderat
364 2802 400 2834 et
444 2808 544 2833 suam
579 2800 698 2844 magni
734 2798 834 2834 ducis
869 2797 945 2832 filio
969 2797 1216 2834 coniunxerat.
1266 2795 1338 2831 Sed
1364 2795 1527 2842 quamvis
