<?xml version="1.0" encoding="UTF-8"?>
<!DOCTYPE html PUBLIC "-//W3C//DTD XHTML 1.0 Transitional//EN"
    "http://www.w3.org/TR/xhtml1/DTD/xhtml1-transitional.dtd">
<html xmlns="http://www.w3.org/1999/xhtml" xml:lang="en" lang="en">
 <head>
  <title>
</title>
<meta http-equiv="Content-Type" content="text/html;charset=utf-8" />
  <meta name='ocr-system' content='tesseract 3.04.00' />
  <meta name='ocr-capabilities' content='ocr_page ocr_carea ocr_par ocr_line ocrx_word'/>
</head>
<body>
  <div class='ocr_page' id='page_1' title='image "./corpusscriptorum24niebuoft_0387.png"; bbox 0 0 1800 3132; ppageno 0'>
   <div class='ocr_carea' id='block_1_1' title="bbox 480 147 1534 222">
    <p class='ocr_par' dir='ltr' id='par_1_1' title="bbox 480 147 1534 222">
     <span class='ocr_line' id='line_1_1' title="bbox 480 147 1534 222; baseline -0.005 -13"><span class='ocrx_word' id='word_1_1' title='bbox 480 167 859 210; x_wconf 78' lang='lat' dir='ltr'><strong>nismmARUM</strong></span> <span class='ocrx_word' id='word_1_2' title='bbox 899 170 973 209; x_wconf 89' lang='lat'>111.</span> <span class='ocrx_word' id='word_1_3' title='bbox 1006 169 1078 212; x_wconf 84' lang='lat'><strong>61.</strong></span> <span class='ocrx_word' id='word_1_4' title='bbox 1422 147 1534 222; x_wconf 82' lang='lat'><strong>375</strong></span> 
     </span>
    </p>
   </div>
   <div class='ocr_carea' id='block_1_2' title="bbox 35 265 1728 1814">
    <p class='ocr_par' dir='ltr' id='par_1_2' title="bbox 35 265 1728 1814">
     <span class='ocr_line' id='line_1_2' title="bbox 98 265 1728 324; baseline 0.002 -16"><span class='ocrx_word' id='word_1_5' title='bbox 98 265 171 310; x_wconf 74' lang='grc' dir='ltr'><strong>καὶ</strong></span> <span class='ocrx_word' id='word_1_6' title='bbox 194 267 352 310; x_wconf 83' lang='grc' dir='ltr'><strong><em>πόλεων</em></strong></span> <span class='ocrx_word' id='word_1_7' title='bbox 379 269 699 322; x_wconf 78' lang='grc' dir='ltr'><em>παρεχομένων,</em></span> <span class='ocrx_word' id='word_1_8' title='bbox 730 270 748 324; x_wconf 89' lang='grc'>(</span> <span class='ocrx_word' id='word_1_9' title='bbox 762 265 791 308; x_wconf 74' lang='grc' dir='ltr'><em>ἃ</em></span> <span class='ocrx_word' id='word_1_10' title='bbox 817 267 899 322; x_wconf 76' lang='grc' dir='ltr'><strong><em>γὰρ</em></strong></span> <span class='ocrx_word' id='word_1_11' title='bbox 928 266 1050 310; x_wconf 66' lang='lat' dir='ltr'><strong>adron*</strong></span> <span class='ocrx_word' id='word_1_12' title='bbox 1075 267 1168 309; x_wconf 70' lang='grc' dir='ltr'><strong><em>νυνὶ</em></strong></span> <span class='ocrx_word' id='word_1_13' title='bbox 1192 266 1417 321; x_wconf 78' lang='grc' dir='ltr'><strong><em>κατέχουσι</em></strong></span> <span class='ocrx_word' id='word_1_14' title='bbox 1464 266 1728 324; x_wconf 67' lang='grc' dir='ltr'><strong>καίΔ.ῦ.ι343</strong></span> 
     </span>
     <span class='ocr_line' id='line_1_3' title="bbox 97 330 1532 390; baseline 0 -16"><span class='ocrx_word' id='word_1_15' title='bbox 97 332 156 374; x_wconf 78' lang='grc' dir='ltr'><strong><em>ἔτι</em></strong></span> <span class='ocrx_word' id='word_1_16' title='bbox 185 334 321 390; x_wconf 72' lang='grc' dir='ltr'><strong><em>πολλῷ</em></strong></span> <span class='ocrx_word' id='word_1_17' title='bbox 349 334 476 374; x_wconf 80' lang='grc' dir='ltr'><strong><em>πλείω</em></strong></span> <span class='ocrx_word' id='word_1_18' title='bbox 503 331 615 385; x_wconf 83' lang='grc' dir='ltr'><strong><em>ἔχειν</em></strong></span> <span class='ocrx_word' id='word_1_19' title='bbox 641 334 747 387; x_wconf 78' lang='grc' dir='ltr'><strong><em>ἐξῆν,</em></strong></span> <span class='ocrx_word' id='word_1_20' title='bbox 777 330 1227 387; x_wconf 74' lang='grc' dir='ltr'><strong><em>πολυπραγμονήσαντα</em></strong></span> <span class='ocrx_word' id='word_1_21' title='bbox 1254 333 1421 389; x_wconf 81' lang='grc' dir='ltr'><strong><em>μηδὲν,)</em></strong></span> <span class='ocrx_word' id='word_1_22' title='bbox 1436 331 1532 374; x_wconf 84' lang='grc' dir='ltr'><strong><em>τότε</em></strong></span> 
     </span>
     <span class='ocr_line' id='line_1_4' title="bbox 97 395 1532 451; baseline 0 -12"><span class='ocrx_word' id='word_1_23' title='bbox 97 398 176 449; x_wconf 84' lang='grc' dir='ltr'><strong>μὲν</strong></span> <span class='ocrx_word' id='word_1_24' title='bbox 193 398 315 440; x_wconf 70' lang='grc' dir='ltr'><strong><em>οὐδὲν</em></strong></span> <span class='ocrx_word' id='word_1_25' title='bbox 337 396 528 450; x_wconf 77' lang='grc' dir='ltr'><strong><em>εἴργαστο</em></strong></span> <span class='ocrx_word' id='word_1_26' title='bbox 555 399 762 451; x_wconf 81' lang='grc' dir='ltr'><strong><em>τοιοῦτον,</em></strong></span> <span class='ocrx_word' id='word_1_27' title='bbox 792 396 899 438; x_wconf 85' lang='grc' dir='ltr'><strong><em>α’λλοὶ</em></strong></span> <span class='ocrx_word' id='word_1_28' title='bbox 930 396 1000 438; x_wconf 79' lang='grc' dir='ltr'><em>καί</em></span> <span class='ocrx_word' id='word_1_29' title='bbox 1017 395 1128 447; x_wconf 75' lang='grc' dir='ltr'><strong><em>ἅπαξ</em></strong></span> <span class='ocrx_word' id='word_1_30' title='bbox 1147 395 1218 437; x_wconf 79' lang='grc' dir='ltr'><strong>καὶ</strong></span> <span class='ocrx_word' id='word_1_31' title='bbox 1241 397 1305 445; x_wconf 70' lang='grc' dir='ltr'><strong>δίς</strong></span> <span class='ocrx_word' id='word_1_32' title='bbox 1323 395 1429 451; x_wconf 86' lang='grc' dir='ltr'><strong><em>πρὸς</em></strong></span> <span class='ocrx_word' id='word_1_33' title='bbox 1455 395 1532 451; x_wconf 79' lang='grc' dir='ltr'><strong>τὴν</strong></span> 
     </span>
     <span class='ocr_line' id='line_1_5' title="bbox 97 459 1532 517; baseline 0.001 -15"><span class='ocrx_word' id='word_1_34' title='bbox 97 464 320 515; x_wconf 78' lang='grc' dir='ltr'><strong><em>πρεσβείαν</em></strong></span> <span class='ocrx_word' id='word_1_35' title='bbox 344 461 576 517; x_wconf 72' lang='grc' dir='ltr'><strong><em>ἀπηγόρευε</em></strong></span> <span class='ocrx_word' id='word_1_36' title='bbox 603 461 679 517; x_wconf 78' lang='grc' dir='ltr'><strong><em>τήν</em></strong></span> <span class='ocrx_word' id='word_1_37' title='bbox 706 465 807 517; x_wconf 87' lang='grc' dir='ltr'><strong><em>παρ’</em></strong></span> <span class='ocrx_word' id='word_1_38' title='bbox 844 462 1009 503; x_wconf 72' lang='grc' dir='ltr'><strong><em>αὐτῶν·</em></strong></span> <span class='ocrx_word' id='word_1_39' title='bbox 1038 461 1129 503; x_wconf 70' lang='grc' dir='ltr'><strong><em>νυνί</em></strong></span> <span class='ocrx_word' id='word_1_40' title='bbox 1157 463 1203 504; x_wconf 80' lang='grc' dir='ltr'><strong>δὲ</strong></span> <span class='ocrx_word' id='word_1_41' title='bbox 1234 459 1305 503; x_wconf 75' lang='grc' dir='ltr'><strong>ὅτε</strong></span> <span class='ocrx_word' id='word_1_42' title='bbox 1331 459 1532 514; x_wconf 72' lang='grc' dir='ltr'><strong><em>βλάπτειν</em></strong></span> 
     </span>
     <span class='ocr_line' id='line_1_6' title="bbox 69 525 1532 582; baseline -0.001 -15"><span class='ocrx_word' id='word_1_43' title='bbox 69 525 262 571; x_wconf 79' lang='grc' dir='ltr'><strong><em>5ὃύναιτο</em></strong></span> <span class='ocrx_word' id='word_1_44' title='bbox 280 528 436 581; x_wconf 82' lang='grc' dir='ltr'><strong><em>μηδὲν,</em></strong></span> <span class='ocrx_word' id='word_1_45' title='bbox 462 529 598 568; x_wconf 81' lang='grc' dir='ltr'><strong><em>ἐκεῖνα</em></strong></span> <span class='ocrx_word' id='word_1_46' title='bbox 626 525 819 582; x_wconf 81' lang='grc' dir='ltr'><strong><em>πράττειν</em></strong></span> <span class='ocrx_word' id='word_1_47' title='bbox 845 528 1061 580; x_wconf 80' lang='grc' dir='ltr'><strong><em>ἐπιχειρεῖ,</em></strong></span> <span class='ocrx_word' id='word_1_48' title='bbox 1089 528 1229 568; x_wconf 79' lang='grc' dir='ltr'><strong><em>πᾶσαν</em></strong></span> <span class='ocrx_word' id='word_1_49' title='bbox 1256 527 1442 568; x_wconf 83' lang='grc' dir='ltr'><strong><em>ἐπίνοιαν</em></strong></span> <span class='ocrx_word' id='word_1_50' title='bbox 1467 541 1532 567; x_wconf 84' lang='grc' dir='ltr'><strong>κι-</strong></span> 
     </span>
     <span class='ocr_line' id='line_1_7' title="bbox 98 587 1532 648; baseline 0.001 -16"><span class='ocrx_word' id='word_1_51' title='bbox 98 593 209 641; x_wconf 73' lang='grc' dir='ltr'><strong><em>νῶν,</em></strong></span> <span class='ocrx_word' id='word_1_52' title='bbox 256 590 285 633; x_wconf 75' lang='grc' dir='ltr'><em>ἃ</em></span> <span class='ocrx_word' id='word_1_53' title='bbox 310 590 405 633; x_wconf 89' lang='grc' dir='ltr'><strong><em>τότε</em></strong></span> <span class='ocrx_word' id='word_1_54' title='bbox 446 595 607 641; x_wconf 63' lang='grc' dir='ltr'><strong><em>,θᾶττον</em></strong></span> <span class='ocrx_word' id='word_1_55' title='bbox 646 589 674 646; x_wconf 77' lang='grc' dir='ltr'><em>ἢ</em></span> <span class='ocrx_word' id='word_1_56' title='bbox 712 589 835 646; x_wconf 81' lang='grc' dir='ltr'><strong><em>λόγος</em></strong></span> <span class='ocrx_word' id='word_1_57' title='bbox 885 593 1002 648; x_wconf 66' lang='grc' dir='ltr'><strong><em>αὐτῷ</em></strong></span> <span class='ocrx_word' id='word_1_58' title='bbox 1038 593 1134 646; x_wconf 71' lang='grc' dir='ltr'><strong><em>ἐξῆν</em></strong></span> <span class='ocrx_word' id='word_1_59' title='bbox 1171 588 1376 634; x_wconf 77' lang='grc' dir='ltr'><strong><em>ἆνύττειν.</em></strong></span> <span class='ocrx_word' id='word_1_60' title='bbox 1432 587 1532 635; x_wconf 74' lang='grc' dir='ltr'><strong><em>ὅθεν</em></strong></span> 
     </span>
     <span class='ocr_line' id='line_1_8' title="bbox 97 650 1565 713; baseline 0.003 -18"><span class='ocrx_word' id='word_1_61' title='bbox 97 655 225 709; x_wconf 77' lang='grc' dir='ltr'><strong><em>δῆλον</em></strong></span> <span class='ocrx_word' id='word_1_62' title='bbox 248 651 367 709; x_wconf 79' lang='grc' dir='ltr'><strong><em>εἶναι,</em></strong></span> <span class='ocrx_word' id='word_1_63' title='bbox 391 655 588 712; x_wconf 81' lang='grc' dir='ltr'><strong><em>ἔφασκον,</em></strong></span> <span class='ocrx_word' id='word_1_64' title='bbox 609 656 666 705; x_wconf 79' lang='grc' dir='ltr'><strong>ὥς</strong></span> <span class='ocrx_word' id='word_1_65' title='bbox 693 657 793 698; x_wconf 70' lang='grc' dir='ltr'><strong>οὐδὲ</strong></span> <span class='ocrx_word' id='word_1_66' title='bbox 822 656 915 698; x_wconf 84' lang='grc' dir='ltr'><strong><em>τότε</em></strong></span> <span class='ocrx_word' id='word_1_67' title='bbox 933 657 1009 697; x_wconf 79' lang='grc' dir='ltr'><strong><em>τοῦ</em></strong></span> <span class='ocrx_word' id='word_1_68' title='bbox 1035 658 1192 698; x_wconf 82' lang='grc' dir='ltr'><strong><em>ἐκείνου</em></strong></span> <span class='ocrx_word' id='word_1_69' title='bbox 1220 650 1353 710; x_wconf 76' lang='grc' dir='ltr'><strong><em>ἤθους</em></strong></span> <span class='ocrx_word' id='word_1_70' title='bbox 1379 656 1407 712; x_wconf 86' lang='grc' dir='ltr'><em>ἧ</em></span> <span class='ocrx_word' id='word_1_71' title='bbox 1430 659 1565 713; x_wconf 75' lang='grc' dir='ltr'><strong><em>περίο</em></strong></span> 
     </span>
     <span class='ocr_line' id='line_1_9' title="bbox 101 717 1530 777; baseline 0.002 -17"><span class='ocrx_word' id='word_1_72' title='bbox 101 719 256 770; x_wconf 73' lang='grc' dir='ltr'><strong><em>αὐτούς</em></strong></span> <span class='ocrx_word' id='word_1_73' title='bbox 285 717 576 776; x_wconf 75' lang='grc' dir='ltr'><strong><em>εὖγνωμοσύνη</em></strong></span> <span class='ocrx_word' id='word_1_74' title='bbox 604 718 682 776; x_wconf 79' lang='grc' dir='ltr'><strong><em>ἦν,</em></strong></span> <span class='ocrx_word' id='word_1_75' title='bbox 706 720 810 763; x_wconf 76' lang='grc' dir='ltr'><strong><em>ἄλλα</em></strong></span> <span class='ocrx_word' id='word_1_76' title='bbox 839 724 914 777; x_wconf 83' lang='grc' dir='ltr'><strong><em>τῆς</em></strong></span> <span class='ocrx_word' id='word_1_77' title='bbox 942 724 1018 763; x_wconf 79' lang='grc' dir='ltr'><strong><em>τοῦ</em></strong></span> <span class='ocrx_word' id='word_1_78' title='bbox 1036 723 1256 776; x_wconf 86' lang='grc' dir='ltr'><strong><em>κρείττονος</em></strong></span> <span class='ocrx_word' id='word_1_79' title='bbox 1273 722 1530 777; x_wconf 88' lang='grc' dir='ltr'><strong><em>ἐπικουρίας.</em></strong></span> 
     </span>
     <span class='ocr_line' id='line_1_10' title="bbox 93 782 1532 844; baseline 0.003 -20"><span class='ocrx_word' id='word_1_80' title='bbox 93 786 187 825; x_wconf 69' lang='grc' dir='ltr'><strong><em>νυνί</em></strong></span> <span class='ocrx_word' id='word_1_81' title='bbox 213 786 259 826; x_wconf 78' lang='grc' dir='ltr'><strong>δὲ</strong></span> <span class='ocrx_word' id='word_1_82' title='bbox 286 782 354 828; x_wconf 75' lang='grc' dir='ltr'><strong>ὅτε</strong></span> <span class='ocrx_word' id='word_1_83' title='bbox 382 787 426 828; x_wconf 85' lang='grc' dir='ltr'><strong><em>ἐν</em></strong></span> <span class='ocrx_word' id='word_1_84' title='bbox 454 786 664 844; x_wconf 72' lang='grc' dir='ltr'><strong><em>α’σφαλείᾳ</em></strong></span> <span class='ocrx_word' id='word_1_85' title='bbox 689 787 954 829; x_wconf 74' lang='grc' dir='ltr'><strong><em>καθέστασαν</em></strong></span> <span class='ocrx_word' id='word_1_86' title='bbox 980 785 1117 838; x_wconf 62' lang='lat' dir='ltr'><strong>adrui,</strong></span> <span class='ocrx_word' id='word_1_87' title='bbox 1143 784 1219 839; x_wconf 82' lang='grc' dir='ltr'><strong><em>τὴν</em></strong></span> <span class='ocrx_word' id='word_1_88' title='bbox 1247 787 1400 828; x_wconf 78' lang='grc' dir='ltr'><strong><em>οἰκείαν</em></strong></span> <span class='ocrx_word' id='word_1_89' title='bbox 1423 786 1532 840; x_wconf 77' lang='grc' dir='ltr'><strong><em>γνώ-</em></strong></span> 
     </span>
     <span class='ocr_line' id='line_1_11' title="bbox 47 848 1532 906; baseline 0.001 -15"><span class='ocrx_word' id='word_1_90' title='bbox 47 866 177 904; x_wconf 67' lang='grc' dir='ltr'><strong><em>ιομην</em></strong></span> <span class='ocrx_word' id='word_1_91' title='bbox 206 850 394 906; x_wconf 74' lang='grc' dir='ltr'><strong><em>φανερὰν</em></strong></span> <span class='ocrx_word' id='word_1_92' title='bbox 421 858 566 894; x_wconf 83' lang='grc' dir='ltr'><strong><em>ποιεῖν.</em></strong></span> <span class='ocrx_word' id='word_1_93' title='bbox 617 849 871 900; x_wconf 85' lang='grc' dir='ltr'><strong><em>Ἀπόκαυκος</em></strong></span> <span class='ocrx_word' id='word_1_94' title='bbox 897 852 944 893; x_wconf 83' lang='grc' dir='ltr'><strong>δὲ</strong></span> <span class='ocrx_word' id='word_1_95' title='bbox 974 848 996 892; x_wconf 84' lang='grc' dir='ltr'>ὅ</span> <span class='ocrx_word' id='word_1_96' title='bbox 1023 853 1152 905; x_wconf 81' lang='grc' dir='ltr'><strong><em>μέγας</em></strong></span> <span class='ocrx_word' id='word_1_97' title='bbox 1182 849 1282 902; x_wconf 58' lang='lat' dir='ltr'><strong>doti}</strong></span> <span class='ocrx_word' id='word_1_98' title='bbox 1299 882 1311 906; x_wconf 88' lang='lat'>,</span> <span class='ocrx_word' id='word_1_99' title='bbox 1340 851 1433 893; x_wconf 74' lang='grc' dir='ltr'><strong><em>ἐπεὶ</em></strong></span> <span class='ocrx_word' id='word_1_100' title='bbox 1457 850 1532 906; x_wconf 71' lang='grc' dir='ltr'><strong>τὴν</strong></span> 
     </span>
     <span class='ocr_line' id='line_1_12' title="bbox 94 913 1530 972; baseline 0.001 -17"><span class='ocrx_word' id='word_1_101' title='bbox 94 913 198 968; x_wconf 82' lang='grc' dir='ltr'><strong><em>πρὸς</em></strong></span> <span class='ocrx_word' id='word_1_102' title='bbox 252 917 429 968; x_wconf 85' lang='grc' dir='ltr'><strong><em>βασιλέα</em></strong></span> <span class='ocrx_word' id='word_1_103' title='bbox 481 916 623 972; x_wconf 89' lang='grc' dir='ltr'><strong><em>μα’χην</em></strong></span> <span class='ocrx_word' id='word_1_104' title='bbox 666 915 942 971; x_wconf 72' lang='grc' dir='ltr'><strong><em>ἀπηγόρευεν,</em></strong></span> <span class='ocrx_word' id='word_1_105' title='bbox 999 917 1175 972; x_wconf 82' lang='grc' dir='ltr'><strong><em>α’φανῶς</em></strong></span> <span class='ocrx_word' id='word_1_106' title='bbox 1227 915 1530 968; x_wconf 78' lang='grc' dir='ltr'><strong><em>ἐπιβουλεύειν,</em></strong></span> 
     </span>
     <span class='ocr_line' id='line_1_13' title="bbox 93 976 1530 1038; baseline 0 -17"><span class='ocrx_word' id='word_1_107' title='bbox 93 976 231 1034; x_wconf 71' lang='grc' dir='ltr'><strong><em>αἵσπερ</em></strong></span> <span class='ocrx_word' id='word_1_108' title='bbox 258 983 332 1022; x_wconf 82' lang='grc' dir='ltr'><strong><em>καί</em></strong></span> <span class='ocrx_word' id='word_1_109' title='bbox 351 981 561 1035; x_wconf 85' lang='grc' dir='ltr'><strong><em>πρότερον,</em></strong></span> <span class='ocrx_word' id='word_1_110' title='bbox 590 983 796 1038; x_wconf 80' lang='grc' dir='ltr'><strong><em>ἐπεχείρει</em></strong></span> <span class='ocrx_word' id='word_1_111' title='bbox 823 980 896 1023; x_wconf 77' lang='grc' dir='ltr'><strong><em>καί</em></strong></span> <span class='ocrx_word' id='word_1_112' title='bbox 917 983 1113 1029; x_wconf 84' lang='grc' dir='ltr'><strong><em>παντοίας</em></strong></span> <span class='ocrx_word' id='word_1_113' title='bbox 1132 979 1414 1036; x_wconf 74' lang='grc' dir='ltr'><strong><em>συνέρῤαπτεν</em></strong></span> <span class='ocrx_word' id='word_1_114' title='bbox 1443 981 1530 1022; x_wconf 86' lang='grc' dir='ltr'><strong><em>ἐπι-</em></strong></span> 
     </span>
     <span class='ocr_line' id='line_1_14' title="bbox 91 1042 1529 1103; baseline 0.001 -18"><span class='ocrx_word' id='word_1_115' title='bbox 91 1044 259 1097; x_wconf 83' lang='grc' dir='ltr'><strong><em>βουλάς.</em></strong></span> <span class='ocrx_word' id='word_1_116' title='bbox 313 1044 422 1100; x_wconf 79' lang='grc' dir='ltr'><strong><em>πρὸς</em></strong></span> <span class='ocrx_word' id='word_1_117' title='bbox 448 1044 528 1101; x_wconf 82' lang='grc' dir='ltr'><strong><em>γοὶρ</em></strong></span> <span class='ocrx_word' id='word_1_118' title='bbox 562 1042 834 1102; x_wconf 76' lang='grc' dir='ltr'><strong><em>Βεᾷῥοιιότας</em></strong></span> <span class='ocrx_word' id='word_1_119' title='bbox 857 1046 1001 1103; x_wconf 73' lang='grc' dir='ltr'><strong><em>κρύφα</em></strong></span> <span class='ocrx_word' id='word_1_120' title='bbox 1035 1048 1228 1099; x_wconf 72' lang='grc' dir='ltr'><strong><em>πέμψας,</em></strong></span> <span class='ocrx_word' id='word_1_121' title='bbox 1259 1045 1417 1101; x_wconf 83' lang='grc' dir='ltr'><strong><em>ἔγραφε</em></strong></span> <span class='ocrx_word' id='word_1_122' title='bbox 1443 1060 1529 1087; x_wconf 78' lang='grc' dir='ltr'><strong><em>τοι·</em></strong></span> 
     </span>
     <span class='ocr_line' id='line_1_15' title="bbox 93 1109 1528 1165; baseline 0 -15"><span class='ocrx_word' id='word_1_123' title='bbox 93 1111 229 1150; x_wconf 79' lang='grc' dir='ltr'><strong><em>αὕτα·</em></strong></span> <span class='ocrx_word' id='word_1_124' title='bbox 257 1109 318 1160; x_wconf 76' lang='grc' dir='ltr'><strong>ὥς</strong></span> <span class='ocrx_word' id='word_1_125' title='bbox 359 1109 489 1165; x_wconf 74' lang='grc' dir='ltr'><strong><em>εἰδείη</em></strong></span> <span class='ocrx_word' id='word_1_126' title='bbox 525 1113 605 1162; x_wconf 83' lang='grc' dir='ltr'><strong>μὲν</strong></span> <span class='ocrx_word' id='word_1_127' title='bbox 645 1109 797 1160; x_wconf 74' lang='grc' dir='ltr'><strong><em>αὐτοῦς</em></strong></span> <span class='ocrx_word' id='word_1_128' title='bbox 839 1109 920 1165; x_wconf 70' lang='grc' dir='ltr'><strong>οὔχ</strong></span> <span class='ocrx_word' id='word_1_129' title='bbox 962 1109 1097 1153; x_wconf 72' lang='grc' dir='ltr'><strong><em>ἑκοντὶ</em></strong></span> <span class='ocrx_word' id='word_1_130' title='bbox 1132 1110 1528 1165; x_wconf 80' lang='grc' dir='ltr'><strong><em>προσκεχωρηκότας</em></strong></span> 
     </span>
     <span class='ocr_line' id='line_1_16' title="bbox 45 1174 1531 1234; baseline 0 -19"><span class='ocrx_word' id='word_1_131' title='bbox 45 1176 444 1232; x_wconf 66' lang='grc' dir='ltr'><strong><em>ι5Καντακουζηνῷ,</em></strong></span> <span class='ocrx_word' id='word_1_132' title='bbox 473 1177 595 1233; x_wconf 73' lang='grc' dir='ltr'><strong><em>κοινῷ</em></strong></span> <span class='ocrx_word' id='word_1_133' title='bbox 622 1176 803 1234; x_wconf 77' lang='grc' dir='ltr'><strong><em>πολεμίῳ</em></strong></span> <span class='ocrx_word' id='word_1_134' title='bbox 830 1179 911 1218; x_wconf 79' lang='grc' dir='ltr'><strong>τῶν</strong></span> <span class='ocrx_word' id='word_1_135' title='bbox 932 1174 1150 1228; x_wconf 89' lang='grc' dir='ltr'><strong><em>Ῥωμαίων</em></strong></span> <span class='ocrx_word' id='word_1_136' title='bbox 1179 1175 1429 1231; x_wconf 78' lang='grc' dir='ltr'><strong><em>α’ναφανέντι</em></strong></span> <span class='ocrx_word' id='word_1_137' title='bbox 1456 1177 1531 1216; x_wconf 73' lang='grc' dir='ltr'><strong><em>καί</em></strong></span> 
     </span>
     <span class='ocr_line' id='line_1_17' title="bbox 90 1238 1526 1298; baseline -0.001 -17"><span class='ocrx_word' id='word_1_138' title='bbox 90 1242 176 1281; x_wconf 74' lang='grc' dir='ltr'><strong>τῶν</strong></span> <span class='ocrx_word' id='word_1_139' title='bbox 213 1242 422 1292; x_wconf 83' lang='grc' dir='ltr'><strong><em>βασιλέως</em></strong></span> <span class='ocrx_word' id='word_1_140' title='bbox 464 1238 673 1298; x_wconf 76' lang='grc' dir='ltr'><strong><em>ἐπιβούλῳ</em></strong></span> <span class='ocrx_word' id='word_1_141' title='bbox 714 1243 904 1283; x_wconf 78' lang='grc' dir='ltr'><strong><em>παίδων·</em></strong></span> <span class='ocrx_word' id='word_1_142' title='bbox 948 1242 1039 1283; x_wconf 71' lang='grc' dir='ltr'><strong><em>ἀλλ’</em></strong></span> <span class='ocrx_word' id='word_1_143' title='bbox 1066 1239 1148 1282; x_wconf 75' lang='grc' dir='ltr'><strong><em>ὑπὸ</em></strong></span> <span class='ocrx_word' id='word_1_144' title='bbox 1190 1241 1264 1282; x_wconf 81' lang='grc' dir='ltr'><strong><em>τοῦ</em></strong></span> <span class='ocrx_word' id='word_1_145' title='bbox 1308 1242 1526 1294; x_wconf 76' lang='grc' dir='ltr'><strong><em>Τριβαλαῖν</em></strong></span> 
     </span>
     <span class='ocr_line' id='line_1_18' title="bbox 89 1304 1526 1361; baseline 0.001 -16"><span class='ocrx_word' id='word_1_146' title='bbox 89 1305 270 1356; x_wconf 83' lang='grc' dir='ltr'><strong><em>πολέμου</em></strong></span> <span class='ocrx_word' id='word_1_147' title='bbox 298 1307 564 1357; x_wconf 81' lang='grc' dir='ltr'><strong><em>πιεζομένους</em></strong></span> <span class='ocrx_word' id='word_1_148' title='bbox 598 1307 790 1361; x_wconf 72' lang='grc' dir='ltr'><strong><em>ω’σθῆναι</em></strong></span> <span class='ocrx_word' id='word_1_149' title='bbox 819 1305 890 1348; x_wconf 72' lang='grc' dir='ltr'><strong><em>ἐπὶ</em></strong></span> <span class='ocrx_word' id='word_1_150' title='bbox 924 1309 1048 1349; x_wconf 78' lang='grc' dir='ltr'><strong><em>τοῦτο</em></strong></span> <span class='ocrx_word' id='word_1_151' title='bbox 1078 1308 1133 1348; x_wconf 83' lang='grc' dir='ltr'><strong>δι’</strong></span> <span class='ocrx_word' id='word_1_152' title='bbox 1169 1304 1368 1359; x_wconf 80' lang='grc' dir='ltr'><strong><em>α’νιέγκην,</em></strong></span> <span class='ocrx_word' id='word_1_153' title='bbox 1407 1306 1526 1357; x_wconf 85' lang='grc' dir='ltr'><strong><em>νομί-</em></strong></span> 
     </span>
     <span class='ocr_line' id='line_1_19' title="bbox 91 1367 1529 1426; baseline 0 -16"><span class='ocrx_word' id='word_1_154' title='bbox 91 1369 245 1418; x_wconf 74' lang='grc' dir='ltr'><strong><em>σαντάς</em></strong></span> <span class='ocrx_word' id='word_1_155' title='bbox 271 1385 312 1411; x_wconf 85' lang='grc' dir='ltr'><strong><em>τι</em></strong></span> <span class='ocrx_word' id='word_1_156' title='bbox 339 1367 421 1410; x_wconf 75' lang='grc' dir='ltr'><strong><em>ὑπὸ</em></strong></span> <span class='ocrx_word' id='word_1_157' title='bbox 450 1368 600 1412; x_wconf 82' lang='grc' dir='ltr'><strong><em>τούτου</em></strong></span> <span class='ocrx_word' id='word_1_158' title='bbox 629 1367 892 1426; x_wconf 69' lang='grc' dir='ltr'><strong><em>ὠφελεῖσθαι</em></strong></span> <span class='ocrx_word' id='word_1_159' title='bbox 934 1370 1004 1414; x_wconf 74' lang='grc' dir='ltr'><strong>διὰ</strong></span> <span class='ocrx_word' id='word_1_160' title='bbox 1043 1370 1088 1413; x_wconf 82' lang='grc' dir='ltr'><strong><em>τὸ</em></strong></span> <span class='ocrx_word' id='word_1_161' title='bbox 1116 1371 1292 1425; x_wconf 76' lang='grc' dir='ltr'><strong><em>Κριὶλην</em></strong></span> <span class='ocrx_word' id='word_1_162' title='bbox 1319 1370 1529 1411; x_wconf 72' lang='grc' dir='ltr'><strong><em>πυνθάνε-</em></strong></span> 
     </span>
     <span class='ocr_line' id='line_1_20' title="bbox 91 1432 1568 1490; baseline 0.002 -15"><span class='ocrx_word' id='word_1_163' title='bbox 91 1437 198 1475; x_wconf 72' lang='grc' dir='ltr'><strong><em>σθαι</em></strong></span> <span class='ocrx_word' id='word_1_164' title='bbox 237 1432 418 1482; x_wconf 77' lang='grc' dir='ltr'><strong><em>σπονδὰς</em></strong></span> <span class='ocrx_word' id='word_1_165' title='bbox 455 1433 568 1487; x_wconf 81' lang='grc' dir='ltr'><strong><em>ἔχειν</em></strong></span> <span class='ocrx_word' id='word_1_166' title='bbox 606 1434 711 1490; x_wconf 84' lang='grc' dir='ltr'><strong><em>πρὸς</em></strong></span> <span class='ocrx_word' id='word_1_167' title='bbox 748 1435 878 1479; x_wconf 72' lang='grc' dir='ltr'><strong><em>αὐτὸν</em></strong></span> <span class='ocrx_word' id='word_1_168' title='bbox 911 1438 986 1478; x_wconf 74' lang='grc' dir='ltr'><strong>καὶ</strong></span> <span class='ocrx_word' id='word_1_169' title='bbox 1020 1437 1277 1489; x_wconf 88' lang='grc' dir='ltr'><strong><em>συμμαχίαν.</em></strong></span> <span class='ocrx_word' id='word_1_170' title='bbox 1331 1436 1452 1476; x_wconf 80' lang='grc' dir='ltr'><strong><em>τοῦτο</em></strong></span> <span class='ocrx_word' id='word_1_171' title='bbox 1480 1436 1568 1478; x_wconf 60' lang='lat' dir='ltr'><strong>den</strong></span> 
     </span>
     <span class='ocr_line' id='line_1_21' title="bbox 35 1494 1520 1556; baseline 0.001 -16"><span class='ocrx_word' id='word_1_172' title='bbox 35 1498 213 1548; x_wconf 63' lang='lat' dir='ltr'><strong>2ooddev</strong></span> <span class='ocrx_word' id='word_1_173' title='bbox 258 1501 396 1552; x_wconf 76' lang='grc' dir='ltr'><strong><em>ἕτερον</em></strong></span> <span class='ocrx_word' id='word_1_174' title='bbox 435 1494 511 1553; x_wconf 77' lang='grc' dir='ltr'><strong><em>ἦν,</em></strong></span> <span class='ocrx_word' id='word_1_175' title='bbox 559 1495 588 1553; x_wconf 81' lang='grc' dir='ltr'><em>ἢ</em></span> <span class='ocrx_word' id='word_1_176' title='bbox 625 1498 766 1554; x_wconf 82' lang='grc' dir='ltr'><strong><em>οἷποίτη</em></strong></span> <span class='ocrx_word' id='word_1_177' title='bbox 795 1500 868 1542; x_wconf 80' lang='grc' dir='ltr'><strong><em>καί</em></strong></span> <span class='ocrx_word' id='word_1_178' title='bbox 902 1501 1170 1556; x_wconf 82' lang='grc' dir='ltr'><strong><em>φενακισμός.</em></strong></span> <span class='ocrx_word' id='word_1_179' title='bbox 1229 1499 1403 1556; x_wconf 82' lang='grc' dir='ltr'><strong><em>Κράλης</em></strong></span> <span class='ocrx_word' id='word_1_180' title='bbox 1439 1499 1520 1555; x_wconf 72' lang='grc' dir='ltr'><strong><em>γάρ</em></strong></span> 
     </span>
     <span class='ocr_line' id='line_1_22' title="bbox 91 1558 1526 1622; baseline 0.001 -18"><span class='ocrx_word' id='word_1_181' title='bbox 91 1558 172 1618; x_wconf 80' lang='grc' dir='ltr'><strong>ἤδη</strong></span> <span class='ocrx_word' id='word_1_182' title='bbox 204 1564 395 1618; x_wconf 73' lang='grc' dir='ltr'><strong><em>φανερῶς</em></strong></span> <span class='ocrx_word' id='word_1_183' title='bbox 420 1564 520 1618; x_wconf 80' lang='grc' dir='ltr'><strong><em>ἡμῖν</em></strong></span> <span class='ocrx_word' id='word_1_184' title='bbox 551 1566 860 1618; x_wconf 74' lang='grc' dir='ltr'><strong><em>προσθέμενος,</em></strong></span> <span class='ocrx_word' id='word_1_185' title='bbox 884 1565 1023 1622; x_wconf 80' lang='grc' dir='ltr'><strong><em>ἐκείνῳ</em></strong></span> <span class='ocrx_word' id='word_1_186' title='bbox 1051 1564 1198 1619; x_wconf 82' lang='grc' dir='ltr'><strong><em>ἔγνωκε</em></strong></span> <span class='ocrx_word' id='word_1_187' title='bbox 1225 1569 1433 1617; x_wconf 82' lang='grc' dir='ltr'><strong><em>πολεμεῖν.</em></strong></span> <span class='ocrx_word' id='word_1_188' title='bbox 1484 1565 1526 1606; x_wconf 80' lang='grc' dir='ltr'><strong>εἰ</strong></span> 
     </span>
     <span class='ocr_line' id='line_1_23' title="bbox 88 1622 1523 1686; baseline 0.001 -18"><span class='ocrx_word' id='word_1_189' title='bbox 88 1628 168 1680; x_wconf 87' lang='grc' dir='ltr'><strong>μὲν</strong></span> <span class='ocrx_word' id='word_1_190' title='bbox 195 1622 269 1668; x_wconf 74' lang='grc' dir='ltr'><strong><em>οὖν</em></strong></span> <span class='ocrx_word' id='word_1_191' title='bbox 295 1625 598 1680; x_wconf 83' lang='grc' dir='ltr'><strong><em>μεταβαλόντες</em></strong></span> <span class='ocrx_word' id='word_1_192' title='bbox 623 1625 676 1669; x_wconf 79' lang='grc' dir='ltr'><strong><em>τοὶ</em></strong></span> <span class='ocrx_word' id='word_1_193' title='bbox 713 1631 830 1686; x_wconf 84' lang='grc' dir='ltr'><strong><em>κοινῇ</em></strong></span> <span class='ocrx_word' id='word_1_194' title='bbox 858 1645 903 1670; x_wconf 90' lang='grc' dir='ltr'><strong>τε</strong></span> <span class='ocrx_word' id='word_1_195' title='bbox 942 1632 1047 1671; x_wconf 83' lang='grc' dir='ltr'><strong><em>πᾶσι</em></strong></span> <span class='ocrx_word' id='word_1_196' title='bbox 1085 1629 1159 1671; x_wconf 82' lang='grc' dir='ltr'><strong><em>καί</em></strong></span> <span class='ocrx_word' id='word_1_197' title='bbox 1195 1629 1342 1683; x_wconf 88' lang='grc' dir='ltr'><strong><em>σφίσιν</em></strong></span> <span class='ocrx_word' id='word_1_198' title='bbox 1379 1629 1523 1678; x_wconf 71' lang='grc' dir='ltr'><strong><em>αὐτοῖς</em></strong></span> 
     </span>
     <span class='ocr_line' id='line_1_24' title="bbox 89 1692 1524 1750; baseline 0 -16"><span class='ocrx_word' id='word_1_199' title='bbox 89 1695 381 1734; x_wconf 80' lang='grc' dir='ltr'><strong><em>λυσιτελοῦντα</em></strong></span> <span class='ocrx_word' id='word_1_200' title='bbox 408 1694 573 1734; x_wconf 74' lang='grc' dir='ltr'><strong><em>ἕλοισθε</em></strong></span> <span class='ocrx_word' id='word_1_201' title='bbox 591 1724 603 1745; x_wconf 85' lang='grc'>,</span> <span class='ocrx_word' id='word_1_202' title='bbox 629 1696 786 1750; x_wconf 80' lang='grc' dir='ltr'><strong><em>(ταῦτα</em></strong></span> <span class='ocrx_word' id='word_1_203' title='bbox 822 1695 868 1735; x_wconf 80' lang='grc' dir='ltr'><strong>δέ</strong></span> <span class='ocrx_word' id='word_1_204' title='bbox 904 1695 1017 1745; x_wconf 80' lang='grc' dir='ltr'><strong><em>ἐστι,</em></strong></span> <span class='ocrx_word' id='word_1_205' title='bbox 1060 1695 1252 1747; x_wconf 84' lang='grc' dir='ltr'><strong><em>κατέχειν</em></strong></span> <span class='ocrx_word' id='word_1_206' title='bbox 1278 1694 1424 1734; x_wconf 80' lang='grc' dir='ltr'><strong><em>τοῦτον</em></strong></span> <span class='ocrx_word' id='word_1_207' title='bbox 1449 1692 1524 1734; x_wconf 80' lang='grc' dir='ltr'><strong><em>καί</em></strong></span> 
     </span>
     <span class='ocr_line' id='line_1_25' title="bbox 95 1753 1520 1814; baseline 0.001 -16"><span class='ocrx_word' id='word_1_208' title='bbox 95 1755 170 1799; x_wconf 84' lang='grc' dir='ltr'><strong>τόν</strong></span> <span class='ocrx_word' id='word_1_209' title='bbox 196 1759 385 1800; x_wconf 83' lang='grc' dir='ltr'><strong><em>κίνδυνον</em></strong></span> <span class='ocrx_word' id='word_1_210' title='bbox 414 1756 472 1812; x_wconf 74' lang='grc' dir='ltr'><strong><em>μή</em></strong></span> <span class='ocrx_word' id='word_1_211' title='bbox 512 1758 585 1813; x_wconf 75' lang='grc' dir='ltr'><strong><em>ἑᾷν</em></strong></span> <span class='ocrx_word' id='word_1_212' title='bbox 614 1756 948 1814; x_wconf 77' lang='grc' dir='ltr'><strong><em>διαδιδράσκειν·</em></strong></span> <span class='ocrx_word' id='word_1_213' title='bbox 985 1754 1035 1799; x_wconf 82' lang='grc' dir='ltr'><strong>οὗ</strong></span> <span class='ocrx_word' id='word_1_214' title='bbox 1066 1759 1202 1814; x_wconf 76' lang='grc' dir='ltr'><strong><em>πολλῷ</em></strong></span> <span class='ocrx_word' id='word_1_215' title='bbox 1226 1756 1307 1814; x_wconf 83' lang='grc' dir='ltr'><strong><em>γὰρ</em></strong></span> <span class='ocrx_word' id='word_1_216' title='bbox 1346 1753 1520 1814; x_wconf 73' lang='grc' dir='ltr'><strong><em>ὕστερον</em></strong></span> 
     </span>
    </p>
   </div>
   <div class='ocr_carea' id='block_1_3' title="bbox 87 1909 1521 2787">
    <p class='ocr_par' dir='ltr' id='par_1_3' title="bbox 87 1909 1521 2787">
     <span class='ocr_line' id='line_1_26' title="bbox 88 1909 1520 1957; baseline 0.001 -12"><span class='ocrx_word' id='word_1_217' title='bbox 88 1909 362 1956; x_wconf 81' lang='lat' dir='ltr'><strong>prohibuisset?</strong></span> <span class='ocrx_word' id='word_1_218' title='bbox 392 1910 606 1952; x_wconf 86' lang='lat' dir='ltr'><strong>Enimvero,</strong></span> <span class='ocrx_word' id='word_1_219' title='bbox 646 1922 727 1945; x_wconf 88' lang='lat' dir='ltr'><strong>cum</strong></span> <span class='ocrx_word' id='word_1_220' title='bbox 751 1911 810 1957; x_wconf 66' lang='lat' dir='ltr'><strong>[ab</strong></span> <span class='ocrx_word' id='word_1_221' title='bbox 841 1911 984 1957; x_wconf 88' lang='lat' dir='ltr'><strong>imperii</strong></span> <span class='ocrx_word' id='word_1_222' title='bbox 1021 1911 1373 1947; x_wconf 73' lang='lat' dir='ltr'><strong>administratoribus</strong></span> <span class='ocrx_word' id='word_1_223' title='bbox 1402 1913 1520 1947; x_wconf 86' lang='lat' dir='ltr'><strong>multo</strong></span> 
     </span>
     <span class='ocr_line' id='line_1_27' title="bbox 88 1957 1521 2004; baseline 0.001 -14"><span class='ocrx_word' id='word_1_224' title='bbox 88 1958 172 2002; x_wconf 78' lang='lat' dir='ltr'><strong>plus</strong></span> <span class='ocrx_word' id='word_1_225' title='bbox 206 1958 439 2002; x_wconf 84' lang='lat' dir='ltr'>pecuniarum</span> <span class='ocrx_word' id='word_1_226' title='bbox 477 1963 515 1992; x_wconf 89' lang='lat' dir='ltr'><strong>et</strong></span> <span class='ocrx_word' id='word_1_227' title='bbox 544 1957 691 1991; x_wconf 87' lang='lat' dir='ltr'><strong>urbium</strong></span> <span class='ocrx_word' id='word_1_228' title='bbox 728 1958 762 1991; x_wconf 87' lang='lat' dir='ltr'><strong>ei</strong></span> <span class='ocrx_word' id='word_1_229' title='bbox 782 1960 985 1999; x_wconf 83' lang='lat' dir='ltr'><strong>offerretur,</strong></span> <span class='ocrx_word' id='word_1_230' title='bbox 1005 1958 1108 2004; x_wconf 85' lang='lat' dir='ltr'><strong>(quas</strong></span> <span class='ocrx_word' id='word_1_231' title='bbox 1141 1969 1296 2004; x_wconf 84' lang='lat' dir='ltr'><strong>namque</strong></span> <span class='ocrx_word' id='word_1_232' title='bbox 1326 1969 1424 1993; x_wconf 85' lang='lat' dir='ltr'><strong>nunc</strong></span> <span class='ocrx_word' id='word_1_233' title='bbox 1447 1957 1521 2003; x_wconf 82' lang='lat' dir='ltr'><strong>ipsi</strong></span> 
     </span>
     <span class='ocr_line' id='line_1_28' title="bbox 89 2003 1518 2050; baseline 0.001 -15"><span class='ocrx_word' id='word_1_234' title='bbox 89 2008 263 2044; x_wconf 79' lang='lat' dir='ltr'>teneant,</span> <span class='ocrx_word' id='word_1_235' title='bbox 293 2005 339 2037; x_wconf 84' lang='lat' dir='ltr'><strong>iis</strong></span> <span class='ocrx_word' id='word_1_236' title='bbox 384 2004 508 2048; x_wconf 81' lang='lat' dir='ltr'><strong>plures</strong></span> <span class='ocrx_word' id='word_1_237' title='bbox 539 2005 628 2037; x_wconf 82' lang='lat' dir='ltr'><strong>citra</strong></span> <span class='ocrx_word' id='word_1_238' title='bbox 663 2004 774 2037; x_wconf 85' lang='lat' dir='ltr'><strong>ullam</strong></span> <span class='ocrx_word' id='word_1_239' title='bbox 799 2004 1083 2038; x_wconf 87' lang='lat' dir='ltr'><strong>sollicitudinem</strong></span> <span class='ocrx_word' id='word_1_240' title='bbox 1115 2003 1349 2050; x_wconf 83' lang='lat' dir='ltr'><strong>laboremque</strong></span> <span class='ocrx_word' id='word_1_241' title='bbox 1382 2005 1429 2038; x_wconf 89' lang='lat' dir='ltr'><strong>ab</strong></span> <span class='ocrx_word' id='word_1_242' title='bbox 1465 2005 1518 2038; x_wconf 84' lang='lat' dir='ltr'><strong>eis</strong></span> 
     </span>
     <span class='ocr_line' id='line_1_29' title="bbox 90 2049 1520 2095; baseline 0.001 -14"><span class='ocrx_word' id='word_1_243' title='bbox 90 2050 254 2092; x_wconf 83' lang='lat' dir='ltr'><strong>accipere</strong></span> <span class='ocrx_word' id='word_1_244' title='bbox 286 2049 448 2095; x_wconf 85' lang='lat' dir='ltr'><strong>licebat‚)</strong></span> <span class='ocrx_word' id='word_1_245' title='bbox 467 2055 541 2083; x_wconf 89' lang='lat' dir='ltr'><strong>tum</strong></span> <span class='ocrx_word' id='word_1_246' title='bbox 570 2050 717 2095; x_wconf 88' lang='lat' dir='ltr'><strong>quidem</strong></span> <span class='ocrx_word' id='word_1_247' title='bbox 749 2050 844 2083; x_wconf 84' lang='lat' dir='ltr'><strong>nihii</strong></span> <span class='ocrx_word' id='word_1_248' title='bbox 877 2050 1011 2083; x_wconf 87' lang='lat' dir='ltr'><strong>factum</strong></span> <span class='ocrx_word' id='word_1_249' title='bbox 1046 2049 1278 2090; x_wconf 88' lang='lat' dir='ltr'><strong>huiusmodi,</strong></span> <span class='ocrx_word' id='word_1_250' title='bbox 1313 2049 1378 2084; x_wconf 80' lang='lat' dir='ltr'><strong>sed</strong></span> <span class='ocrx_word' id='word_1_251' title='bbox 1408 2051 1520 2083; x_wconf 83' lang='lat' dir='ltr'><strong>semel</strong></span> 
     </span>
     <span class='ocr_line' id='line_1_30' title="bbox 90 2096 1520 2142; baseline 0.001 -14"><span class='ocrx_word' id='word_1_252' title='bbox 90 2096 295 2140; x_wconf 63' lang='lat' dir='ltr'><strong>iterumque</strong></span> <span class='ocrx_word' id='word_1_253' title='bbox 321 2106 445 2129; x_wconf 91' lang='lat' dir='ltr'><strong>eorum</strong></span> <span class='ocrx_word' id='word_1_254' title='bbox 470 2096 688 2141; x_wconf 82' lang='lat' dir='ltr'><strong>legationem</strong></span> <span class='ocrx_word' id='word_1_255' title='bbox 717 2097 910 2135; x_wconf 80' lang='lat' dir='ltr'><strong>reiecisse;</strong></span> <span class='ocrx_word' id='word_1_256' title='bbox 934 2107 1031 2129; x_wconf 90' lang='lat' dir='ltr'><strong>nunc</strong></span> <span class='ocrx_word' id='word_1_257' title='bbox 1053 2102 1184 2136; x_wconf 88' lang='lat' dir='ltr'><strong>autem,</strong></span> <span class='ocrx_word' id='word_1_258' title='bbox 1209 2096 1354 2142; x_wconf 87' lang='lat' dir='ltr'><strong>quando</strong></span> <span class='ocrx_word' id='word_1_259' title='bbox 1389 2106 1520 2130; x_wconf 82' lang='lat' dir='ltr'><strong>nocere</strong></span> 
     </span>
     <span class='ocr_line' id='line_1_31' title="bbox 89 2141 1519 2187; baseline 0.001 -14"><span class='ocrx_word' id='word_1_260' title='bbox 89 2141 244 2186; x_wconf 73' lang='lat' dir='ltr'><strong>nequit,</strong></span> <span class='ocrx_word' id='word_1_261' title='bbox 278 2146 355 2175; x_wconf 88' lang='lat' dir='ltr'><strong>tota</strong></span> <span class='ocrx_word' id='word_1_262' title='bbox 385 2148 508 2176; x_wconf 84' lang='lat' dir='ltr'><strong>mente</strong></span> <span class='ocrx_word' id='word_1_263' title='bbox 545 2148 582 2176; x_wconf 82' lang='lat' dir='ltr'><strong>et</strong></span> <span class='ocrx_word' id='word_1_264' title='bbox 606 2143 823 2187; x_wconf 85' lang='lat' dir='ltr'><strong>cogitatione</strong></span> <span class='ocrx_word' id='word_1_265' title='bbox 847 2143 910 2175; x_wconf 84' lang='lat' dir='ltr'><strong>illa</strong></span> <span class='ocrx_word' id='word_1_266' title='bbox 934 2143 1075 2183; x_wconf 88' lang='lat' dir='ltr'><strong>moliri,</strong></span> <span class='ocrx_word' id='word_1_267' title='bbox 1106 2153 1200 2187; x_wconf 87' lang='lat' dir='ltr'><strong>quae</strong></span> <span class='ocrx_word' id='word_1_268' title='bbox 1236 2148 1322 2176; x_wconf 91' lang='lat' dir='ltr'><strong>tunc</strong></span> <span class='ocrx_word' id='word_1_269' title='bbox 1344 2142 1441 2175; x_wconf 91' lang='lat' dir='ltr'><strong>dicto</strong></span> <span class='ocrx_word' id='word_1_270' title='bbox 1467 2141 1519 2174; x_wconf 92' lang='lat' dir='ltr'><strong>ci-</strong></span> 
     </span>
     <span class='ocr_line' id='line_1_32' title="bbox 89 2186 1520 2234; baseline 0.001 -16"><span class='ocrx_word' id='word_1_271' title='bbox 89 2187 164 2218; x_wconf 83' lang='lat' dir='ltr'><strong>tius</strong></span> <span class='ocrx_word' id='word_1_272' title='bbox 189 2186 324 2221; x_wconf 88' lang='lat' dir='ltr'><strong>efficere</strong></span> <span class='ocrx_word' id='word_1_273' title='bbox 347 2189 535 2232; x_wconf 85' lang='lat' dir='ltr'><strong>potuisset.</strong></span> <span class='ocrx_word' id='word_1_274' title='bbox 602 2188 703 2222; x_wconf 89' lang='lat' dir='ltr'><strong>Unde</strong></span> <span class='ocrx_word' id='word_1_275' title='bbox 735 2193 913 2230; x_wconf 79' lang='lat' dir='ltr'><strong>constare,</strong></span> <span class='ocrx_word' id='word_1_276' title='bbox 940 2199 1046 2234; x_wconf 88' lang='lat' dir='ltr'><strong>quam</strong></span> <span class='ocrx_word' id='word_1_277' title='bbox 1071 2194 1157 2222; x_wconf 91' lang='lat' dir='ltr'><strong>tunc</strong></span> <span class='ocrx_word' id='word_1_278' title='bbox 1180 2188 1399 2233; x_wconf 80' lang='lat' dir='ltr'><strong>probitatem</strong></span> <span class='ocrx_word' id='word_1_279' title='bbox 1435 2199 1520 2223; x_wconf 81' lang='lat' dir='ltr'><strong>can-</strong></span> 
     </span>
     <span class='ocr_line' id='line_1_33' title="bbox 89 2232 1519 2279; baseline 0.002 -15"><span class='ocrx_word' id='word_1_280' title='bbox 89 2232 287 2279; x_wconf 86' lang='lat' dir='ltr'><strong>doremque</strong></span> <span class='ocrx_word' id='word_1_281' title='bbox 323 2233 362 2266; x_wconf 89' lang='lat' dir='ltr'><strong>in</strong></span> <span class='ocrx_word' id='word_1_282' title='bbox 391 2235 488 2279; x_wconf 86' lang='lat' dir='ltr'><strong>ipsos</strong></span> <span class='ocrx_word' id='word_1_283' title='bbox 523 2246 606 2279; x_wconf 84' lang='lat' dir='ltr'><strong>prae</strong></span> <span class='ocrx_word' id='word_1_284' title='bbox 631 2246 668 2268; x_wconf 88' lang='lat' dir='ltr'><strong>se</strong></span> <span class='ocrx_word' id='word_1_285' title='bbox 693 2235 860 2275; x_wconf 86' lang='lat' dir='ltr'><strong>tulisset,</strong></span> <span class='ocrx_word' id='word_1_286' title='bbox 882 2246 956 2268; x_wconf 89' lang='lat' dir='ltr'><strong>non</strong></span> <span class='ocrx_word' id='word_1_287' title='bbox 980 2236 1059 2267; x_wconf 90' lang='lat' dir='ltr'><strong>eius</strong></span> <span class='ocrx_word' id='word_1_288' title='bbox 1084 2235 1236 2278; x_wconf 84' lang='lat' dir='ltr'><strong>ingenii,</strong></span> <span class='ocrx_word' id='word_1_289' title='bbox 1262 2234 1325 2267; x_wconf 89' lang='lat' dir='ltr'><strong>sed</strong></span> <span class='ocrx_word' id='word_1_290' title='bbox 1351 2234 1519 2267; x_wconf 79' lang='lat' dir='ltr'><strong>coelestis</strong></span> 
     </span>
     <span class='ocr_line' id='line_1_34' title="bbox 88 2278 1519 2326; baseline 0.002 -16"><span class='ocrx_word' id='word_1_291' title='bbox 88 2279 219 2311; x_wconf 77' lang='lat' dir='ltr'>auxilii</span> <span class='ocrx_word' id='word_1_292' title='bbox 247 2278 367 2313; x_wconf 76' lang='lat' dir='ltr'><strong>fuisse·</strong></span> <span class='ocrx_word' id='word_1_293' title='bbox 423 2281 528 2314; x_wconf 87' lang='lat' dir='ltr'><strong>Nunc</strong></span> <span class='ocrx_word' id='word_1_294' title='bbox 552 2280 697 2326; x_wconf 88' lang='lat' dir='ltr'><strong>quando</strong></span> <span class='ocrx_word' id='word_1_295' title='bbox 727 2281 796 2325; x_wconf 90' lang='lat' dir='ltr'><strong>ipsi</strong></span> <span class='ocrx_word' id='word_1_296' title='bbox 822 2281 1053 2314; x_wconf 80' lang='lat' dir='ltr'><strong>securitatem</strong></span> <span class='ocrx_word' id='word_1_297' title='bbox 1079 2281 1305 2319; x_wconf 88' lang='lat' dir='ltr'><strong>invenerint,</strong></span> <span class='ocrx_word' id='word_1_298' title='bbox 1329 2279 1434 2313; x_wconf 86' lang='lat' dir='ltr'><strong>illum</strong></span> <span class='ocrx_word' id='word_1_299' title='bbox 1458 2291 1519 2313; x_wconf 90' lang='lat' dir='ltr'><strong>co-</strong></span> 
     </span>
     <span class='ocr_line' id='line_1_35' title="bbox 89 2325 1520 2371; baseline 0.002 -16"><span class='ocrx_word' id='word_1_300' title='bbox 89 2325 281 2369; x_wconf 83' lang='lat' dir='ltr'><strong>gitationes</strong></span> <span class='ocrx_word' id='word_1_301' title='bbox 314 2335 394 2358; x_wconf 87' lang='lat' dir='ltr'><strong>suas</strong></span> <span class='ocrx_word' id='word_1_302' title='bbox 435 2328 586 2370; x_wconf 78' lang='lat' dir='ltr'><strong>aperire.</strong></span> <span class='ocrx_word' id='word_1_303' title='bbox 632 2326 878 2371; x_wconf 82' lang='lat' dir='ltr'><strong>Apoeauchus,</strong></span> <span class='ocrx_word' id='word_1_304' title='bbox 904 2326 1002 2360; x_wconf 91' lang='lat' dir='ltr'><strong>bello</strong></span> <span class='ocrx_word' id='word_1_305' title='bbox 1028 2332 1151 2359; x_wconf 89' lang='lat' dir='ltr'><strong>contra</strong></span> <span class='ocrx_word' id='word_1_306' title='bbox 1176 2327 1428 2370; x_wconf 87' lang='lat' dir='ltr'><strong>imperatorem</strong></span> <span class='ocrx_word' id='word_1_307' title='bbox 1453 2325 1520 2360; x_wconf 84' lang='lat' dir='ltr'><strong>de·</strong></span> 
     </span>
     <span class='ocr_line' id='line_1_36' title="bbox 89 2370 1520 2417; baseline 0.001 -15"><span class='ocrx_word' id='word_1_308' title='bbox 89 2375 258 2414; x_wconf 89' lang='lat' dir='ltr'><strong>sperato,</strong></span> <span class='ocrx_word' id='word_1_309' title='bbox 283 2370 465 2406; x_wconf 83' lang='lat' dir='ltr'><strong>cuniculos</strong></span> <span class='ocrx_word' id='word_1_310' title='bbox 490 2384 594 2417; x_wconf 81' lang='lat' dir='ltr'><strong>agere</strong></span> <span class='ocrx_word' id='word_1_311' title='bbox 609 2397 619 2413; x_wconf 87' lang='lat'><em>,</em></span> <span class='ocrx_word' id='word_1_312' title='bbox 643 2377 684 2405; x_wconf 88' lang='lat' dir='ltr'><strong>ut</strong></span> <span class='ocrx_word' id='word_1_313' title='bbox 706 2378 837 2414; x_wconf 88' lang='lat' dir='ltr'><strong>antea,</strong></span> <span class='ocrx_word' id='word_1_314' title='bbox 874 2379 911 2406; x_wconf 89' lang='lat' dir='ltr'><strong>et</strong></span> <span class='ocrx_word' id='word_1_315' title='bbox 940 2373 1039 2404; x_wconf 91' lang='lat' dir='ltr'><strong>varie</strong></span> <span class='ocrx_word' id='word_1_316' title='bbox 1063 2372 1213 2406; x_wconf 81' lang='lat' dir='ltr'><strong>insidias</strong></span> <span class='ocrx_word' id='word_1_317' title='bbox 1238 2371 1387 2408; x_wconf 74' lang='lat' dir='ltr'><strong>tendere</strong></span> <span class='ocrx_word' id='word_1_318' title='bbox 1412 2371 1520 2405; x_wconf 81' lang='lat' dir='ltr'><strong>insti-</strong></span> 
     </span>
     <span class='ocr_line' id='line_1_37' title="bbox 88 2416 1518 2462; baseline 0.002 -14"><span class='ocrx_word' id='word_1_319' title='bbox 88 2417 185 2450; x_wconf 83' lang='lat' dir='ltr'><strong>tuit:</strong></span> <span class='ocrx_word' id='word_1_320' title='bbox 212 2417 259 2450; x_wconf 88' lang='lat' dir='ltr'><strong>ad</strong></span> <span class='ocrx_word' id='word_1_321' title='bbox 281 2416 516 2451; x_wconf 86' lang='lat' dir='ltr'><strong>Berrhoeotas</strong></span> <span class='ocrx_word' id='word_1_322' title='bbox 541 2420 637 2452; x_wconf 89' lang='lat' dir='ltr'><strong>enim</strong></span> <span class='ocrx_word' id='word_1_323' title='bbox 660 2419 814 2453; x_wconf 82' lang='lat' dir='ltr'><strong>latenter</strong></span> <span class='ocrx_word' id='word_1_324' title='bbox 837 2420 888 2452; x_wconf 87' lang='lat' dir='ltr'><strong>ita</strong></span> <span class='ocrx_word' id='word_1_325' title='bbox 912 2419 1063 2462; x_wconf 83' lang='lat' dir='ltr'><strong>scripsit.</strong></span> <span class='ocrx_word' id='word_1_326' title='bbox 1112 2418 1209 2451; x_wconf 85' lang='lat' dir='ltr'><strong>Scire</strong></span> <span class='ocrx_word' id='word_1_327' title='bbox 1232 2428 1290 2458; x_wconf 87' lang='lat' dir='ltr'><strong>se,</strong></span> <span class='ocrx_word' id='word_1_328' title='bbox 1323 2418 1419 2462; x_wconf 83' lang='lat' dir='ltr'><strong>ipsos</strong></span> <span class='ocrx_word' id='word_1_329' title='bbox 1443 2429 1518 2454; x_wconf 86' lang='lat' dir='ltr'><strong>non</strong></span> 
     </span>
     <span class='ocr_line' id='line_1_38' title="bbox 88 2462 1520 2507; baseline 0.001 -12"><span class='ocrx_word' id='word_1_330' title='bbox 88 2468 217 2507; x_wconf 84' lang='lat' dir='ltr'><strong>suopte</strong></span> <span class='ocrx_word' id='word_1_331' title='bbox 253 2468 344 2497; x_wconf 87' lang='lat' dir='ltr'><strong>nutu</strong></span> <span class='ocrx_word' id='word_1_332' title='bbox 381 2462 428 2495; x_wconf 89' lang='lat' dir='ltr'><strong>ad</strong></span> <span class='ocrx_word' id='word_1_333' title='bbox 456 2464 760 2505; x_wconf 89' lang='lat' dir='ltr'><strong>Cantacuzenum,</strong></span> <span class='ocrx_word' id='word_1_334' title='bbox 786 2475 1007 2499; x_wconf 89' lang='lat' dir='ltr'><strong>communem</strong></span> <span class='ocrx_word' id='word_1_335' title='bbox 1032 2466 1267 2498; x_wconf 83' lang='lat' dir='ltr'><strong>Romanorum</strong></span> <span class='ocrx_word' id='word_1_336' title='bbox 1290 2463 1427 2497; x_wconf 89' lang='lat' dir='ltr'><strong>hostem</strong></span> <span class='ocrx_word' id='word_1_337' title='bbox 1452 2463 1520 2497; x_wconf 85' lang='lat' dir='ltr'><strong>de-</strong></span> 
     </span>
     <span class='ocr_line' id='line_1_39' title="bbox 88 2509 1517 2555; baseline 0.001 -15"><span class='ocrx_word' id='word_1_338' title='bbox 88 2509 260 2542; x_wconf 81' lang='lat' dir='ltr'><strong>ciaratum</strong></span> <span class='ocrx_word' id='word_1_339' title='bbox 285 2515 322 2542; x_wconf 92' lang='lat' dir='ltr'><strong>et</strong></span> <span class='ocrx_word' id='word_1_340' title='bbox 347 2509 502 2543; x_wconf 82' lang='lat' dir='ltr'><strong>filiorum</strong></span> <span class='ocrx_word' id='word_1_341' title='bbox 527 2511 753 2555; x_wconf 82' lang='lat' dir='ltr'><strong>imperatoris</strong></span> <span class='ocrx_word' id='word_1_342' title='bbox 779 2511 1047 2550; x_wconf 85' lang='lat' dir='ltr'><strong>insidiatorem,</strong></span> <span class='ocrx_word' id='word_1_343' title='bbox 1071 2510 1133 2543; x_wconf 82' lang='lat' dir='ltr'><strong>sed</strong></span> <span class='ocrx_word' id='word_1_344' title='bbox 1160 2510 1244 2554; x_wconf 70' lang='lat' dir='ltr'><strong>qula</strong></span> <span class='ocrx_word' id='word_1_345' title='bbox 1272 2509 1517 2547; x_wconf 79' lang='lat' dir='ltr'><strong>Triballorum</strong></span> 
     </span>
     <span class='ocr_line' id='line_1_40' title="bbox 88 2555 1516 2601; baseline 0.001 -15"><span class='ocrx_word' id='word_1_346' title='bbox 88 2556 192 2587; x_wconf 82' lang='lat' dir='ltr'><strong>armis</strong></span> <span class='ocrx_word' id='word_1_347' title='bbox 234 2555 511 2599; x_wconf 82' lang='lat' dir='ltr'><strong>premebantur,</strong></span> <span class='ocrx_word' id='word_1_348' title='bbox 553 2558 763 2590; x_wconf 87' lang='lat' dir='ltr'><strong>necessitate</strong></span> <span class='ocrx_word' id='word_1_349' title='bbox 806 2557 950 2590; x_wconf 83' lang='lat' dir='ltr'><strong>adactos</strong></span> <span class='ocrx_word' id='word_1_350' title='bbox 986 2557 1176 2588; x_wconf 84' lang='lat' dir='ltr'><strong>accessisse</strong></span> <span class='ocrx_word' id='word_1_351' title='bbox 1192 2580 1201 2595; x_wconf 92' lang='lat'><em>,</em></span> <span class='ocrx_word' id='word_1_352' title='bbox 1241 2555 1391 2601; x_wconf 88' lang='lat' dir='ltr'><strong>aliquod</strong></span> <span class='ocrx_word' id='word_1_353' title='bbox 1429 2556 1516 2589; x_wconf 83' lang='lat' dir='ltr'><strong>iude</strong></span> 
     </span>
     <span class='ocr_line' id='line_1_41' title="bbox 88 2601 1516 2647; baseline 0.001 -15"><span class='ocrx_word' id='word_1_354' title='bbox 88 2601 369 2634; x_wconf 85' lang='lat' dir='ltr'><strong>emoiumentum</strong></span> <span class='ocrx_word' id='word_1_355' title='bbox 396 2601 466 2634; x_wconf 88' lang='lat' dir='ltr'><strong>sibi</strong></span> <span class='ocrx_word' id='word_1_356' title='bbox 490 2603 754 2646; x_wconf 84' lang='lat' dir='ltr'><strong>promittentes,</strong></span> <span class='ocrx_word' id='word_1_357' title='bbox 780 2603 878 2647; x_wconf 88' lang='lat' dir='ltr'><strong>quod</strong></span> <span class='ocrx_word' id='word_1_358' title='bbox 901 2601 1098 2640; x_wconf 84' lang='lat' dir='ltr'><strong>audissent,</strong></span> <span class='ocrx_word' id='word_1_359' title='bbox 1113 2601 1253 2635; x_wconf 85' lang='lat' dir='ltr'><strong>Cralem</strong></span> <span class='ocrx_word' id='word_1_360' title='bbox 1277 2601 1403 2635; x_wconf 82' lang='lat' dir='ltr'><strong>foedus</strong></span> <span class='ocrx_word' id='word_1_361' title='bbox 1437 2613 1516 2634; x_wconf 90' lang='lat' dir='ltr'><strong>cum</strong></span> 
     </span>
     <span class='ocr_line' id='line_1_42' title="bbox 88 2647 1515 2693; baseline 0.001 -15"><span class='ocrx_word' id='word_1_362' title='bbox 88 2657 131 2680; x_wconf 89' lang='lat' dir='ltr'><strong>eo</strong></span> <span class='ocrx_word' id='word_1_363' title='bbox 168 2647 450 2693; x_wconf 86' lang='lat' dir='ltr'><strong>societatemque</strong></span> <span class='ocrx_word' id='word_1_364' title='bbox 485 2647 676 2692; x_wconf 81' lang='lat' dir='ltr'><strong>pepigisse.</strong></span> <span class='ocrx_word' id='word_1_365' title='bbox 736 2648 869 2681; x_wconf 88' lang='lat' dir='ltr'><strong>Verum</strong></span> <span class='ocrx_word' id='word_1_366' title='bbox 895 2650 987 2681; x_wconf 85' lang='lat' dir='ltr'><strong>istuc</strong></span> <span class='ocrx_word' id='word_1_367' title='bbox 1011 2657 1145 2679; x_wconf 85' lang='lat' dir='ltr'><strong>merum</strong></span> <span class='ocrx_word' id='word_1_368' title='bbox 1171 2657 1326 2680; x_wconf 88' lang='lat' dir='ltr'><strong>errorem</strong></span> <span class='ocrx_word' id='word_1_369' title='bbox 1351 2659 1392 2681; x_wconf 92' lang='lat' dir='ltr'><strong>ac</strong></span> <span class='ocrx_word' id='word_1_370' title='bbox 1415 2647 1515 2680; x_wconf 85' lang='lat' dir='ltr'><strong>ludi-</strong></span> 
     </span>
     <span class='ocr_line' id='line_1_43' title="bbox 87 2691 1516 2739; baseline 0.001 -15"><span class='ocrx_word' id='word_1_371' title='bbox 87 2691 205 2725; x_wconf 85' lang='lat' dir='ltr'><strong>brium</strong></span> <span class='ocrx_word' id='word_1_372' title='bbox 246 2693 383 2727; x_wconf 82' lang='lat' dir='ltr'><strong>fuisse:</strong></span> <span class='ocrx_word' id='word_1_373' title='bbox 417 2693 522 2726; x_wconf 81' lang='lat' dir='ltr'><strong>illurn</strong></span> <span class='ocrx_word' id='word_1_374' title='bbox 557 2695 693 2739; x_wconf 87' lang='lat' dir='ltr'><strong>quippe</strong></span> <span class='ocrx_word' id='word_1_375' title='bbox 728 2694 796 2727; x_wconf 88' lang='lat' dir='ltr'><strong>iam</strong></span> <span class='ocrx_word' id='word_1_376' title='bbox 832 2706 906 2728; x_wconf 91' lang='lat' dir='ltr'><strong>non</strong></span> <span class='ocrx_word' id='word_1_377' title='bbox 939 2692 1206 2726; x_wconf 81' lang='lat' dir='ltr'><strong>dissimulanter</strong></span> <span class='ocrx_word' id='word_1_378' title='bbox 1235 2705 1256 2726; x_wconf 90' lang='lat' dir='ltr'><strong>a</strong></span> <span class='ocrx_word' id='word_1_379' title='bbox 1289 2703 1326 2726; x_wconf 90' lang='lat' dir='ltr'><strong>se</strong></span> <span class='ocrx_word' id='word_1_380' title='bbox 1351 2698 1516 2733; x_wconf 88' lang='lat' dir='ltr'><strong>stantem,</strong></span> 
     </span>
     <span class='ocr_line' id='line_1_44' title="bbox 90 2738 1518 2787; baseline 0.002 -17"><span class='ocrx_word' id='word_1_381' title='bbox 90 2738 385 2777; x_wconf 76' lang='lat' dir='ltr'><strong>Cautaeuzcnum</strong></span> <span class='ocrx_word' id='word_1_382' title='bbox 425 2750 632 2787; x_wconf 82' lang='lat' dir='ltr'><strong>oppugnare</strong></span> <span class='ocrx_word' id='word_1_383' title='bbox 656 2742 864 2776; x_wconf 84' lang='lat' dir='ltr'><strong>decrevisse.</strong></span> <span class='ocrx_word' id='word_1_384' title='bbox 914 2739 1035 2785; x_wconf 84' lang='lat' dir='ltr'><strong>Quare</strong></span> <span class='ocrx_word' id='word_1_385' title='bbox 1060 2739 1089 2771; x_wconf 86' lang='lat' dir='ltr'><strong>si</strong></span> <span class='ocrx_word' id='word_1_386' title='bbox 1116 2744 1249 2775; x_wconf 73' lang='lat' dir='ltr'><strong>mutata</strong></span> <span class='ocrx_word' id='word_1_387' title='bbox 1275 2745 1395 2774; x_wconf 83' lang='lat' dir='ltr'><strong>mente</strong></span> <span class='ocrx_word' id='word_1_388' title='bbox 1420 2751 1518 2777; x_wconf 78' lang='lat' dir='ltr'><strong>com-</strong></span> 
     </span>
    </p>
   </div>
  </div>
 </body>
</html>
