1800 3132
286 162 363 230 48
808 183 1181 228 CANTAcuzmr

96 287 180 323 ΑΒ.
198 287 564 343 ι34ιμεταβαλεϊν,
594 279 618 325 ὃ
645 283 719 324 καί
745 281 924 338 οἶνδράσι
950 287 1182 337 συμβαῖνον
1214 284 1379 340 ὁρῶμεν
1405 289 1490 332 τοῖς
1518 286 1615 344 περὶ
1637 287 1723 342 uda

286 369 368 408 χας
398 351 468 394 διὰ
499 348 655 392 δειλίαν
695 347 1009 401 α’τολμωτάτοις.
1065 352 1211 391 ἐκεῖνοι
1240 348 1320 404 γὰρ
1349 349 1430 392 ὑπὸ
1454 354 1536 393 τῶν
1562 355 1722 396 οἰκείων

249 432 282 466 1)
298 419 590 471 ὀνειδιζομενοι
636 415 708 456 καί
749 413 1110 470 περιυβριζόμενοι
1153 414 1227 457 καί
1271 414 1413 458 ὁτιοῦν
1456 415 1727 471 ὑπομένοντες

288 482 449 536 δεινὸν,
500 479 641 536 μάχης
662 483 754 534 «μὲν
799 481 850 522 οὕ
894 480 1131 536 παρούσης,
1173 481 1432 534 κομπάζουσι
1480 482 1611 525 πολλὰ
1654 486 1728 528 καί

288 548 572 603 ἰσχυρίζονται
600 545 672 588 καί
698 542 846 602 ὅρκους
872 547 1159 601 προστιθέντες
1177 580 1189 599 ,
1216 549 1353 602 μηκέτ’
1385 543 1512 596 αὖθις
1538 555 1623 597 τοῖς
1649 553 1752 597 πο-5

287 613 443 667 λεμίοις
471 611 516 655 τὸ
543 613 766 669 πρόσωπον
794 611 1098 666 ἀποστρέψειν,
1151 608 1242 653 ἀλλ’
1271 608 1471 667 οἷνδρείως
1510 615 1728 657 &mnata-

287 677 518 734 στήσεσθαι
547 676 650 734 πρὸς
679 674 846 727 αὐτούς.
902 675 1071 719 ἐπειδὰν
1101 678 1146 719 δὲ
1175 677 1333 726 αύτούς
1359 694 1402 719 τε
1431 678 1553 720 ἴδωσι
1580 696 1726 736 προσι-

290 743 411 793 όντας
438 746 510 787 καί
540 746 614 799 τῆς
650 741 874 797 σάλπιγγος
900 741 1114 784 ἀκούσωσι
1141 741 1425 799 σημαινούσης
1462 744 1726 801 συμπλοκὴν,

292 807 431 852 οὗκέτι
459 810 614 866 ξμένειν
649 810 739 850 οὐδ’
768 808 839 850 ἐπὶ
877 809 951 862 τῆς
989 807 1258 863 παρατάξεως
1286 805 1372 851 οἷοί
1392 811 1438 850 τέ
1466 810 1590 863 εἰσιν,
1618 810 1724 852 ἀλλά

292 874 519 932 φεύγουσιν
555 876 741 930 αἰσχρῶς
779 875 853 915 καί
894 874 1101 928 ἀγεννῶς,
1160 874 1278 928 ὀλίγα
1318 878 1606 931 φροντίζοντες
1645 879 1780 923 τῶνιο

292 939 427 998 ὅρκων
465 943 539 983 καί
574 942 657 982 τῶν
683 938 993 993 κομπασμάτων
1020 942 1107 982 τῶν
1135 941 1361 995 προτέρων.
1412 940 1552 983 ἀκούω
1583 944 1630 986 δὲ
1657 943 1731 986 καὶ

290 1007 519 1062 παροιμίας
552 1008 770 1061 Περσικῆς
796 1006 938 1060 ὀρθῶς
977 1003 1083 1059 ἄγαν
1121 1007 1194 1047 καί
1216 1008 1399 1057 συνετῶς
1429 1009 1526 1063 περὶ
1551 1010 1626 1064 τῆς
1651 1024 1728 1063 γυ-

291 1076 476 1121 ναικείας
503 1073 721 1127 εἰρημένης
750 1069 931 1128 φύσεως.
959 1074 1125 1126 λέγουσι
1151 1071 1248 1127 γαρ,
1270 1071 1328 1120 ῶς
1355 1068 1431 1115 κᾶν
1449 1074 1576 1129 μέχρι
1603 1084 1730 1131 νεφε-

291 1141 375 1181 λῶν
402 1139 606 1195 ἀφίκηται
634 1135 659 1193 ἦ
691 1136 850 1194 κεφαλὴ
878 1139 951 1193 τῆς
976 1136 1172 1192 γυναικὸς
1193 1170 1205 1190 ,
1232 1140 1356 1181 ου’δὲν
1383 1138 1550 1181 ἔλαττον
1577 1135 1604 1195 ἢ
1624 1139 1729 1195 πρό-

163 1204 276 1253 Ρ·369
287 1220 405 1260 τερον
433 1205 662 1261 ἐφάπτεται
689 1206 763 1258 τῆς
789 1206 886 1259 γῆς·
913 1204 1194 1258 σημαίνοντες,
1225 1201 1355 1258 οἶμαι,
1385 1204 1454 1246 διὰ
1485 1208 1559 1247 τοῦ
1585 1203 1783 1260 λόγου,ῐό

289 1270 348 1320 ὥς
374 1265 452 1312 κᾶν
480 1272 539 1319 εἰς
566 1266 693 1326 ἄκρον
724 1269 798 1311 καί
824 1266 1065 1325 φρονήσεως
1085 1271 1289 1325 α’φίκηται
1317 1273 1388 1313 καί
1409 1272 1730 1326 μεγαλοψυχίας

287 1335 362 1379 καὶ
387 1336 588 1391 α’νὸρίας,
623 1337 745 1377 ου’δὲν
773 1330 894 1390 ἧττον
932 1331 959 1390 ἢ
986 1332 1184 1390 πρότερον
1212 1334 1301 1378 ἐστι
1327 1335 1430 1390 γυνη
1445 1370 1457 1389 ‚
1485 1343 1571 1386 τοῖς
1601 1353 1730 1394 φυσι-

286 1407 374 1451 κοῖς
405 1404 478 1443 καί
503 1403 751 1455 γυναικείοις
778 1399 957 1443 πάθεσιν
988 1402 1224 1456 ἐνεχομένη.
1255 1398 1281 1443 ἃ
1310 1400 1359 1456 δὴ
1384 1403 1514 1443 πάντα
1539 1418 1594 1455 με
1623 1403 1730 1444 dno-

286 1470 421 1512 κναίει
447 1469 705 1521 μεμνημένον
733 1467 806 1508 καί
830 1465 962 1509 πολύν
1001 1469 1170 1519 ἐμποιεῖ
1188 1466 1375 1522 θόρυβον
1402 1469 1454 1523 τῇ
1482 1470 1626 1524 ψυχῇ,
1663 1465 1724 1522 μὴ

286 1538 359 1590 τῆς
389 1533 602 1588 βασιλίδος
629 1534 859 1587 γυναικεῖόν
876 1549 918 1574 τι
937 1530 1173 1587 παθούσης,
1207 1534 1282 1574 οὐκ
1301 1530 1423 1581 αὐτὸς
1447 1531 1574 1585 μόνον
1590 1565 1603 1586 ,
1621 1533 1786 1575 duona

287 1603 360 1642 καί
393 1601 595 1651 Ῥωμαῖοι
632 1597 779 1647 πάντες
826 1602 992 1647 πολλοῖς
1043 1597 1294 1653 ὁμιλήσομεν
1349 1604 1490 1647 κακοῖς
1527 1601 1600 1640 καί
1642 1605 1730 1651 τοῖς

287 1665 481 1719 ἐσχάτοις
531 1661 870 1719 περιπεσοῦμεθα
897 1663 1115 1713 κινδύνοις.
1173 1659 1224 1705 οὗ
1252 1664 1302 1718 δὴ
1332 1665 1452 1706 ἕνεκα
1481 1666 1622 1720 πρῶτα
1648 1666 1728 1718 μὲν

287 1732 372 1773 τῶν
399 1730 673 1785 ὑπηργμένων
711 1733 807 1787 παρ’
846 1731 952 1783 ἐμοῦ
979 1745 1046 1772 σοι
1074 1726 1246 1784 ἀγαθῶν
1271 1730 1571 1784 ἀναμιμνήσκω
1586 1764 1598 1782 ,
1639 1730 1729 1772 οὐδ’

289 1795 418 1838 αὐτὸν
461 1795 562 1845 ἴσως
589 1796 934 1851 ἐπιλελησμένον,
979 1795 1036 1844 ῶς
1076 1797 1134 1844 εἰς
1170 1798 1288 1836 τοῦτο
1325 1795 1515 1844 εὐδοξίας
1550 1795 1625 1837 καί
1666 1813 1730 1838 τι-

288 1863 372 1917 μῆς
418 1859 533 1916 παρὰ
576 1859 651 1916 τήν
691 1861 893 1918 ἡμετέραν
922 1858 1037 1917 ἥκεις
1064 1864 1138 1903 καί
1162 1863 1307 1917 φιλίαν
1332 1859 1406 1902 καί
1431 1859 1658 1919 σπουδήν,
1677 1862 1731 1904 οὔ

359 1951 392 1984 6.
406 1948 485 1984 ἀλλ’
509 1949 590 1983 add.
613 1950 663 1984 M.
737 1948 843 1998 α’νδρ.
869 1950 1004 1984 αὐτίκα
1028 1948 1238 1992 στήσεσθαι
1261 1950 1301 1982 Ρ.
1384 1953 1433 1986 18.
1457 1949 1497 1985 δὲ
1517 1963 1582 1997 pro
1605 1952 1670 1986 καὶ
1687 1951 1727 1987 Ρ.

290 2045 487 2079 liosissime
510 2041 630 2078 vexati
656 2052 697 2074 ae
721 2041 816 2075 nihil
841 2051 915 2073 non
940 2049 1044 2084 grave
1066 2039 1249 2084 perpessi,
1279 2044 1379 2073 extra
1403 2040 1582 2084 praelium
1603 2041 1728 2075 verbis

289 2103 328 2125 se
353 2092 521 2125 iactitant
543 2088 729 2134 magnifice
754 2093 791 2121 et
813 2087 923 2119 iurati
948 2086 1150 2126 affirmant,
1182 2085 1227 2119 (le
1253 2091 1371 2119 cetero
1399 2098 1472 2119 non
1497 2092 1633 2132 tergum
1657 2086 1729 2122 ho-

293 2138 412 2171 stibus
447 2136 689 2182 praebituros‚
722 2134 785 2167 sed
809 2143 982 2176 generose
1013 2138 1137 2165 contra
1161 2137 1392 2177 pugnaturos.
1441 2134 1634 2180 Postquam
1659 2144 1728 2167 au·

293 2190 368 2218 tem
393 2195 453 2217 eos
479 2183 687 2215 accedentes
706 2184 971 2224 conspexerunt
994 2185 1031 2212 et
1053 2178 1177 2211 tubam
1199 2178 1287 2211 belli
1308 2179 1446 2223 signum
1473 2181 1726 2221 exaudierunt,

293 2232 333 2263 in
359 2232 438 2264 acie
464 2230 620 2273 *amplius
645 2227 840 2259 consistere
865 2236 939 2258 non
965 2230 1133 2269 possunt3
1165 2225 1229 2257 sed
1253 2226 1445 2258 iuramenti
1469 2233 1505 2260 et
1531 2227 1727 2260 iactantiae

293 2277 425 2321 prioris
463 2275 596 2315 obliti,
625 2274 752 2318 ignave
785 2283 825 2305 ac
860 2271 1016 2315 turpiter
1048 2271 1201 2316 fugiunt.
1251 2271 1388 2305 Scitum
1417 2278 1472 2305 est
1494 2274 1602 2306 etiam
1626 2271 1728 2318 quod.

295 2324 393 2368 apud
422 2324 544 2357 Persas
578 2321 664 2353 ferri
699 2317 928 2363 proverbium
966 2317 1097 2351 audio:
1136 2318 1270 2350 femina
1295 2323 1426 2351 terram
1454 2318 1572 2352 adhuc
1595 2320 1726 2363 tangit,

295 2370 458 2414 quamvis
492 2368 610 2413 capite
647 2365 761 2399 nubes
796 2365 967 2409 tetigerit.
1027 2364 1108 2409 Quo
1147 2363 1371 2409 significant,
1405 2367 1558 2408 opinor,
1588 2366 1656 2399 etsi
1678 2363 1726 2399 ad

296 2427 475 2448 summum
510 2414 725 2459 prudentiae
753 2411 1073 2455 magnanimitatis·
1092 2414 1129 2442 et
1157 2411 1384 2444 fortitudinis
1417 2412 1558 2445 venerit
1582 2412 1726 2452 mulier,

295 2461 413 2494 nihilo
441 2463 559 2494 minus
575 2487 584 2501 ‚
609 2465 650 2492 ut
673 2463 800 2498 antea,
827 2467 903 2491 esse
928 2457 1136 2498 mulierem3
1160 2457 1229 2490 hoc
1256 2463 1310 2490 cst
1334 2458 1559 2491 naturalibus
1585 2464 1622 2492 et
1644 2469 1727 2491 mu-

295 2507 475 2540 liebribus
518 2505 769 2540 affectionibus
806 2503 999 2537 subditam.
1067 2502 1169 2547 Quae
1200 2503 1319 2537 omnia
1350 2515 1405 2536 me
1438 2505 1728 2538 reminiscentem

297 2554 482 2587 solicitant
506 2559 542 2586 et
566 2554 723 2585 animum
749 2557 844 2584 metu
870 2551 1045 2595 implent,
1066 2561 1136 2591 ne,
1172 2549 1313 2594 siquid,
1342 2555 1381 2582 ut
1407 2550 1583 2590 feminae,
1608 2551 1727 2595 impe-

298 2600 419 2634 ratrici
455 2599 644 2639 acciderit,
676 2610 750 2631 non
789 2609 852 2642 ego
878 2598 995 2630 solum
1011 2621 1020 2637 ‚
1045 2596 1108 2629 sed
1135 2601 1172 2630 et
1195 2597 1344 2629 Romani
1372 2608 1494 2631 omnes
1519 2598 1640 2630 multis
1665 2598 1727 2631 in-

296 2647 412 2680 voluti
446 2647 570 2686 malis,
609 2648 777 2680 extremis
814 2645 982 2689 periculis
1022 2645 1350 2678 circumveniamur.
1412 2645 1533 2689 Quare
1570 2644 1727 2688 primum

298 2693 444 2739 quidem
478 2693 573 2726 ultro
610 2694 863 2736 praestitorum
898 2692 966 2725 tibi
1003 2702 1022 2723 a
1062 2701 1118 2724 me
1155 2691 1414 2724 beneficiorum
1451 2696 1486 2724 te
1525 2689 1722 2722 admoneo:

296 2750 363 2772 nec
396 2746 433 2773 te
468 2739 621 2773 oblitum
655 2745 764 2784 puto,
789 2737 1088 2783 quemadmodum
1113 2736 1159 2769 ad
1182 2737 1251 2769 hoc
1275 2737 1410 2781 gloriae
1435 2741 1472 2769 et
1495 2735 1642 2769 honoris
1666 2734 1724 2768 fa-

297 2787 441 2833 stigium
482 2793 629 2833 propter
664 2787 863 2821 amicitiam
900 2790 1058 2823 nostram
1099 2784 1329 2830 studiumque
1370 2782 1586 2829 perveneris.
1643 2780 1725 2818 Non
