1820 3138
267 165 381 231 420
792 162 1163 217 CANTAcanm

71 296 107 330 Α,
126 295 163 329 c,
180 280 346 339 ,343γὰρ
374 281 564 332 τέτταρες
591 273 664 316 καί
684 272 814 316 εἴκοσι
833 272 1063 316 Λατινικαί
1088 271 1131 313 ἔκ
1159 286 1201 313 τε
1214 269 1385 313 Ῥοδίων
1401 273 1477 312 καί
1488 280 1608 312 τινων
1623 287 1705 315 πα-·

267 344 607 400 ρεσκευαομέναι,
639 340 898 381 ἐπέπλευσαν
921 340 972 395 τῇ
990 337 1159 393 Σμύρνῃ
1191 337 1264 377 καί
1292 335 1338 376 τὸ
1367 333 1467 390 πρὸς
1488 337 1545 393 τῷ
1571 338 1706 389 λιμένι

267 407 473 467 φρούριον
494 403 618 459 εἶλον,
648 406 720 446 καί
740 405 843 453 ναῦς
867 406 1099 459 ἐνέπρησαν
1126 403 1201 442 οὐκ
1221 401 1358 455 ὀλίγας
1381 400 1609 455 Περσικάς.
1635 401 1706 442 'A-

264 474 376 529 μοὺρ
401 476 447 515 δὲ
468 471 616 526 παρών
636 473 709 512 καί
734 467 1004 523 ἀμυνόμενος,
1034 468 1091 516 ὦς
1109 468 1292 520 μάλιστα
1312 468 1431 520 ἐνῆν,
1462 466 1538 506 οὐκ
1556 465 1706 518 ἴσχυσε

267 541 557 595 περιγενέσθαι
576 537 648 591 τῆς
664 538 892 589 Λατινικῆς
914 532 1140 586 δυνάμεως.
1175 527 1278 586 ἄχρι
1296 530 1375 586 γάρ
1406 530 1500 573 νυνί
1513 531 1584 571 ὑπ’
1603 532 1734 572 ἐκεί-5

267 623 348 648 νων
367 603 388 646 ὃ
409 601 601 658 Σμύρνης
627 601 767 655 ἔχεται
790 599 926 655 λιμήν.
956 599 1069 653 ἔλεγε
1092 600 1136 640 δὲ
1155 597 1176 638 ὁ
1200 596 1412 650 βασιλεύς,
1440 597 1510 650 ὥς,
1532 600 1573 639 εἰ
1588 598 1708 638 συνέ-

268 675 410 726 βαινεν
426 667 588 723 Ἀμούρ
612 666 718 708 κατὰ
735 665 809 720 τὴν
829 665 997 722 Θρᾴκην
1018 664 1301 718 διατρίβοντος
1320 661 1477 704 ἁλῶναι
1498 660 1708 717 Σμύρναν,

270 734 346 777 οὔκ
367 732 497 783 αὐτὸς
513 731 652 786 μόνον,
673 730 778 772 ἀλλὰ
797 730 1029 778 καῖπάντες
1051 725 1266 783 ἄνθρωποι
1286 731 1360 782 τῆς
1385 730 1444 776 εἰς
1463 730 1639 780 βασιλέα
1667 729 1710 768 ἓ-

269 817 366 843 νεκα
390 800 554 847 ειῖνοιάς
573 796 646 852 τὴν
675 794 792 838 πόλιν
813 793 974 849 Ἀμούρ
1006 793 1310 835 ἀπολωλεκέναι
1339 790 1391 835 ἂν
1419 792 1710 834 ὑπώπτευσαν.

225 876 257 909 D
273 868 366 908 νυνί
380 868 425 907 δὲ
447 866 603 906 ἐκείνου
617 861 721 916 μετὰ
743 864 814 916 τῆς
835 863 1032 915 στρατιᾶς
1052 859 1368 914 ἑκεΐπαρόντος,
1383 860 1590 913 μηδεμίαν
1610 857 1768 913 πρὸςῐο
1811 892 1813 894 .

271 930 401 973 αὕτὸν
447 929 588 971 αἰτίαν
619 925 728 970 εἶναι
768 929 841 981 τῆς
879 925 1089 974 ἁλώσεως.
1161 926 1218 966 δι’
1257 922 1285 965 ἃ
1329 923 1484 973 πολλὰς
1513 924 1714 965 α’πεδίδου

252 998 356 1052 Υθεῷ’
383 995 654 1050 εὐχαριστίας
684 993 756 1047 τῆς
784 991 882 1047 περί
911 990 1039 1033 αὐτὸν
1066 990 1332 1045 κηδεμονίας,
1363 986 1424 1031 ὅτι
1452 993 1523 1032 καί
1549 986 1578 1030 οἳ
1607 991 1724 1030 δοκεῖ

272 1063 517 1114 συμβαίνειν
555 1060 765 1114 δυσχερῆ,
807 1057 913 1113 πρὸς
952 1055 998 1098 τὸ
1044 1057 1284 1097 λυσιτελοῦν
1325 1051 1501 1110 ὕστερον
1549 1053 1717 1096 ἀποδεί-

132 1139 257 1184 v.469
271 1141 420 1167 κνυται
450 1121 790 1176 οἰκονομούμενα.
845 1121 951 1163 ἀλλὰ
982 1123 1114 1162 ταῦτα
1140 1122 1217 1173 μὲν
1244 1120 1367 1178 ὀλίγῳ
1396 1118 1585 1176 ὕστερον.
1623 1118 1719 1161 τότε

273 1193 320 1232 δὲ
341 1189 496 1245 Ἀμούρ
527 1186 893 1242 ἀναχωρήσαντος,
922 1183 1055 1235 εὗθύς
1083 1186 1164 1226 ὑπὸ
1194 1185 1358 1227 πάντων
1385 1187 1467 1227 τῶν
1495 1185 1768 1239 περιοίκωνιό

272 1254 451 1308 πόλεμος
498 1254 630 1302 δεινὸς
666 1255 843 1305 βασιλέα
882 1253 1141 1306 περιίστατο.
1213 1247 1297 1302 δ’,τε
1340 1249 1418 1305 γάρ
1451 1249 1635 1304 -Κράλης
1665 1248 1710 1291 τὸ

274 1319 495 1376 κράτιστον
523 1313 636 1370 ἄγων
663 1320 738 1372 τῆς
779 1318 933 1364 οἰκείας
967 1318 1167 1371 στρατιᾶς
1209 1311 1312 1370 ἄχρι
1340 1318 1508 1368 Ζιχνῶν
1535 1311 1714 1371 ἆφῑκτο,

272 1386 438 1440 γνώμην
467 1382 590 1437 ἔχων,
620 1382 677 1431 ώς
705 1382 811 1423 κατὰ
848 1383 1013 1437 Θρᾴκην
1041 1379 1342 1434 ἐπιθησόμενος
1368 1385 1545 1433 βασιλεῖ’.
1593 1381 1665 1422 καί
1691 1376 1714 1419 ὅ

278 1454 362 1493 τῶν
403 1451 572 1491 Μυσῶν
608 1445 805 1501 βασιλεὺς
837 1443 1112 1501 Ἀλέξανδρος
1151 1441 1248 1500 ἧκεν
1287 1445 1358 1487 ἐπὶ
1389 1444 1588 1499 Στίλβνον
1617 1462 1721 1488 παν-

158 1517 458 1571 Ρ.585στρατιᾷ
475 1546 487 1568 ,
520 1513 799 1569 Παλαιολόγῳ
829 1514 886 1569 τῷ
914 1514 993 1567 νέῳ
1021 1511 1314 1566 συμμαχήσων
1341 1515 1529 1565 βασιλεῖ,
1572 1508 1769 1567 αἵσπεραο

277 1576 331 1635 ἦν
358 1579 658 1632 ὑπεσχημένος.
727 1577 994 1632 πατριάρχης
1018 1592 1061 1617 τε
1082 1574 1301 1630 ἐκκλησίαν
1329 1576 1408 1618 ἀπὸ
1440 1577 1602 1619 πάντων
1629 1581 1720 1619 Βυ-

280 1645 458 1696 ζαντίων
499 1642 774 1698 ποιησάμενος
814 1642 886 1683 καί
916 1640 1048 1682 πολλὰ
1092 1644 1444 1696 Καντακουζηνοῦ
1484 1645 1560 1684 τοῦ
1597 1646 1720 1696 βασι-

281 1712 385 1759 λέως
426 1709 754 1761 καθαψάμενος,
799 1707 857 1756 ὥς
898 1707 1054 1756 ἀδίκως
1091 1709 1164 1748 καί
1189 1705 1442 1764 παρανόμως
1466 1712 1552 1756 τοῖς
1578 1709 1721 1750 παισίν
1759 1707 1762 1709 Α

382 1804 431 1837 '9·
456 1792 648 1828 Στίλπνον
672 1792 707 1827 Ρ.

287 1873 366 1905 visa
399 1875 454 1904 est
470 1896 480 1911 ,
516 1881 610 1917 quae
642 1875 764 1905 tamen
789 1872 866 1915 ipsa
892 1871 1120 1916 postmodum
1137 1897 1146 1912 ‚
1188 1884 1296 1918 quam
1336 1874 1366 1906 is
1391 1873 1467 1906 Deo
1493 1884 1597 1906 curae
1622 1877 1726 1912 esset,

291 1929 367 1951 non
402 1918 473 1951 levi
511 1918 727 1950 documento
765 1918 847 1955 fuit,
892 1917 1071 1951 Triremes
1106 1929 1263 1965 namque
1289 1925 1443 1966 quatuor
1467 1931 1573 1964 supra
1598 1920 1727 1964 viginti

293 1964 445 1997 Latinae
480 1973 559 1996 cum
597 1964 817 1997 Rhodiorum
843 1969 880 1998 et
904 1965 1057 1997 aliorum
1095 1964 1320 2011 quorundam
1379 1966 1574 1999 instructae
1610 1967 1728 2009 Smyr-

292 2020 378 2043 nam
406 2009 691 2054 adnavigarunt‚
730 2011 991 2055 castellumque
1030 2011 1067 2045 in
1093 2018 1199 2056 portu
1225 2018 1396 2057 ceperunt
1420 2018 1456 2046 et
1480 2023 1586 2045 naves
1610 2012 1728 2045 Persi-

293 2066 352 2089 cas
383 2057 584 2101 complures
619 2062 843 2090 exusserunt.
905 2057 1072 2090 Amurius
1110 2069 1277 2103 praesens
1301 2068 1342 2091 ac
1365 2059 1450 2092 totis
1476 2059 1613 2092 viribus
1640 2069 1730 2103 pro-

292 2112 477 2147 pugnans,
521 2102 670 2136 Latinos
705 2103 887 2147 depellere
922 2104 1111 2148 nequivit,
1159 2105 1223 2150 qui
1258 2115 1371 2149 usque
1409 2104 1519 2137 hodie
1554 2106 1728 2148 Smyrnae

293 2154 441 2193 portum
478 2148 657 2182 obtinent.
715 2149 846 2182 Aiebat
881 2154 1002 2181 autem
1032 2150 1249 2194 imperator,
1283 2152 1313 2183 si
1340 2151 1487 2184 Amurio
1512 2151 1550 2184 in
1574 2150 1728 2185 Thracia

295 2198 462 2228 versante
485 2195 672 2238 Smyrnam
699 2196 864 2239 occupari
896 2196 1128 2239 contigisset,
1152 2207 1225 2229 non
1253 2202 1367 2229 semet
1389 2198 1650 2238 tantummodo,
1665 2196 1730 2230 sed

297 2252 422 2274 omnes
459 2241 628 2274 mortales
664 2241 849 2274 Amurium
873 2252 959 2286 prae
982 2242 1094 2275 nimio
1120 2252 1200 2287 erga
1233 2243 1483 2288 imperatorem
1508 2255 1628 2278 amore
1653 2254 1731 2278 eam

296 2286 501 2332 perdidisse
535 2288 778 2332 suspicaturos
816 2288 939 2324 fuisse.
986 2288 1089 2321 Nunc
1113 2288 1281 2332 quoniam
1311 2289 1389 2333 ipse
1415 2301 1493 2324 cum
1518 2292 1592 2324 suis
1617 2290 1730 2334 copiis

298 2337 442 2378 praesto
481 2333 614 2374 fuerit,
652 2334 788 2367 nullam
824 2345 863 2367 se
889 2339 1015 2378 captae
1040 2334 1196 2367 civitatis
1223 2336 1364 2380 culpam
1390 2338 1579 2371 sustinere.
1627 2335 1732 2381 Quo-

300 2379 395 2412 circa
436 2379 514 2412 Deo
554 2386 722 2424 expertae
765 2380 1026 2425 procurationis
1069 2381 1197 2424 gratias
1239 2382 1438 2427 singulares
1470 2381 1620 2428 agebat,
1692 2383 1732 2416 ui

301 2425 412 2458 etiam
453 2435 547 2471 quae
583 2426 732 2459 molesta
762 2432 872 2472 atque
912 2426 1036 2459 odiosa
1063 2425 1230 2460 videntur
1270 2428 1453 2470 accidere,
1495 2435 1657 2474 tempore
1694 2439 1732 2462 a-

301 2469 412 2503 bente
445 2471 492 2504 ad
535 2472 730 2506 utilitatem
762 2473 959 2506 constituta
1005 2476 1041 2505 et
1074 2472 1323 2508 administrata
1356 2475 1466 2509 fuisse
1499 2475 1731 2509 demonstrat..

302 2516 374 2549 Sed
410 2516 456 2550 de
483 2516 540 2550 his
564 2519 673 2562 paulo
697 2523 780 2564 post
803 2518 971 2552 dicemus.
1010 2518 1091 2552 Post
1114 2517 1306 2554 discessum
1331 2521 1470 2556 Amurii
1493 2521 1537 2555 ab
1563 2519 1731 2554 omnibus

302 2562 467 2595 finitimis
495 2565 590 2608 gravi
615 2569 651 2597 et
673 2565 877 2609 periculoso
901 2564 1000 2598 b‘ello
1026 2570 1180 2608 urgetur.
1230 2567 1320 2599 Nam
1346 2568 1466 2602 Crales
1490 2579 1568 2601 cum
1600 2567 1731 2601 robore

302 2608 478 2641 exercitus
505 2611 560 2642 sui
582 2610 728 2644 Zichnas
754 2620 870 2655 usque
893 2620 1097 2655 progressus
1122 2616 1176 2643 est
1210 2623 1252 2646 eo
1285 2615 1460 2654 consilio,
1501 2619 1540 2647 ut
1575 2624 1654 2646 eum
1692 2613 1732 2645 in

302 2653 456 2687 Thracia
485 2655 706 2697 adoriretur,
732 2663 768 2690 et
792 2657 995 2690 Moesorum
1022 2667 1083 2690 rex
1113 2656 1333 2700 Alexander,
1359 2660 1537 2706 quidquid
1572 2658 1730 2692 habebat

302 2701 498 2743 copiarum,
525 2702 706 2736 Stilhnum
731 2702 894 2743 adduxit,
919 2703 1124 2744 Palaeologo
1151 2704 1270 2739 iuveni
1299 2707 1536 2752 imperatori,
1564 2704 1602 2737 id
1627 2704 1728 2751 quod

302 2745 567 2792 spoponderat,
606 2749 742 2784 auxilio
778 2749 927 2783 futurus.
988 2750 1191 2784 Patriarcha
1227 2757 1493 2794 autem,vocato
1517 2753 1557 2786 in
1581 2752 1728 2786 concio-
