1800 3132
281 154 392 228 298
470 191 472 194 -
821 175 1196 219 CANTAcuzmi

80 276 162 311 ΔΕ.
178 279 332 326 134210,
361 274 515 316 ἐκεῖνον
546 273 724 328 οἰόμενοι
754 275 1008 332 δυνήσεσθαι
1034 277 1108 327 τὰς
1126 276 1417 334 κατασχούσας
1436 278 1602 335 στήσειν
1618 297 1727 336 συμ-

140 341 261 390 V.4·3
278 341 436 394 φοράς·
494 339 534 382 οἱ
565 343 690 396 δῆμοι
719 343 779 396 δὲ,
810 346 892 387 τῶν
918 347 1180 387 στασιαστῶν
1208 344 1462 400 ἐναγόντων,
1491 344 1552 398 οἷς
1579 349 1625 390 ἐκ
1650 350 1729 392 τοῦ

274 407 456 459 πολέμου
495 404 547 448 τά
587 403 741 462 ἑτέρων
780 406 927 462 ἔχουσι
963 413 1158 451 πλουτεῖν
1199 411 1316 465 ἐνῆν,
1346 410 1450 466 πρός
1476 428 1519 454 τε
1546 416 1724 469 βασιλέα

273 470 623 526 Καντακουζηνὸν
658 472 732 515 καί
756 472 852 523 τούς
877 477 976 530 παρ’
1003 474 1190 524 ἑκάστοις
1218 475 1419 527 δυνατοὺς
1448 476 1602 530 ὁμοίως
1627 481 1724 521 ἐπο-

271 538 428 588 λέμουν
462 538 539 579 καί
555 537 686 580 πολλά
708 538 942 582 διετίθεσαν
962 538 1084 593 κακά,
1112 541 1164 580 οὔ
1183 541 1311 593 μόνον
1342 540 1412 591 τὰς
1432 544 1582 593 ου’σίας
1601 537 1748 600 διαρ-5

273 600 476 653 πιέζοντες
516 604 589 645 καί
642 602 940 659 ἀπορωτάτους
981 606 1027 647 ἐκ
1074 605 1283 648 πλουσίων
1320 606 1635 660 ἀποδεικνύντες
1674 610 1722 652 ἐν

271 670 350 725 μιᾷ
378 670 530 724 καιροῦ
559 668 698 726 ῥοπῇ,
729 669 833 712 α’λλά
863 670 936 712 καί
966 672 1264 726 δεσμωτηρίοις
1303 676 1609 723 κατακλείοντες
1647 673 1722 716 καί

271 729 403 789 ἄλλην
429 736 570 776 πᾶσαν
599 737 659 783 εἰς
688 734 837 785 αὐτοὺς
873 735 1058 778 κάκωσιν
1097 736 1442 791 ἐπιδεικνύμενοι.
1496 740 1540 781 οἳ
1564 754 1609 781 τε
1638 737 1719 789 τάς

267 795 409 854 ἀρχάς
446 803 531 842 ταῖν
574 800 732 843 πόλεων
759 803 1126 858 ἐπιτετραμμένοι,
1170 807 1255 852 τοῖς
1279 805 1366 845 τῶν
1402 799 1510 846 ὅλων
1537 799 1718 859 ἄρχουσι

230 863 530 919 Βπραγμάτων
556 863 742 919 μάλιστα
769 867 1074 921 ἑξομοιούμενοι
1090 900 1103 922 ‚
1131 868 1371 911 κολαστικοί
1388 884 1494 918 τινες
1520 870 1594 910 καί
1620 869 1774 924 dvij-10

263 946 389 984 μεροι
414 933 487 972 καί
512 931 739 987 θηριώδεις
765 934 1084 989 ἐφιλοτιμοῦντο
1118 930 1236 977 εἶναι.
1287 934 1436 976 ἐκεῖνοι
1461 932 1542 990 γὰρ
1571 936 1632 984 εἰς
1647 949 1719 977 το-

266 998 416 1038 σοῦτον
442 995 654 1052 ὠμότητος
683 1000 912 1055 προῆλθον,
941 997 998 1048 ὥς
1025 994 1178 1049 ἄλλους
1203 1014 1249 1041 τε
1283 997 1462 1049 πολλοὺς
1490 996 1718 1055 ἀπανθρώ-

266 1077 355 1110 πως
373 1060 717 1118 τιμωρήσασθαι,
743 1065 818 1106 καί
842 1061 1139 1120 Πατρικιώτην
1166 1071 1259 1114 ταῖς
1281 1063 1483 1119 βασάνοις
1506 1067 1716 1107 ἐναποθα-

266 1134 353 1168 νεῖν
379 1129 500 1170 ἐᾶσαι
530 1127 776 1178 καλλωδίοις
811 1130 1095 1185 ἐξηρτημένον.
1151 1131 1337 1186 Σιδηρᾶν
1364 1131 1410 1173 δὲ
1436 1133 1545 1184 μετὰ
1571 1127 1618 1172 τὸ
1645 1131 1713 1173 αι’-

266 1195 470 1235 κίσασθαι
508 1196 636 1249 μέχρι
664 1190 820 1236 ἄπνουν
846 1191 953 1237 εἶναι
962 1228 976 1248 ,
1008 1194 1190 1252 ζοφώδει
1217 1194 1303 1238 τινί
1324 1194 1591 1253 δεσμωτηρίῳ
1619 1191 1768 1238 ἕνα-15

264 1258 483 1313 πέρ’ῥιψαν
509 1259 690 1314 γυμνὸν,
719 1256 786 1302 οἷα
816 1259 864 1316 δη
897 1259 1052 1316 νεκρὸν,
1083 1262 1180 1303 ου’δὲ
1209 1259 1328 1311 ὁσίας
1353 1259 1611 1312 ἀξιώσαντες.
1666 1257 1715 1304 ὃν

264 1319 399 1372 οὕτως
426 1320 581 1366 ἄπνουν
609 1324 918 1380 α’περῥιμμένον
946 1327 1021 1368 ἐπί
1055 1342 1168 1376 τινας
1194 1325 1371 1382 ἡμέρας,
1413 1328 1497 1368 τῶν
1527 1328 1713 1382 Περσῶν

263 1404 326 1437 τις
363 1387 618 1445 δοριάλωτος
657 1393 755 1448 θεία
791 1393 965 1450 προνοίᾳ
997 1393 1053 1450 τῷ
1080 1391 1346 1449 δεσμωτηρίῳ
1373 1392 1513 1450 ἐκείνῳ
1539 1394 1712 1447 καθειρ-

261 1454 405 1507 χθεὶς,
434 1457 630 1510 προνοίας
656 1472 699 1497 τε
730 1457 901 1512 ἠξίωσεν
929 1458 982 1498 ου’
1008 1459 1082 1512 τῆς
1108 1457 1318 1511 τυχούσης
1342 1456 1416 1497 καί
1439 1459 1522 1498 τῶν
1547 1459 1710 1499 πολλῶν

138 1519 435 1564 Ρ-5Ι4ιὲκείνων
477 1520 730 1576 ἀνεκτήσατο
769 1523 987 1575 αἰκισμῶν.
1051 1520 1128 1578 την
1156 1521 1304 1575 ὁμοίαν
1331 1523 1378 1564 δὲ
1405 1520 1427 1564 ὃ
1453 1520 1764 1577 δοριάλωτοςῖθ

262 1588 415 1635 ἐκεῖνος
453 1585 653 1641 πρόνοιαν
691 1585 764 1628 καὶ
790 1585 893 1642 πρὸς
920 1586 1163 1643 Συναδηνὴν
1188 1588 1452 1640 ἐπεδείξατο,
1481 1586 1709 1644 ἀπανθρώ-

261 1667 352 1700 πως
376 1651 564 1707 κάκείνην
594 1653 855 1694 αἰκισθεῖσαν
882 1652 1005 1707 ἐγγύς
1031 1650 1221 1695 θανάτου
1250 1654 1323 1694 καί
1339 1650 1496 1708 γυμνὴν
1524 1654 1584 1703 εἰς
1602 1653 1708 1695 ἐκεῖ·

262 1732 309 1760 νο
335 1715 380 1759 τό
408 1713 688 1772 δεσμωτήριον
717 1717 1043 1775 (ἔπορ’ῥιφεῖσαν.
1095 1719 1200 1760 πᾶσι
1223 1719 1272 1761 δὲ
1297 1712 1349 1773 ἦν
1375 1716 1557 1772 ἔγκλημα
1580 1716 1607 1772 ἦ
1633 1732 1705 1758 πε-

262 1785 310 1839 ρὶ
339 1784 517 1837 βασιλέα
559 1781 632 1825 τὸν
661 1782 1011 1839 Καντακουζηνόν
1037 1785 1219 1841 προτέρα
1247 1778 1389 1826 εἷὲνοια
1425 1783 1499 1824 καί
1524 1781 1570 1824 τὸ
1594 1783 1704 1839 χρή·
1748 1836 1759 1845 .

261 1945 437 1974 tacuzeno
474 1939 693 1981 studebant,
725 1940 830 1974 illum
866 1940 1103 1974 incommodis
1142 1939 1279 1974 mederi
1301 1950 1406 1985 posse
1431 1939 1701 1974 existimantes:

259 1993 299 2021 at
331 1987 436 2032 plebs
471 1987 628 2030 impulsu
673 1985 955 2027 seditiosorum,
1001 1988 1134 2034 quibus
1172 1986 1271 2020 bello
1306 1986 1427 2019 aliena
1454 1985 1702 2019 involantibus

259 2034 437 2067 ditescere
471 2033 619 2073 licebat,
657 2033 905 2066 Cautacuzeuo
946 2037 983 2066 et
1018 2032 1255 2080 optimatibus
1280 2034 1416 2076 pariter
1439 2030 1701 2066 adversabatur

261 2081 383 2125 iisque
409 2079 532 2112 multis
559 2079 673 2112 modis
696 2079 1014 2120 incommodabat,
1041 2091 1116 2113 non
1139 2080 1254 2112 solum
1280 2078 1468 2111 facultates
1489 2077 1697 2123 diripiendo

261 2133 300 2160 et
327 2139 398 2160 uno
426 2131 609 2158 momento
634 2136 677 2158 ex
708 2126 884 2159 divitibus
911 2127 1159 2170 pauperrimos
1189 2125 1393 2164 efficiendo,
1418 2125 1482 2159 sed
1510 2130 1546 2157 ct
1578 2135 1698 2158 carce-

261 2172 362 2206 ribus
401 2172 620 2206 includendo
665 2178 702 2205 et
742 2183 848 2206 omne
884 2183 996 2216 genus
1027 2172 1227 2208 vexationis
1270 2171 1308 2204 in
1343 2170 1427 2203 illos
1463 2170 1698 2205 conserendo.

260 2219 405 2264 Quibus
443 2229 528 2252 vero
564 2218 708 2251 urbium
753 2220 1001 2264 praefecturae
1042 2218 1249 2253 commissae
1286 2223 1409 2258 erant,
1447 2216 1696 2251 lii-summum

260 2267 453 2310 imperium
478 2264 698 2298 habentibus
724 2277 831 2310 quam
856 2266 1052 2306 simillimi,
1092 2265 1184 2298 feros
1210 2274 1286 2296 sese
1320 2264 1503 2297 carnifices
1537 2269 1695 2308 praesta-

259 2312 351 2345 bant
385 2317 422 2345 et
457 2311 495 2345 in
528 2310 684 2344 humana
721 2313 831 2357 figura
856 2311 1056 2346 belluarum
1087 2311 1346 2344 immanitatem
1372 2309 1596 2343 exercebant.
1645 2309 1696 2344 Eo

259 2368 417 2404 namque
452 2358 622 2391 saevitiae
657 2359 833 2401 progressi
859 2364 964 2399 sunt,
996 2363 1037 2390 ut
1061 2362 1202 2402 praeter
1228 2356 1319 2390 alios
1344 2357 1544 2402 complures
1569 2355 1695 2389 crude-

261 2406 346 2438 liter
384 2405 530 2449 punitos
576 2405 682 2438 etiam
734 2405 960 2439 Patriciotam
989 2404 1163 2436 funiculis
1188 2414 1419 2446 suspensum,
1444 2403 1482 2436 in
1507 2403 1695 2436 tormentis

259 2451 350 2483 mori
376 2451 537 2484 siverint.
587 2451 753 2484 Siderum
778 2456 898 2484 autem
921 2461 1034 2496 usque
1059 2448 1104 2482 ad
1129 2448 1369 2482 defectionem
1398 2450 1541 2482 animae
1570 2448 1697 2481 verbe·

259 2497 359 2529 ribus
386 2498 532 2541 indigne
558 2504 759 2538 contusum,
781 2499 820 2530 in
844 2496 1106 2530 tenebricosum
1133 2495 1323 2540 quemdam
1352 2506 1524 2529 carcerem
1545 2493 1696 2536 nudum,

257 2544 358 2575 velut
381 2550 574 2582 mortuum,
596 2545 696 2577 nulla
725 2544 918 2577 cerimonia
944 2545 1182 2587 proiecerunt.
1209 2541 1325 2585 Quem
1352 2543 1404 2575 sic
1428 2543 1540 2574 instar
1567 2541 1691 2574 exani-

258 2590 326 2621 mis
350 2588 395 2621 ad
423 2590 500 2622 dies
529 2591 669 2636 aliquot
693 2591 870 2624 iacentem
908 2589 1009 2622 Persa
1036 2588 1182 2634 quidam
1211 2587 1307 2622 bello
1346 2593 1469 2633 captus
1496 2593 1534 2621 et
1557 2586 1691 2620 ‹livini-

259 2641 318 2668 tus
345 2635 408 2667 illo
434 2647 572 2668 carcere
599 2637 789 2676 detentus,
814 2647 886 2669 non
911 2636 1046 2678 vulgari
1072 2646 1153 2668 cura
1181 2645 1224 2667 cx
1251 2635 1373 2668 multis
1398 2634 1472 2667 illis
1494 2634 1607 2678 plagis
1633 2644 1689 2666 rr>-

259 2682 393 2713 crcavit
452 2681 570 2713 Parem
598 2694 716 2715 curam
746 2682 841 2716 idem
869 2682 1028 2726 captivus
1054 2682 1091 2714 in
1118 2680 1366 2724 Synadenam,
1402 2681 1514 2726 ipsam
1540 2690 1688 2724 quoque

259 2727 503 2760 iuluuuanitcr
529 2729 571 2759 ad
594 2734 743 2761 mortem
767 2740 880 2772 paene
900 2728 1111 2771 flagellatam
1142 2732 1178 2760 et
1201 2728 1332 2760 nudam
1359 2729 1395 2760 in
1422 2726 1584 2760 cumdem
1610 2736 1687 2758 car-

260 2784 374 2809 cerem
400 2774 576 2807 detrusam
594 2800 601 2814 ,
628 2777 821 2819 usurpavit.
868 2775 1036 2809 Omnium
1063 2785 1247 2808 commuue
1274 2776 1408 2809 crimen
1442 2778 1516 2807 crat
1540 2773 1688 2817 antiqua
