1812 3132
490 186 869 231 nis'somARUM
912 194 983 233 111.
1011 196 1079 238 2¹.
1434 176 1536 231 133

93 289 167 331 καὶ
191 288 411 342 ἐλέγχους,
458 287 552 330 οὔδ’
591 288 693 331 αὐτὸ
721 292 839 333 τοῦτο
866 294 1099 348 βουλομένη
1127 294 1293 349 ἐννοεῖν,
1323 290 1387 338 ὅτι
1419 293 1730 352 offici-&Gaui

92 369 190 403 σαις
230 350 283 395 ἂν
318 354 609 410 διαφθαρεῖσα
648 354 746 410 πρὶν
781 357 841 405 εἰς
878 357 1015 399 ταῦτα
1054 355 1182 413 ἥκειν.
1236 358 1317 414 ἐγώ
1344 362 1424 413 μὲν
1451 358 1540 414 οὖν,

91 416 120 460 ἃ
147 419 221 461 καί
250 415 450 474 πρότερον
475 417 615 476 ἔφθην
643 419 770 463 εἰπών
785 455 798 474 ,
842 422 893 463 οὔ
920 424 993 476 τῆς
1019 426 1224 476 βασιλέως
1258 423 1390 479 μόνον
1415 427 1541 480 εὔμε-

89 484 205 533 νείας
240 485 533 538 μεμνημένος,
579 483 656 542 ὑφ’
692 480 743 527 οὗ
781 490 949 529 πολλαῖν
993 486 1223 543 α’πήλαυσα
1250 493 1325 534 καί
1347 489 1540 547 μεγάλων

68 544 456 603 5εὗεργετημάτων,
495 549 603 593 ἄλλα
630 550 704 593 καί
726 554 801 607 τῆς
828 553 930 607 σῆς,
977 548 1112 602 ἄλλως
1139 557 1183 595 θ’
1210 554 1277 598 ὅτι
1301 556 1377 598 καί
1401 555 1540 611 νόμων

89 615 231 656 anitii-'v
257 612 332 656 καὶ
355 613 529 657 δικαίων
555 619 912 672 προβεβλημένος,
950 621 1079 661 πᾶσιν
1108 618 1291 677 α’νάγκην
1317 620 1427 675 ἔχων
1453 629 1540 672 τοῖς

89 678 284 721 δπωσοῦν
321 680 611 734 α’δικουμένοις
645 685 923 739 συναίρεσθαι
965 683 1014 726 τά
1059 684 1248 740 δυνατά,
1294 686 1451 729 ἐκείνου
1491 703 1538 730 τε

89 740 333 800 α’πεσχόμην
366 747 443 800 τῆς
479 749 648 802 φιλίας,
687 744 813 790 ἄδικα
853 751 929 791 καί
964 749 1190 805 παράνομα
1219 753 1537 807 διανοηθέντος,

87 810 224 851 καίτοι
250 809 407 861 πολλᾶς
434 810 632 868 ἀφορμὰς
658 815 732 868 τῆς
757 815 815 863 εἰς
842 815 996 857 ἐκεῖνον
1027 816 1191 864 εὐνοίας
1220 817 1433 871 ἐσχηκώς,
1465 818 1541 860 καί

43 876 163 917 ιοσοί
185 873 239 917 τιὶ
268 879 566 920 λυσιτελοῦντα
593 878 952 933 συμβεβούλευκα,
982 879 1133 934 κύβον,
1165 878 1189 922 ὅ
1220 898 1349 938 φασι,
1378 880 1576 938 §fissas-‚B

90 941 166 982 καὶ
187 939 268 982 συν
293 939 396 995 ὑμῖν
423 939 616 994 ἑλόμενος
645 939 673 998 ἢ
704 946 777 1002 ζῇν
805 943 1035 999 νικώντων,
1075 940 1105 1000 ἢ
1145 945 1446 1002 ἀποθνήσκειν,
1486 943 1539 990 ἂν

89 1004 166 1060 τῆς
201 1006 391 1056 ἐναντίας
423 1009 655 1061 πειρᾶσθαι
690 1011 902 1067 συμβαίνῃ
944 1007 1089 1066 τύχης.
1154 1014 1350 1069 θειοτέρα
1379 1015 1426 1054 δέ
1453 1029 1538 1055 τινι

89 1069 165 1111 καὶ
190 1072 314 1113 τοῦδε
340 1070 548 1128 παρόντος
577 1072 684 1130 τύχῃ
702 1106 714 1127 ,
752 1071 799 1124 ὃς
826 1076 985 1117 ἐκείνου
1014 1092 1059 1118 τε
1089 1077 1165 1117 οὐκ
1192 1071 1244 1118 ἄν
1273 1093 1374 1119 ποτε
1404 1080 1539 1120 ἕλοιτο

89 1134 433 1189 καταψεύδεσθαι
463 1140 749 1190 συνοικοῦντος
789 1141 998 1197 θυγατρὶ,
1046 1142 1122 1183 καί
1157 1143 1226 1183 σοι’
1259 1141 1539 1196 βουλεύσαιτο

41 1199 141 1244 ιότὰ
169 1201 317 1244 δέοντα
355 1203 407 1244 οὔ
441 1200 566 1256 μόνον
603 1202 675 1245 διὰ
716 1206 801 1247 τῶν
834 1203 1092 1262 πραγμάτων
1118 1205 1194 1261 τήν
1221 1208 1441 1261 ἐμπειρίαν
1467 1210 1543 1250 καί

88 1262 168 1322 τήν
193 1263 382 1320 σύνεσιν,
413 1264 466 1324 ἢν
493 1267 514 1310 ὅ
542 1268 674 1318 πολύς
709 1266 824 1328 αὐτῷ
850 1273 926 1326 τῆς
951 1270 1115 1326 ἧλικίας
1139 1270 1292 1327 χρόνος
1320 1273 1413 1315 ε’στί
1438 1289 1540 1314 συν-

88 1330 280 1385 ειλοχὼς,
319 1331 427 1374 ἀλλὰ
463 1333 538 1375 καὶ
581 1332 659 1389 τὴν
697 1337 758 1384 εἰς
795 1339 974 1389 βασιλέα
1011 1339 1085 1378 καί
1116 1337 1213 1387 τοὺς
1252 1339 1408 1386 παῖδας
1441 1337 1541 1386 τοὺς

88 1395 247 1441 ἐκείνου
287 1392 456 1441 εὔνοιαν
483 1400 558 1441 καί
582 1401 723 1442 πίστιν
751 1395 903 1444 ἄδολον
932 1404 1004 1444 καί
1029 1402 1244 1459 καθαρὰν,
1286 1399 1402 1453 ἄξιον
1430 1416 1574 1451 πυν-(;

89 1459 299 1503 θάνεσθαι
335 1462 409 1505 καὶ
448 1465 676 1509 πείθεσθαι
710 1469 1012 1522 παραινοῦντι,
1059 1464 1184 1510 οὐδὲν
1227 1463 1398 1522 ἄδικον,
1445 1468 1540 1509 οὐδ’

37 1527 322 1583 αοέπισφαλὲς
356 1530 649 1587 βουλησομένῳ
689 1531 1036 1585 συμβουλεύειν.”
1103 1531 1283 1589 Ἀσάνης
1321 1536 1357 1576 δ’
1397 1530 1537 1587 ὥσπερ

93 1589 135 1633 οἶ
161 1593 207 1634 ἐν
230 1596 315 1641 τοᾷ
340 1600 552 1646 γυμνικοῖς
578 1590 735 1648 ἇγιὸσιν
757 1596 1078 1651 ἐφεδρεύοντες,
1115 1594 1219 1640 ὥστε
1259 1604 1343 1647 τοῖς
1369 1600 1539 1639 νικῶσιν

92 1652 216 1698 αὖτοί
239 1659 576 1711 συμπλέκεσθαι,
604 1658 711 1714 πρὸς
737 1658 838 1708 τούς
867 1658 1016 1714 λόγους
1045 1664 1436 1717 παρεσκευασμένος
1464 1659 1538 1714 ὢν,

93 1719 196 1776 »τὴν
218 1724 298 1774 μὲν
324 1722 455 1777 έμὴν”
486 1721 569 1779 ἔφη
607 1723 744 1779 ,,πρός
770 1723 838 1767 τὸν
865 1728 998 1779 μέγαν
1028 1727 1269 1779 δομέστικον
1295 1727 1540 1782 γνησιότητα

95 1785 168 1829 καί
184 1785 388 1843 πατρικὴν
406 1787 598 1844 στοργήν,
629 1786 679 1843 ἢν
697 1788 783 1843 ἔχω
812 1789 919 1846 πρὸς
946 1792 1115 1845 ἐκεῖνον,
1147 1794 1200 1848 τῇ
1232 1792 1407 1850 φιλτάτῃ
1437 1809 1540 1835 συν-

96 1942 254 1976 occisum
279 1943 324 1976 iri
349 1944 545 1989 perspicis,
571 1955 679 1990 quam
705 1945 751 1980 ad
775 1956 834 1980 eas
859 1947 1036 1982 veniatur.
1075 1947 1218 1992 Quare,
1242 1947 1282 1981 id
1306 1947 1406 1995 quod
1431 1949 1539 1982 etiam

95 1994 204 2022 antea
229 1988 327 2030 dixi,
350 2000 452 2024 meae
476 2001 557 2024 cum
583 1991 623 2024 in
651 1993 904 2037 imperatorem
919 2017 930 2035 ,
955 1995 1057 2027 cuius
1082 1995 1196 2027 multa
1221 2005 1337 2039 eaque
1357 1996 1540 2038 praeclara

96 2039 266 2069 constant
296 2037 336 2069 in
362 2047 420 2070 me
445 2036 583 2078 officia,
615 2043 692 2071 tum
717 2039 756 2072 in
780 2044 817 2074 te
842 2039 1121 2076 benevolentiae
1147 2051 1285 2074 memor
1307 2041 1415 2085 (adde
1440 2040 1542 2086 quod

98 2086 138 2116 et
170 2082 291 2126 legum
323 2093 364 2116 ac
395 2084 559 2118 iustitiae
593 2089 788 2129 patronus,
826 2086 1166 2131 quomodocumque
1201 2087 1373 2120 iniuriam
1402 2088 1542 2131 passis,

98 2133 275 2173 quantum
299 2128 339 2162 in
363 2140 420 2163 me
444 2134 519 2170 est,
556 2131 732 2175 opitulari
758 2141 904 2165 necesse
929 2133 1067 2179 habeo)
1095 2138 1132 2166 et
1156 2133 1201 2166 ab
1229 2133 1328 2166 illius
1352 2133 1513 2166 amicitia
1530 2158 1542 2174 ‚

97 2173 227 2218 iniqua
257 2174 472 2221 legibusque
506 2175 734 2210 adversantia
758 2179 994 2222 parturientis
1010 2204 1019 2218 ‚
1047 2181 1191 2213 tametsi
1216 2179 1339 2212 multis
1363 2190 1444 2211 eum
1469 2191 1541 2212 no-

97 2219 260 2254 minibus
283 2222 474 2266 complecti
498 2221 687 2263 deberem,
712 2234 769 2256 me
789 2224 931 2258 seiunxi
954 2225 1098 2270 tibique
1124 2225 1213 2258 utile
1238 2225 1430 2259 consilium
1455 2225 1542 2259 dedi

99 2271 139 2300 et
161 2270 203 2300 ut
226 2266 372 2308 dicunt,
394 2269 507 2301 aleam
535 2270 628 2310 ieci,
664 2270 850 2303 vobiscum
875 2277 1090 2315 praeoptans
1121 2277 1184 2304 aut
1207 2273 1327 2305 vivere
1346 2296 1356 2313 ‚
1385 2273 1417 2304 si
1441 2273 1542 2305 vice..

99 2312 201 2353 ritis,
241 2318 306 2346 aut
339 2314 511 2355 interire,
554 2316 586 2349 si
622 2317 662 2350 in
693 2316 914 2350 contrarium
947 2318 1094 2351 fortuna
1128 2317 1309 2351 ceciderit.
1358 2317 1467 2352 Porro
1503 2323 1541 2352 et

98 2357 199 2392 hunc
223 2358 347 2392 divina
372 2360 528 2405 quadam
555 2367 649 2396 sorte
680 2367 907 2406 praesentem
941 2364 1022 2409 (qui
1053 2374 1240 2409 nunquam
1269 2364 1308 2397 in
1340 2375 1447 2405 eum,
1481 2369 1542 2396 ut-

98 2410 188 2450 pote
218 2415 405 2450 generum,
441 2408 587 2441 mentiri
621 2408 734 2449 velit,
774 2409 919 2454 tibique
954 2421 1028 2445 non
1065 2415 1205 2444 tantum
1236 2414 1385 2455 propter
1420 2421 1541 2444 rerum

99 2462 206 2484 unum
246 2456 357 2496 atque
390 2453 641 2497 prudentiam,
682 2465 791 2501 quam
837 2455 872 2490 ei
909 2462 1006 2490 aetas
1039 2457 1238 2501 longinqua
1279 2457 1439 2502 peperit3
1475 2457 1541 2490 sed

98 2502 249 2542 propter
273 2507 350 2530 eam
376 2497 493 2532 nihilo
525 2500 668 2541 minus,
702 2512 775 2546 qua
802 2501 841 2534 in
873 2502 1124 2546 imperatorem
1155 2502 1228 2535 fuit
1262 2507 1299 2535 et
1333 2502 1372 2536 in
1403 2503 1542 2536 liberos

100 2543 224 2578 adhuc
264 2548 319 2576 est
357 2555 522 2588 germana
562 2547 775 2592 sinceraque
815 2548 965 2583 caritate
1006 2554 1043 2582 et
1077 2548 1173 2588 fide,
1209 2553 1305 2582 recte
1343 2550 1543 2594 consulet)

98 2595 312 2634 percontere
336 2590 423 2624 licet
448 2592 555 2637 eique
576 2592 822 2638 obtemperes;
846 2594 942 2628 nihil
967 2596 1063 2628 enim
1086 2596 1261 2640 iniquum⁴
1278 2595 1542 2640 periculosum-

100 2645 144 2667 ve
169 2646 336 2670 suasurus
361 2641 425 2669 est.
472 2639 606 2672 Asanes
640 2645 760 2673 autem
781 2641 959 2694 perinde,
997 2646 1037 2674 ut
1069 2640 1134 2686 qui
1164 2641 1203 2675 iu
1234 2642 1407 2685 gymnicis
1443 2641 1541 2675 ludis

100 2680 319 2722 subsidunt,
344 2694 418 2727 quo
441 2694 523 2716 cum
546 2685 745 2719 victoribus
779 2687 850 2731 ipsi
878 2697 1026 2732 quoque
1061 2686 1362 2732 congrediantur,
1398 2687 1444 2720 ad
1482 2687 1539 2719 di-

101 2727 253 2761 cendum
287 2729 501 2769 meditatus,
536 2730 653 2764 Meam
687 2731 854 2777 quidem,
901 2733 1046 2779 inquit,
1083 2733 1234 2777 patriam
1268 2739 1305 2767 et
1334 2744 1539 2778 germanam

101 2774 286 2813 caritatem
326 2785 407 2823 erga
452 2786 619 2822 magnum
662 2778 919 2821 domesticum,
967 2778 1170 2816 carissimae
1204 2780 1302 2815 filiae
1344 2781 1536 2819 maritum,
