1800 3132
301 195 411 269 370
789 206 1157 250 CANTAcUzEm

108 316 288 361 A.c.1343
304 313 379 352 δου
406 305 479 364 τὴν
510 309 792 362 διχοστασίαν.
847 309 937 349 ἐπεὶ
973 308 1019 348 δὲ
1055 307 1209 359 ἐγένετο
1248 306 1292 347 ἕν
1330 308 1574 360 Τριβαλοῖς,
1613 301 1723 346 οὕτω

301 374 460 422 πάντας
487 372 703 427 ἐξήρτησεν
729 369 883 413 ἑαυτοῦ
916 371 988 412 καί
1022 370 1225 424 τοσαύτην
1252 371 1515 420 ἑπεδειξαντο
1551 368 1628 424 τὴν
1653 365 1725 410 εὕ-

301 455 418 482 νοιαν
446 437 485 480 οἱ
515 439 688 479 δυνατοὶ
711 437 795 477 τῶν
821 437 1062 490 Τριβαλῶν,
1093 433 1150 482 αἱς
1178 436 1312 475 δοκεῖν
1331 434 1408 476 οὐκ
1435 433 1588 489 ἔπηλυν
1617 430 1726 475 εἶναι

302 507 374 546 καί
413 507 650 558 συμφοραῖς
684 498 948 556 χρησάμενον
987 499 1087 554 πρὸς
1127 495 1278 549 αὐτους
1316 505 1594 555 καταφυγεῖν,
1635 495 1726 540 ἀλλ’

302 571 348 611 ἐκ
386 567 579 625 πατρῴου
630 566 778 620 κλήρου
823 564 898 619 τήν
936 563 1072 619 α’ρχήν
1115 561 1226 618 αὐτῷ
1273 563 1497 618 προσήκειν
1536 565 1752 623 ἐκείνωνῤ

261 633 377 676 (1καί
403 630 546 680 πάντες
574 629 628 679 ὥς
661 629 838 686 δεσπότῃ
867 636 1084 682 προσεῖχον
1119 627 1192 669 καί
1218 627 1352 669 πάντα
1379 627 1578 683 ἔπραττον
1618 628 1725 682 ὑπὲρ

300 698 448 740 αὐτοῦ.
503 696 627 750 δῆλον
654 696 723 735 δέ·
775 693 846 734 καί
872 692 950 747 γάρ
990 691 1106 747 ἡμῶν
1143 693 1366 748 πρεσβείαν
1410 692 1482 734 καί
1505 689 1616 742 ἅπαξ
1655 690 1730 733 καὶ

300 764 366 811 δίς
393 759 494 816 πρὸς
525 758 678 807 αὕτοὺς
713 760 995 812 πεποιημένων
1046 755 1118 798 καὶ
1163 759 1326 798 πολλῶν
1361 757 1728 811 παραχωρούντων

301 826 459 867 πόλεων
498 821 602 878 ὑπὲρ
647 826 724 864 τοῦ
757 824 900 863 τοῦτον
939 822 1229 876 διαφθείρειν,
1264 820 1338 862 οὐκ
1375 822 1592 873 ἐδέξαντο,
1635 821 1725 863 ἀλλ’

300 888 437 945 ὥσπερ
483 891 528 931 ἐκ
565 889 829 942 συνθήματος
858 888 996 927 κοινοῦ
1023 885 1100 939 τήν
1130 886 1287 927 ἐκείνου
1316 887 1528 939 σωτηρίαν
1554 887 1628 927 τοῦ
1654 883 1780 940 τὴνιο

300 958 505 1011 σφετέραν
540 950 677 1002 αὔξειν
710 951 845 1006 ἀρχὴν
874 953 1126 1006 προείλοντο.
1183 952 1280 992 νυνί
1301 966 1346 991 τε
1368 949 1488 1007 ὀλίγῳ
1516 949 1730 1006 πρότερον,

299 1018 392 1061 ἐπεὶ
410 1017 674 1073 Βεῤῥοιαῖται
701 1017 969 1068 εἰσεδέξαντο,
999 1012 1131 1064 οὕτως
1153 1014 1305 1070 η’ύξητο
1336 1017 1381 1057 ἐν
1399 1013 1545 1071 »χρόνῳ
1563 1018 1730 1068 βραχεῖ,

299 1081 399 1126 ὥστ’
425 1083 465 1125 εἶ
488 1081 546 1137 μή
576 1080 628 1123 σύ
659 1080 956 1134 ἐπικαιρότατα
980 1079 1122 1134 ἐγένου
1152 1078 1256 1134 πρὸς
1301 1077 1412 1134 ἡμᾶς
1446 1080 1519 1120 καί
1543 1077 1621 1134 τήν
1651 1095 1730 1134 φο-

299 1148 380 1203 ρὰν
410 1148 649 1195 ἀνέστειλας
680 1149 754 1199 τῆς
780 1144 981 1199 εὐτυχίας
992 1178 1007 1198 ,
1048 1147 1209 1187 πολλῶν
1238 1138 1290 1186 ἂν
1326 1139 1377 1199 ἦν
1406 1145 1550 1199 κύριος
1576 1142 1732 1186 πόλεων

299 1208 404 1267 ἄχρι
432 1214 520 1255 νῦν.
577 1210 622 1252 αἱ
647 1209 724 1264 γὰρ
766 1208 869 1251 κατὰ
902 1208 979 1262 τὴν
1013 1207 1191 1264 ἑσπέραν
1227 1211 1360 1250 πᾶσαι
1394 1208 1578 1261 μάλιστα
1619 1207 1784 1266 mitrii&

300 1277 584 1331 προσέχουσι,
623 1277 695 1315 καί
720 1276 794 1315 νῦν
834 1275 912 1325 μὲν
947 1275 1155 1315 Θετταλία
1182 1276 1225 1315 τέ
1261 1275 1373 1314 ἐστιν
1400 1269 1513 1330 mitrii
1551 1272 1731 1327 ὑπήκοος

299 1342 373 1382 καί
401 1341 445 1382 αἱ
472 1342 569 1394 περὶ
590 1339 805 1394 Βέρῥοιαν
833 1340 1026 1391 πολίχναι
1055 1337 1127 1379 καί
1146 1336 1196 1379 τά
1226 1338 1423 1393 φρούρια.
1451 1334 1503 1379 ἂν
1539 1339 1579 1379 δ’
1607 1337 1732 1386 αὐτός

267 1402 377 1448 Βῦπ’
404 1403 582 1458 ἀνάγκης
612 1400 915 1457 οἷναχωρήσῃς,
947 1405 1104 1458 (μένειν
1132 1401 1211 1458 γάρ
1246 1402 1271 1455 ἡ
1305 1400 1466 1456 δαπάνη
1505 1402 1580 1443 οὐκ
1615 1404 1731 1444 ἐάσει

297 1471 602 1524 ἑπιπλεῖστον,)
642 1465 894 1520 Ἀκαρνανία
934 1466 1070 1521 ῥᾷστα
1115 1464 1405 1520 προσχωρήσει
1442 1467 1516 1507 καί
1557 1467 1582 1522 ἦ
1625 1463 1730 1522 ἄλλη

300 1529 486 1587 ἤπειρος.
539 1531 670 1575 πάλαι
708 1529 787 1585 γὰρ
827 1531 1129 1585 προσδέχονται
1169 1529 1299 1571 αὐτοῦ
1336 1529 1411 1584 τήν
1449 1527 1613 1587 ἄφιξιν,
1659 1533 1783 1574 maizo

175 1607 298 1653 v.446
312 1596 465 1652 πολλὴν
495 1594 539 1637 αἱ
565 1597 663 1650 περὶ
689 1594 816 1637 αὐτὸν
843 1596 1122 1637 ἐνδείκνυνται
1148 1594 1225 1650 τὴν
1252 1590 1438 1648 εὔνοιαν,
1471 1592 1607 1651 ὥσπερ
1635 1591 1730 1639 οἶδα

299 1664 450 1717 σαφῶς
493 1659 621 1708 αὐτὸς
657 1658 788 1701 πολὺν
820 1663 918 1715 παρ’
955 1661 1124 1710 ἐκείνοις
1163 1661 1388 1715 διατρίψας
1426 1660 1590 1716 χρόνον.
1644 1658 1728 1702 εἴτε

301 1727 379 1779 μὲν
407 1720 480 1766 οὖν
497 1726 634 1781 ἐκείνῳ
657 1722 1001 1779 προσχωρήσαιεν
1028 1725 1101 1765 καί
1124 1722 1181 1778 μὴ
1203 1727 1447 1778 Τριβαλοῖς,
1482 1725 1619 1779 (δυοῖν
1645 1722 1728 1780 γὰρ

300 1788 482 1845 θάτερον
511 1786 665 1843 ἀνάγκη
683 1790 718 1846 ,)
748 1792 820 1831 καί
850 1786 920 1829 ὑπ’
954 1787 1091 1846 ἐκείνῳ
1118 1790 1196 1842 μὲν
1230 1791 1496 1844 γεγενημέναι
1530 1787 1613 1829 ὑπὸ
1653 1789 1731 1844 τήν

303 1901 491 1936 bationem
528 1905 565 1934 et
600 1899 835 1933 secessionem
859 1899 1019 1932 militum
1052 1910 1072 1931 a
1102 1902 1202 1943 tergo
1229 1899 1333 1931 enixe
1357 1897 1575 1931 instantibus
1599 1909 1640 1931 ac
1664 1903 1726 1932 tu-

304 1944 582 1982 multuantibus,
642 1945 717 1979 lam
753 1956 836 1978 vero
874 1945 970 1989 apud
1006 1944 1183 1978 Triballos
1213 1945 1265 1977 sic
1301 1954 1423 1976 omnes
1457 1944 1527 1976 sibi
1565 1943 1729 1978 devinxit
1786 1976 1790 1980 .

304 1998 476 2038 tantaque
511 1991 763 2025 benevolentia
797 1991 979 2034 principes
1014 2001 1094 2023 eum
1122 1990 1329 2028 coluerunt,
1360 1995 1400 2022 ut
1422 2000 1495 2021 non
1521 1991 1727 2033 peregrinus

306 2044 345 2072 et
375 2038 601 2071 calamitosus
632 2037 677 2070 ad
717 2047 776 2069 eos
810 2035 1024 2080 confugisse,
1040 2036 1102 2069 sed
1126 2036 1347 2080 principatus
1374 2035 1428 2066 illi
1454 2039 1635 2079 tamquam
1661 2047 1727 2081 pa-

306 2089 410 2118 terna
442 2083 624 2117 hereditas
663 2081 788 2115 deberi
823 2081 1027 2121 videretur,
1069 2091 1264 2125 omnesque
1298 2084 1339 2112 ut
1364 2080 1431 2124 ipsi
1458 2080 1630 2124 despotae
1658 2081 1725 2116 ob-

306 2134 551 2174 temperarent
597 2134 635 2162 et
669 2129 745 2161 eius
793 2137 896 2159 causa
932 2127 1025 2160 nihil
1061 2139 1135 2160 non
1170 2126 1338 2158 facerent.
1405 2125 1513 2169 Quod
1547 2127 1603 2159 vel
1638 2127 1726 2161 inde

305 2181 417 2221 patet.
466 2174 556 2207 Nam
582 2185 661 2207 cum
681 2184 746 2206 nos
768 2173 903 2217 legatos
929 2184 970 2206 eo
996 2173 1108 2206 semel
1141 2172 1344 2215 iterumque
1381 2171 1599 2204 misissemus
1633 2173 1728 2207 mul.

306 2223 428 2266 tisque
462 2219 605 2265 oppidis
639 2219 765 2252 cedere
799 2219 997 2258 vellemus,
1039 2219 1069 2252 si
1094 2217 1196 2251 illum
1220 2227 1239 2250 e
1261 2216 1380 2249 medio
1409 2218 1648 2258 sustulissent,
1661 2228 1727 2263 pe-

305 2268 474 2301 titionem
499 2264 735 2310 repudiarunt
771 2269 807 2298 et
836 2265 935 2297 velut
959 2263 1003 2297 de
1026 2267 1208 2307 compacto
1235 2263 1384 2295 salutem
1410 2262 1486 2295 eius
1509 2264 1620 2307 princi
1649 2264 1727 2296 atui

308 2323 373 2345 suo
412 2310 596 2343 dilatando
629 2310 889 2355 praetulerunt.
946 2309 1068 2354 Nuper
1090 2320 1111 2341 a
1134 2307 1360 2341 Berrhoeotis
1397 2314 1558 2352 receptus
1578 2334 1588 2350 ,
1623 2274 1726 2343 grevi

307 2362 468 2402 tempore
494 2357 583 2389 adeo
607 2356 728 2394 crevit,
755 2361 806 2396 ut,
830 2355 900 2388 nisi
927 2359 963 2387 tu
989 2354 1291 2399 opportunissime
1315 2353 1419 2387 nobis
1452 2356 1611 2387 affuisses
1639 2366 1726 2389 eur-

308 2414 459 2448 sumque
483 2402 666 2435 felicitatis
689 2402 766 2434 eius
794 2401 1030 2444 remmisses,
1040 2399 1229 2433 multarum
1254 2398 1397 2432 urbium
1421 2399 1586 2432 domiuus
1610 2411 1725 2446 usque

308 2448 418 2481 hodie
447 2449 615 2481 evasisset
685 2447 775 2480 Nam
810 2445 1049 2478 occidentales
1083 2455 1204 2477 omnes
1239 2450 1275 2477 et
1299 2446 1490 2487 diligenter
1515 2450 1662 2490 parent:
1687 2450 1725 2479 et

310 2494 381 2526 iam
405 2505 550 2538 quoque
574 2492 762 2525 Thessalia
785 2496 822 2524 et
843 2491 973 2523 circum
1000 2490 1209 2524 Berrhoeam
1234 2490 1405 2534 oppidula
1438 2497 1547 2536 atque
1577 2492 1724 2524 castella

310 2540 343 2571 ei
371 2550 407 2571 se
432 2538 680 2572 subdiderunt.
728 2536 867 2580 Quodsi
895 2541 933 2568 tu
957 2542 1098 2568 coactus
1127 2537 1354 2576 discesseris,
1395 2536 1593 2579 (difficultas
1627 2538 1723 2570 enim

309 2587 527 2625 sumptuaria
564 2588 601 2616 te
639 2583 701 2615 diu
732 2581 923 2615 admodum
963 2591 1106 2615 manere
1129 2592 1202 2613 non
1225 2583 1347 2624 sinet.)
1373 2582 1566 2615 Acarnania
1591 2587 1627 2615 et
1650 2582 1724 2616 alia

308 2629 494 2662 continens
530 2630 632 2663 nullo
670 2627 793 2661 labore
824 2625 1002 2660 accedent.
1057 2627 1146 2660 Nam
1185 2632 1221 2659 et
1244 2628 1380 2670 pridem
1408 2628 1596 2660 adventum
1622 2627 1721 2661 illius

307 2675 398 2707 miro
426 2677 465 2707 in
503 2684 582 2707 eum
607 2676 735 2706 affectu
760 2677 990 2717 exspectant,
1022 2672 1120 2718 quod
1147 2673 1223 2715 ipse
1248 2671 1382 2706 diutius
1406 2673 1502 2717 apud
1526 2683 1586 2706 eos
1611 2671 1720 2705 hahi-

305 2719 416 2753 tando
441 2724 536 2752 certo
565 2719 734 2762 comperi,
782 2718 862 2751 Sive
886 2718 994 2761 igitur
1016 2719 1054 2751 in
1081 2717 1320 2751 cantacuzeni
1337 2744 1345 2757 ,
1385 2728 1458 2751 non
1492 2718 1530 2752 in
1565 2717 1721 2752 Triballi

307 2765 415 2800 fidem
440 2774 482 2799 ae
507 2763 680 2797 ditionem
703 2774 779 2799 sese
805 2762 1034 2805 contulerint,
1054 2763 1221 2810 (alterum
1245 2765 1342 2798 enim
1370 2763 1495 2798 horum
1512 2764 1720 2811 oportebit,)
