1800 3146
526 177 902 222 nis'romARUM
950 182 1021 221 111.
1052 183 1121 227 721.
1429 150 1503 227 ‘45
1510 160 1542 216 3

114 285 290 339 βασιλέα
315 280 387 322 τὸν
405 278 509 332 υἱὸν,
538 281 701 336 πρῶτον
720 282 799 332 μὲν
827 277 1078 330 οὖδάιῖτοΐς
1101 279 1300 336 πρότερον
1318 277 1743 333 -ὄμώμοκα-Δ.Ο.ι343

115 352 214 391 ου’δὲ
237 347 318 403 γάρ
339 342 476 388 ἐκάλει
495 349 620 401 χρειά
636 362 698 395 τις
715 358 728 370 ·
761 344 836 388 τὸν
855 344 946 388 ἴσον
973 348 1018 388 δὲ
1039 345 1158 401 λόγον
1186 346 1258 387 καί
1283 346 1382 400 περὶ
1400 342 1552 399 αὖτῶν,

115 413 254 469 ὥσπερ
278 411 350 454 καί
364 411 463 467 περὶ
476 413 696 465 βασιλέως,
716 411 828 467 φημί
846 413 1006 453 δίκαιον
1022 409 1128 454 εἶναι
1149 411 1374 463 σώζεσθαι,
1402 409 1449 452 τὸ
1476 413 1550 453 καί
1564 415 1589 447 Β

113 482 244 535 χωρίς
270 474 402 532 ὅρκων
425 475 516 519 τινὰ
555 478 662 532 μηδὲ
679 478 826 526 αὐτοῖς
843 478 994 527 ἐξεῖναι
1011 476 1295 531 ἐπιβουλεύειν
1309 508 1320 529 ,
1342 479 1450 532 μηδὲ
1469 494 1551 518 πα-

89 545 358 601 5ραιρεῖσθαι
391 540 466 598 τὴν
507 540 671 597 ἆρχὴν,
715 544 754 584 εἰ
778 541 839 596 μὴ
870 544 1064 598 φανερῶς
1103 541 1262 598 αἱροῖτο
1290 542 1462 584 ἀδικεῖν.
1517 543 1554 583 εἰ

116 612 163 652 δὲ
201 607 301 657 τούς
338 603 516 662 ’ὕστερον
553 608 617 648 ἐπ’
665 604 797 649 αὐτοῦ
832 610 1127 661 γεγενημένους
1163 609 1298 662 λέγει,
1344 607 1424 661 ἐγώ
1474 610 1554 660 μὲν

117 674 269 716 oid-§va
312 671 409 728 περὶ
448 671 614 715 ἐκείνων
652 675 869 715 ποιεῖσθαι
915 670 1036 726 λόγον
1081 671 1314 727 ἐβουλόμην
1353 665 1472 714 alsat·
1502 676 1556 728 τῇ

115 739 222 795 πρὸς
249 739 388 781 αὐτόν.
453 741 491 781 εἰ
519 739 558 779 δ’
582 739 734 787 ἐκεῖνος
760 735 985 791 ἀναγκάζει
1012 738 1096 779 τῶν
1122 736 1322 779 τοιούτων
1357 737 1434 791 τὴν
1464 738 1553 787 ἐξέ-

116 820 266 858 τασιν,
308 805 348 846 εἰ
374 805 531 857 μᾶλλον
561 804 714 852 ἐκεῖνος
743 801 826 843 ἀπὸ
859 805 938 844 τῶν
965 802 1162 844 τοιούτων
1191 805 1386 858 φαίνοιτο
1414 804 1557 857 ἐπιορ-

70 872 230 923 ιοκῶν,
262 872 448 924 στέργειν
491 868 666 910 δίκαιον.
740 866 818 923 ἐγώ
847 866 928 923 γὰρ
956 867 1061 921 μετὰ
1085 866 1158 923 τῆν
1187 869 1392 921 βασιλέως
1418 871 1558 908 τελευ-

116 935 195 990 την
242 931 364 992 ὀλίγῳ
401 931 598 990 ὕστερον,
644 931 756 989 ὅριὸν
791 930 918 975 αὗτόν
941 937 1026 975 τῶν
1057 934 1275 975 πολιτικῶν
1302 931 1558 987 πραγμάτων

119 996 268 1056 ἄρχειν
304 1002 595 1055 ἐπιχειροῦντα
635 998 708 1041 καί
743 996 1067 1052 ὑποκνιζόμενον
1103 1001 1162 1047 εἰς
1198 1002 1443 1054 φιλοτιμίαν
1486 998 1562 1037 καί

119 1064 244 1116 δόξαν
288 1065 498 1120 α’ρχικην,
527 1064 638 1119 τό,τε
689 1062 897 1107 ἐνδιδόναι
936 1065 1043 1119 πρὸς
1082 1062 1160 1119 τὴν
1186 1062 1330 1119 ἔφεσιν
1359 1062 1415 1112 ὥς
1446 1063 1591 1103 ‹inv-C

118 1134 274 1179 σιτελὲς
303 1130 438 1185 ὁρῶν,
473 1128 741 1187 (ὑπώπτευον
769 1131 848 1187 γάρ
881 1132 928 1172 ἐκ
952 1128 1106 1171 τούτου
1135 1129 1292 1177 πολλὰς
1319 1126 1561 1183 ἅναφυήσε-

73 1198 225 1238 ι5σθαι
274 1193 544 1250 διχοστασίας
596 1196 670 1238 καὶ
711 1194 897 1245 στάσεως
945 1191 1201 1251 οἷφορμάς,)
1230 1191 1340 1244 τό,τε
1389 1192 1562 1234 κωλύειν

120 1264 311 1318 φανεραῖς
342 1261 415 1317 τήν
451 1263 708 1316 ἐπιχείρησιν
744 1259 953 1316 φθονερὸν
994 1259 1068 1300 καί
1096 1257 1351 1314 μοναρχικὸν
1396 1259 1558 1308 δοκοῦν,

121 1329 194 1368 καί
221 1327 421 1376 τοιούτοις
447 1325 697 1383 ἀμφιβόλοις
727 1330 938 1379 λογισμοῖς
962 1323 1138 1366 ἐπιπολὺ
1166 1326 1375 1372 παλαίσας
1393 1354 1405 1375 ,
1446 1324 1562 1371 τέλος

124 1391 246 1442 ἔδοξα
273 1395 450 1445 μᾶλλον,
482 1395 522 1434 εἰ
545 1393 617 1434 καί
639 1391 698 1446 μὴ
731 1396 814 1440 τοῖς
842 1390 1104 1445 πράγμασιν,
1134 1388 1226 1429 ἀλλ’
1246 1390 1412 1445 ἐμαυτῷ
1445 1392 1563 1429 λυσι-

123 1462 273 1510 τελεῖν,
303 1458 567 1509 ἀποσχέσθαι
598 1458 682 1510 τῶν
708 1456 965 1511 πραγμάτων
1007 1457 1080 1509 τῆς
1108 1456 1242 1509 α’ρχῆς
1292 1452 1365 1493 καί
1407 1442 1565 1505 διάγειν

73 1526 216 1568 noxat'
238 1519 444 1574 ἐμαυτὸν,
474 1520 546 1562 καί
569 1520 627 1575 μὴ
660 1526 745 1570 τοῖς
769 1521 1001 1572 Ῥωμαίοις
1035 1519 1162 1568 αἴτιος
1200 1519 1337 1559 κακῶν
1379 1515 1567 1572 ὄφθῆναι

129 1589 373 1643 ἀνηκέστων.
431 1585 506 1627 καί
531 1585 646 1642 αὐτῷ
672 1582 934 1641 χρησάμενος
961 1585 1198 1639 πρεσβευτῇ
1222 1581 1324 1636 πρὸς
1352 1583 1567 1635 βασιλίδα,

131 1650 374 1707 άπειπάμην
411 1650 487 1706 την
515 1649 665 1706 ἀρχήν.
721 1650 747 1706 ἦ
781 1651 827 1692 δὲ
871 1652 926 1706 τῷ
956 1646 1139 1705 ἀδοκήτῳ
1183 1646 1256 1702 την
1285 1645 1412 1701 οἶκοὴν
1445 1652 1614 1687 nata-D

133 1759 209 1787 tum
234 1752 372 1785 asserit.
421 1750 459 1782 Si
487 1751 691 1783 iuramenta
718 1749 906 1794 inteuigit,
934 1759 1026 1794 quae
1056 1746 1276 1791 imperatrici
1304 1752 1340 1780 et
1364 1746 1575 1791 imperatori

133 1799 212 1833 filio
250 1797 461 1837 iuraverim,
492 1798 649 1842 primum
688 1795 837 1842 quidem
873 1806 940 1828 nec
978 1795 1065 1838 ipsis
1105 1794 1246 1833 iuravi,
1279 1804 1359 1826 cnm
1397 1792 1436 1825 id
1472 1793 1575 1824 nulla

131 1846 327 1879 necessitas
362 1845 584 1889 requireret,
629 1847 666 1875 et
702 1842 747 1875 ad
778 1853 835 1875 me
870 1841 1138 1874 defendendum
1172 1840 1323 1872 eandem
1373 1840 1575 1872 orationem

133 1892 254 1925 valere
288 1896 454 1935 oportere
487 1889 594 1929 dico,
630 1900 700 1934 qua
732 1888 777 1921 de
818 1888 1034 1931 imperatore
1060 1898 1143 1919 usus
1174 1897 1276 1919 sum:
1319 1886 1420 1930 quod
1444 1895 1575 1928 nempe

135 1940 246 1972 etiam
287 1939 366 1971 sine
395 1937 598 1969 iuramento
630 1946 698 1969 nec
736 1935 810 1967 illis
848 1935 1026 1979 quispiam
1058 1933 1222 1964 insidiari
1266 1937 1400 1977 queat,
1454 1942 1575 1976 neque

136 1985 289 2031 imperio
315 1995 375 2017 eos
402 1993 567 2022 movere,
590 1982 662 2015 nisi
687 1982 917 2014 manifestum
943 1981 1058 2013 scelus
1084 1980 1267 2022 designare
1292 1978 1458 2011 volucrit.
1507 1977 1575 2011 Sin

134 2031 181 2065 de
213 2029 425 2064 iuramentis
450 2029 614 2074 loquitur
630 2054 640 2069 ‚
676 2039 770 2074 quae
795 2027 866 2072 ipsi
891 2032 1017 2072 postca
1044 2025 1286 2069 (patriarchae
1310 2023 1476 2068 inquam)
1511 2022 1577 2056 de-

135 2078 274 2118 derim,
298 2075 468 2123 equidem
495 2075 679 2108 hominem
706 2076 898 2114 reveritus,
923 2074 1062 2107 nulium
1089 2082 1196 2111 super
1221 2072 1265 2103 iis
1289 2070 1439 2103 verbum
1467 2068 1575 2102 edere

135 2125 382 2167 cogitaveram.
454 2122 551 2167 Quia
596 2131 680 2154 vero
717 2119 794 2165 ipse
833 2131 874 2154 ea
917 2121 955 2152 iu
989 2129 1137 2152 examen
1170 2118 1265 2162 cogit
1307 2115 1508 2154 deducere,
1544 2115 1576 2147 si

138 2170 250 2214 magis
287 2169 372 2202 inde
407 2170 526 2213 ipsum
561 2168 743 2213 peierasse
778 2167 961 2208 docuero,
996 2166 1035 2198 in
1070 2165 1200 2198 bonam
1235 2167 1373 2207 partem
1407 2161 1575 2206 accipiat.

137 2218 212 2261 Ego
245 2226 401 2262 namque
434 2215 571 2248 recenti
595 2214 821 2258 imperatoris
847 2213 950 2245 obitu
971 2237 981 2253 ,
1007 2223 1085 2243 cum
1114 2211 1272 2243 viderem
1303 2220 1384 2242 eum
1418 2207 1463 2239 ad
1499 2219 1575 2241 rem

137 2263 322 2309 publicam
355 2261 578 2295 tractandam
622 2271 659 2293 se
705 2261 866 2304 ingerere
908 2264 945 2290 et
985 2258 1184 2290 ambitione
1225 2260 1335 2299 atque
1370 2254 1576 2298 imperandi

140 2310 255 2355 gloria
285 2309 446 2352 prurire,
480 2318 547 2341 nec
583 2308 803 2352 ignorarem,
853 2315 960 2350 quam
1003 2304 1099 2337 nihil
1134 2302 1320 2348 prodesset
1369 2299 1577 2334 huiusmodi

139 2356 360 2401 appetitioni
384 2353 584 2398 induigere‚
609 2353 774 2399 (multam
792 2352 889 2385 enim
910 2351 995 2384 inde
1011 2350 1269 2382 discordiarum
1293 2358 1333 2380 ac
1358 2346 1577 2380 sed-itionum

141 2402 328 2435 materiam
374 2401 592 2433 exorituram
625 2398 944 2444 praesentiebam‚)
984 2398 1104 2440 palam
1140 2400 1260 2428 autem
1296 2393 1373 2426 eius
1408 2398 1576 2427 conatum

142 2448 339 2492 infringere
383 2446 601 2479 invidiosum
643 2457 684 2479 ac
719 2444 925 2489 tyrannicae
960 2443 1145 2476 cuiusdam
1171 2439 1409 2474 affectationis
1447 2439 1576 2479 videri,

143 2493 347 2528 istiusmodi
373 2493 520 2526 incertis
545 2503 586 2525 ac
614 2492 738 2525 dubiis
765 2489 1046 2535 cogitationibus
1072 2489 1134 2522 diu
1163 2488 1338 2526 luctatus,
1370 2485 1516 2519 tandem
1546 2487 1577 2518 si

143 2552 218 2574 non
243 2541 294 2573 rei
316 2538 497 2583 publicae,
527 2544 565 2572 at
596 2544 692 2571 certe
718 2538 885 2571 mihimet
906 2534 1202 2580 prospiciendum
1225 2539 1262 2566 et
1283 2534 1393 2566 vitam
1416 2543 1531 2566 meam
1557 2543 1579 2564 a

144 2587 371 2631 publicorum
396 2585 624 2629 negotiorum
649 2586 800 2629 strepitu
830 2587 1023 2619 remotam,
1054 2582 1129 2613 otio
1153 2580 1304 2613 honesto
1330 2579 1578 2624 tranquillita-

147 2634 249 2677 tique
283 2631 453 2664 mandare
488 2630 649 2671 decrevi,
685 2642 730 2663 ne
769 2629 934 2663 Romanis
969 2628 1233 2660 teterrimorum
1267 2624 1577 2658 incommodorum

149 2682 313 2722 caputet
337 2679 434 2721 origo
459 2678 636 2710 exstitisse
663 2682 819 2720 putarer.
868 2675 990 2718 Quare
1021 2673 1147 2706 eodem
1171 2683 1254 2705 usus
1285 2671 1401 2714 legato
1434 2669 1479 2703 ad
1507 2671 1579 2702 Au-

150 2730 285 2767 gustam
301 2749 309 2761 ,
345 2723 487 2765 imperii
517 2725 768 2767 procuratione
792 2732 848 2753 me
873 2720 1047 2753 abdicavi.
1105 2719 1208 2763 Quae
1233 2718 1420 2750 auditione
1445 2719 1580 2760 impro-

149 2772 225 2807 visa
263 2768 529 2814 obstupefacta,
563 2769 902 2813 abdicationemque
942 2776 1061 2800 meam
1094 2776 1321 2800 communem
1342 2766 1580 2808 interpretata
