1812 3146
525 186 903 230 fflsTomARnM
945 183 1017 231 in.
1049 193 1120 237 81.
1467 175 1538 232 50
1552 197 1570 231 1

105 321 107 323 ,
132 287 259 339 δομεν
274 285 348 334 τὰς
372 287 628 340 προφητείας
655 285 916 339 ἆποβάσας.”
967 286 1102 330 ἐδόκει
1127 290 1174 332 δὲ
1193 290 1378 333 κελεύειν
1407 292 1466 350 τῷ
1491 291 1664 350 υἱῷὰῦ.
1682 303 1771 348 ι345

131 349 406 406 συγκρύπτειν
441 349 493 392 τὰ
535 351 636 401 ζῶα.
693 350 746 394 τὰ
776 353 822 393 δὲ
858 351 992 402 εὐθύς
1021 351 1195 398 ἐδόκουν
1235 359 1468 412 σφραγῖδες
1507 375 1575 413 γε·

129 418 333 470 γενῆσθαι
360 416 406 456 ἐκ
432 418 575 471 κηροῦ,
606 414 657 464 ἃς
684 416 741 465 ὥς
772 418 867 472 ἐνῆν
894 421 1172 474 συγκρύπτων
1197 429 1290 471 ταῖς
1307 424 1442 478 χερσί,
1468 423 1574 478 μετὰ
1591 438 1716 476 v.506

131 483 339 533 βασιλέως
366 479 478 537 ἐξῄει
504 483 583 522 τοῦ
610 482 794 538 πατρὸς,
835 482 882 524 τό
913 482 1124 539 ἱερατικὸν
1150 488 1445 544 ἐπιτραχήλιον
1472 490 1578 532 α’πο-

104 545 339 600 ὄθεμένου·
395 549 440 589 ἐν
469 547 630 596 τούτοις
660 548 706 590 δὲ
737 550 813 590 τοῦ
840 545 975 591 ὕπνου
1005 552 1251 607 α’ποστῆναι.
1303 556 1480 597 τοιαῦτα
1499 558 1578 608 μὲν

127 611 155 667 ἧ
202 607 302 666 ὄψις
335 614 393 670 τῷ
427 614 633 666 βασιλέως
667 611 748 671 υἱῷ
781 612 949 670 ἐδήλου·
1013 616 1111 673 περὶ
1150 613 1202 659 οὗ
1230 621 1277 662 δὲ
1303 615 1380 674 ἧν,
1410 623 1576 663 ου’δέπω

127 680 258 733 μέχρι
284 680 359 721 νῦν
386 679 546 733 ἐγένετο
575 679 769 735 φανερόν.
834 684 973 724 ταῦτα
999 685 1078 737 μὲν
1100 678 1173 725 οὖν
1201 684 1223 726 ὃ
1250 688 1458 739 βασιλέως
1484 685 1619 735 υἱὸςο

127 743 234 800 πρὸς
260 743 334 786 τὸν
360 748 523 801 πατέρα
555 744 736 802 ἔγραφεν
761 745 993 804 ἑωρακέναι
1020 748 1122 792 κατὰ
1147 748 1249 800 τούς
1269 747 1441 801 ὕπνους.
1497 755 1578 804 βα-

128 808 269 860 σιλεύς
306 812 354 853 δὲ
383 809 521 866 ὀλίγον
549 814 842 872 Διδυμοτείχῳ
870 816 1171 870 ένδιατρίψας,
1210 816 1440 870 σύμπασαν
1461 817 1576 860 ‘Pm-

78 876 294 931 ιομαίων,
322 873 416 919 ὅσοι
445 877 520 920 ὑπ’
555 879 668 936 αύτῷ
694 875 822 935 ἦσαν,
852 880 1058 936 στρατιὰν
1085 882 1332 937 συναγαγών
1359 882 1432 925 καί
1457 887 1576 940 Περ-

127 941 248 998 σικὴν
292 944 435 999 ὀλίγην
481 942 748 999 ἐπαγόμενος,
785 945 1112 1002 ἐπεστράτευσεν
1150 945 1278 998 αὖθις
1319 950 1574 1007 Βυζαντίῳ,

126 1011 201 1051 καί
225 1009 331 1065 πρὸς
358 1009 436 1065 τήν
461 1013 503 1053 Γ
500 1012 724 1066 υρολίμνης
751 1014 974 1068 λεγομένην
999 1012 1134 1069 πύλην
1161 1014 1312 1068 ἐλθών,
1339 1016 1414 1057 ούκ
1441 1017 1577 1070 ὀλίγον

123 1077 254 1131 μέρος
277 1078 351 1132 τῆς
378 1076 537 1133 ἡμέρας
567 1079 805 1123 διετέλεσεν.
871 1081 918 1122 ἐκ
944 1081 1182 1131 Βυζαντίου
1212 1082 1259 1124 δὲ
1286 1081 1428 1129 oddag
1456 1083 1576 1136 ἐξῆλ-

124 1144 179 1183 θε
205 1145 287 1184 τῶν
314 1145 484 1196 πυλῶν,
527 1144 619 1185 ἀλλ’
647 1143 719 1186 ἐπὶ
744 1146 828 1186 τῶν
866 1149 1020 1199 τειχῶν
1050 1141 1160 1200 ἦσαν
1186 1149 1545 1202 παρατεταγμένοι
1560 1180 1576 1202 ,

78 1205 185 1255 ι5ιῦς
215 1206 514 1264 ἀμυνούμενοι,
556 1205 612 1252 ἂν
650 1211 817 1252 ἐπίωσι.
882 1210 985 1262 δούξ
1023 1212 1130 1253 δὲο
1109 1213 1296 1266 ομέγας
1324 1210 1450 1265 μόνος
1482 1209 1574 1266 α’μα

125 1271 279 1328 ὄλίγοις
308 1273 389 1331 πρὸ
419 1278 503 1317 τῶν
529 1278 672 1318 πυλῶν
706 1276 805 1331 ἔστη
835 1275 1031 1327 ἐξελθών.
1084 1280 1292 1332 γνωρίσας
1320 1279 1367 1319 δὲ
1398 1277 1421 1319 ὅ
1449 1282 1575 1331 βασι-

124 1339 236 1393 λεὺς,
269 1340 326 1390 ὦς
353 1342 507 1391 ἐκεῖνος
535 1341 613 1398 εἴη,
644 1341 804 1396 ἔπεμπε
830 1341 928 1393 τούς
955 1345 1283 1396 διαλεξομένους.
1341 1342 1364 1385 ὅ
1386 1345 1421 1385 δ’
1442 1344 1574 1401 εἰσῄει

125 1404 232 1460 πρὸς
259 1405 336 1461 τὴν
363 1406 496 1461 πόλιν,
527 1408 778 1462 αἰσθόμενος
816 1409 873 1458 ὥς
902 1410 1156 1466 ἐγνωρίσθη,
1185 1409 1259 1452 καί
1285 1407 1324 1451 οἱ
1357 1407 1464 1464 πρὸς
1496 1410 1575 1451 αύ-

124 1470 197 1514 τὸν
224 1470 443 1528 ἐρχόμενοι
469 1474 740 1530 α’νέστρεφον.
807 1474 1010 1527 βασιλεύς
1042 1476 1102 1527 δὲ,
1132 1477 1226 1517 ἐπεὶ
1250 1476 1350 1530 περὶ
1375 1474 1516 1529 δείλην
1544 1475 1696 1530 ἦΡ.633

72 1538 268 1595 2οἦμέρα
300 1533 382 1594 ἢδη
418 1535 484 1594 ἦν,
513 1538 629 1594 παρα
661 1539 737 1594 την
765 1543 841 1595 τῆς
868 1540 1080 1595 Καμήλου
1110 1542 1370 1593 καλουμένην
1384 1542 1573 1596 γέφυραν

126 1604 535 1658 ἐστρατοπεδεύσατο
564 1606 723 1647 ἐλθών·
763 1607 836 1648 καί
860 1608 920 1656 εἰς
954 1604 1032 1661 τὴν
1068 1603 1299 1660 ύστεραίαν
1336 1605 1468 1659 ὀλίγοι
1494 1608 1573 1658 μὲν

125 1686 187 1720 εις
215 1670 261 1713 τὸ
292 1669 578 1726 στρατόπεδον
607 1670 716 1724 μετὰ
749 1673 957 1725 βασιλέως
981 1672 1275 1725 ὑπελείποντο,
1321 1669 1365 1713 τὸ
1393 1669 1499 1712 πολύ
1526 1673 1574 1716 δὲ

124 1738 198 1792 τῆς
224 1740 428 1791 στρατιᾶς
462 1740 536 1780 καί
556 1738 786 1791 εΡωμαίων
826 1755 895 1780 και
926 1739 1110 1793 Περσῶν
1140 1737 1366 1792 ἐτράποντο
1391 1735 1464 1778 ἐπι
1479 1739 1574 1792 λεη-

125 1804 290 1852 λασίας.
348 1804 421 1845 καί
439 1803 649 1857 ζΡωμαῖοι
682 1806 762 1857 μὲν
802 1800 1047 1858 βοσκήματα
1095 1819 1167 1844 και
1204 1797 1331 1858 αλλην
1362 1804 1479 1844 λείαν
1520 1797 1570 1858 ἦ-

72 1867 304 1923 25λαυνον,
346 1867 392 1911 τό
424 1868 642 1925 Περσικὸν
675 1871 722 1912 δὲ
750 1868 1057 1924 ἤνδραπόδιζον
1084 1885 1152 1910 και
1181 1866 1280 1917 τούς
1308 1867 1568 1924 α’νδρωπους.

222 1964 274 2002 18,
297 1955 395 2011 πρὸς
418 1965 519 2010 prius
545 1976 614 1999 om.
646 1965 694 1999 M.

124 2043 233 2077 nisse.
280 2043 484 2077 Videbatur
507 2055 614 2087 porro
639 2044 809 2078 mandare
835 2044 935 2083 fflio,
960 2047 1002 2076 ut
1025 2043 1223 2077 occultaret
1247 2042 1440 2084 animalia,
1473 2053 1567 2084 quae

123 2101 207 2123 mox
234 2089 274 2123 in
298 2100 401 2124 cerea
427 2091 545 2134 sigilla
571 2091 889 2124 convertebantur.
916 2100 1012 2136 quae
1037 2089 1206 2122 manibus
1231 2094 1272 2122 ut
1286 2093 1429 2133 poterat
1446 2090 1569 2123 occul-

123 2142 227 2177 tans,
264 2147 343 2170 cum
378 2143 501 2181 patre,
536 2138 702 2181 deposito
728 2137 856 2170 monili
882 2148 1006 2176 sacro,
1033 2136 1170 2175 exivit,
1208 2141 1244 2169 et
1278 2137 1316 2169 in
1341 2147 1383 2169 eo
1413 2135 1567 2170 articulo

123 2194 250 2216 somno
275 2183 415 2216 solutus
440 2189 504 2218 est.
561 2185 661 2218 Talis
687 2185 824 2229 species
851 2184 926 2217 filio
951 2183 1179 2228 imperatoris
1203 2180 1398 2216 dormienti
1425 2182 1569 2227 obtigit

122 2229 180 2264 Ad
204 2241 312 2275 quem
337 2235 458 2264 autem
479 2230 721 2276 pertinuerit,
756 2242 872 2276 usque
895 2230 1005 2264 hodie
1031 2230 1129 2263 latet.
1189 2229 1234 2261 Et
1266 2229 1355 2261 haec
1380 2230 1410 2260 is
1435 2240 1567 2262 secun·

125 2275 210 2308 dum
237 2278 397 2321 quietem
425 2289 463 2311 se
486 2278 633 2318 vidisse,
661 2277 708 2310 ad
731 2282 868 2323 patrem
893 2278 1046 2322 scripsit.
1097 2278 1296 2319 Imperator
1322 2275 1471 2330 paulum
1503 2277 1567 2309 Di-

123 2322 326 2378 dymotichi
350 2322 526 2365 haerens,
553 2326 715 2358 collectis
742 2323 909 2358 omnibus
942 2334 1031 2369 quas
1057 2323 1218 2356 habebat
1242 2323 1355 2367 copiis
1379 2322 1564 2363 Romanis,

119 2371 321 2415 paucisque
348 2371 531 2404 Persarum
559 2371 753 2410 adiunctis,
769 2382 910 2405 ruisum
936 2372 974 2404 in
1004 2370 1162 2413 Byzantii
1189 2369 1278 2402 fines
1305 2370 1448 2413 irrupit,
1462 2374 1499 2401 et
1518 2370 1566 2402 ad

121 2422 266 2461 portam
292 2416 520 2460 Gyrolimnes
557 2418 689 2452 bonam
717 2418 793 2452 diei
822 2424 959 2462 partem
986 2416 1162 2450 constitit
1212 2416 1263 2448 Ex
1287 2415 1377 2448 urbe
1405 2426 1567 2461 egressus

123 2467 180 2496 est
217 2475 342 2497 nemo:
375 2470 622 2498 verumtamen
653 2466 691 2498 in
728 2465 921 2499 moenibus
956 2463 1125 2496 instructi
1151 2461 1382 2501 visebantur,
1409 2463 1473 2508 qui
1498 2462 1567 2495 ho-

123 2515 215 2543 stem
242 2509 472 2544 accedentem
496 2512 724 2556 repellerent.
773 2511 926 2556 Magnus
952 2510 1025 2543 dux
1049 2510 1146 2542 solus
1174 2519 1254 2541 cum
1278 2510 1402 2553 paucis
1428 2509 1566 2549 exiens,

122 2567 190 2600 pro
223 2556 336 2602 portis
372 2559 483 2590 stetit.
538 2559 738 2602 Imperator
769 2563 809 2590 ut
844 2559 962 2601 ipsum
997 2567 1074 2590 esse
1098 2557 1284 2600 cognovit,
1311 2555 1565 2589 caduceatores

123 2603 235 2636 misit.
292 2603 360 2637 Ille
393 2615 431 2638 se
469 2606 651 2649 cognitum
692 2605 921 2648 intelligens,
943 2604 981 2636 in
1009 2602 1135 2635 urbem
1162 2607 1258 2636 retro
1283 2603 1411 2643 cessit,
1437 2607 1474 2636 et
1499 2603 1563 2647 qui

127 2651 226 2682 missi
253 2649 416 2690 fuerant,
444 2652 569 2684 inanes
597 2655 830 2684 reverterunt.
890 2651 1111 2694 Imperator,
1144 2649 1315 2694 quoniam
1351 2648 1567 2694 advespera-

127 2697 272 2736 scebat,
301 2698 347 2730 ad
370 2702 508 2742 portam
538 2698 675 2730 Cameli
702 2703 815 2730 castra
842 2696 948 2729 fecit:
975 2695 1226 2750 postridieque
1251 2697 1381 2741 exiguo
1409 2706 1562 2728 numero

126 2754 246 2776 secum
270 2745 307 2776 in
341 2744 464 2776 castris
496 2751 844 2784 manente,1uuor
868 2753 948 2785 pars
972 2742 1145 2783 Romani,
1183 2743 1383 2787 Persaeque
1412 2741 1565 2785 pracda-

127 2794 202 2825 tum
238 2789 493 2827 discurrerunt„
553 2791 597 2826 Et
622 2792 770 2825 Romani
798 2789 943 2837 quidem
971 2799 1102 2836 pecora
1127 2794 1165 2822 et
1187 2789 1259 2823 alia
1289 2789 1444 2835 agebant
1468 2787 1565 2822 fere-
