<?xml version="1.0" encoding="UTF-8"?>
<!DOCTYPE html PUBLIC "-//W3C//DTD XHTML 1.0 Transitional//EN"
    "http://www.w3.org/TR/xhtml1/DTD/xhtml1-transitional.dtd">
<html xmlns="http://www.w3.org/1999/xhtml" xml:lang="en" lang="en">
 <head>
  <title>
</title>
<meta http-equiv="Content-Type" content="text/html;charset=utf-8" />
  <meta name='ocr-system' content='tesseract 3.04.00' />
  <meta name='ocr-capabilities' content='ocr_page ocr_carea ocr_par ocr_line ocrx_word'/>
</head>
<body>
  <div class='ocr_page' id='page_1' title='image "./corpusscriptorum24niebuoft_0519.png"; bbox 0 0 1812 3146; ppageno 0'>
   <div class='ocr_carea' id='block_1_1' title="bbox 534 174 1553 250">
    <p class='ocr_par' dir='ltr' id='par_1_1' title="bbox 534 174 1553 250">
     <span class='ocr_line' id='line_1_1' title="bbox 534 174 1553 250; baseline -0.008 -12"><span class='ocrx_word' id='word_1_1' title='bbox 534 195 910 240; x_wconf 74' lang='lat' dir='ltr'><strong>ms&#39;romAmm</strong></span> <span class='ocrx_word' id='word_1_2' title='bbox 947 198 1021 238; x_wconf 83' lang='lat'>111.</span> <span class='ocrx_word' id='word_1_3' title='bbox 1060 199 1130 244; x_wconf 78' lang='lat'><strong>32.</strong></span> <span class='ocrx_word' id='word_1_4' title='bbox 1443 174 1553 250; x_wconf 84' lang='lat'><strong>507</strong></span> 
     </span>
    </p>
   </div>
   <div class='ocr_carea' id='block_1_2' title="bbox 50 292 1751 1798">
    <p class='ocr_par' dir='ltr' id='par_1_2' title="bbox 50 292 1751 1798">
     <span class='ocr_line' id='line_1_2' title="bbox 119 292 1751 350; baseline 0 -13"><span class='ocrx_word' id='word_1_5' title='bbox 119 295 354 350; x_wconf 76' lang='grc' dir='ltr'><em>προϊέμενοι</em></span> <span class='ocrx_word' id='word_1_6' title='bbox 381 292 455 337; x_wconf 73' lang='grc' dir='ltr'><strong><em>καὶ</em></strong></span> <span class='ocrx_word' id='word_1_7' title='bbox 480 292 556 350; x_wconf 76' lang='grc' dir='ltr'><strong><em>τὴν</em></strong></span> <span class='ocrx_word' id='word_1_8' title='bbox 578 295 805 349; x_wconf 83' lang='grc' dir='ltr'><strong><em>Ῥωμαίων</em></strong></span> <span class='ocrx_word' id='word_1_9' title='bbox 831 294 1053 350; x_wconf 81' lang='grc' dir='ltr'><strong><em>ἡγεμονίαν</em></strong></span> <span class='ocrx_word' id='word_1_10' title='bbox 1080 292 1268 350; x_wconf 77' lang='grc' dir='ltr'><strong><em>μεγάλων</em></strong></span> <span class='ocrx_word' id='word_1_11' title='bbox 1294 292 1367 337; x_wconf 71' lang='grc' dir='ltr'><strong><em>καὶ</em></strong></span> <span class='ocrx_word' id='word_1_12' title='bbox 1381 296 1554 348; x_wconf 73' lang='grc' dir='ltr'><strong><em>θαυμα-</em></strong></span> <span class='ocrx_word' id='word_1_13' title='bbox 1563 304 1646 339; x_wconf 81' lang='lat' dir='ltr'><strong>A.c.</strong></span> <span class='ocrx_word' id='word_1_14' title='bbox 1666 301 1751 347; x_wconf 74' lang='lat'><strong>1345</strong></span> 
     </span>
     <span class='ocr_line' id='line_1_3' title="bbox 118 357 1558 417; baseline -0.001 -14"><span class='ocrx_word' id='word_1_15' title='bbox 118 364 221 404; x_wconf 86' lang='grc' dir='ltr'><strong><em>σίων</em></strong></span> <span class='ocrx_word' id='word_1_16' title='bbox 250 362 374 402; x_wconf 77' lang='grc' dir='ltr'><strong><em>τιναῗν</em></strong></span> <span class='ocrx_word' id='word_1_17' title='bbox 399 359 734 415; x_wconf 73' lang='grc' dir='ltr'><strong><em>ἀποστεροῦντες,</em></strong></span> <span class='ocrx_word' id='word_1_18' title='bbox 765 357 817 402; x_wconf 72' lang='grc' dir='ltr'><strong>οὗ</strong></span> <span class='ocrx_word' id='word_1_19' title='bbox 832 360 1010 417; x_wconf 79' lang='grc' dir='ltr'><strong><em>Κράλην</em></strong></span> <span class='ocrx_word' id='word_1_20' title='bbox 1028 359 1154 415; x_wconf 86' lang='grc' dir='ltr'><strong><em>μόνον</em></strong></span> <span class='ocrx_word' id='word_1_21' title='bbox 1172 359 1345 402; x_wconf 78' lang='grc' dir='ltr'><strong><em>ἔπεισαν</em></strong></span> <span class='ocrx_word' id='word_1_22' title='bbox 1364 358 1436 402; x_wconf 83' lang='grc' dir='ltr'><strong><em>τὸν</em></strong></span> <span class='ocrx_word' id='word_1_23' title='bbox 1459 363 1558 414; x_wconf 88' lang='grc' dir='ltr'><strong><em>Τρι-</em></strong></span> 
     </span>
     <span class='ocr_line' id='line_1_4' title="bbox 116 423 1559 482; baseline -0.001 -15"><span class='ocrx_word' id='word_1_24' title='bbox 116 428 259 479; x_wconf 80' lang='grc' dir='ltr'><strong><em>βαλῶν</em></strong></span> <span class='ocrx_word' id='word_1_25' title='bbox 283 424 516 482; x_wconf 74' lang='grc' dir='ltr'><em>δυνάστην,</em></span> <span class='ocrx_word' id='word_1_26' title='bbox 559 425 666 469; x_wconf 78' lang='grc' dir='ltr'><strong><em>ἀλλὰ</em></strong></span> <span class='ocrx_word' id='word_1_27' title='bbox 697 425 771 469; x_wconf 79' lang='grc' dir='ltr'><em>καί</em></span> <span class='ocrx_word' id='word_1_28' title='bbox 787 423 1062 482; x_wconf 73' lang='grc' dir='ltr'><strong><em>Ἀλέξανδρον</em></strong></span> <span class='ocrx_word' id='word_1_29' title='bbox 1086 426 1157 469; x_wconf 87' lang='grc' dir='ltr'><strong><em>τὸν</em></strong></span> <span class='ocrx_word' id='word_1_30' title='bbox 1182 427 1361 481; x_wconf 83' lang='grc' dir='ltr'><strong><em>βασιλέα</em></strong></span> <span class='ocrx_word' id='word_1_31' title='bbox 1389 426 1559 466; x_wconf 76' lang='grc' dir='ltr'><strong><em>Μυσῶν</em></strong></span> 
     </span>
     <span class='ocr_line' id='line_1_5' title="bbox 117 488 1558 547; baseline -0.001 -15"><span class='ocrx_word' id='word_1_32' title='bbox 117 491 228 547; x_wconf 73' lang='grc' dir='ltr'><strong><em>αὐτῷ</em></strong></span> <span class='ocrx_word' id='word_1_33' title='bbox 264 493 486 545; x_wconf 83' lang='grc' dir='ltr'><strong><em>πολεμίους</em></strong></span> <span class='ocrx_word' id='word_1_34' title='bbox 524 488 652 546; x_wconf 83' lang='grc' dir='ltr'><strong><em>εἶναι,</em></strong></span> <span class='ocrx_word' id='word_1_35' title='bbox 689 494 859 535; x_wconf 74' lang='grc' dir='ltr'><strong><em>ἕκαστον</em></strong></span> <span class='ocrx_word' id='word_1_36' title='bbox 898 496 996 535; x_wconf 63' lang='grc' dir='ltr'><strong>καθ’ν</strong></span> <span class='ocrx_word' id='word_1_37' title='bbox 1023 491 1176 536; x_wconf 73' lang='grc' dir='ltr'><strong><em>ἑαυτὸν</em></strong></span> <span class='ocrx_word' id='word_1_38' title='bbox 1203 490 1430 546; x_wconf 70' lang='grc' dir='ltr'><strong><em>ἀξιόχρεων</em></strong></span> <span class='ocrx_word' id='word_1_39' title='bbox 1456 488 1558 545; x_wconf 84' lang='grc' dir='ltr'><strong><em>πρὸς</em></strong></span> 
     </span>
     <span class='ocr_line' id='line_1_6' title="bbox 92 551 1558 615; baseline -0.003 -14"><span class='ocrx_word' id='word_1_40' title='bbox 92 555 256 611; x_wconf 78' lang='grc' dir='ltr'><strong><em>ὄμάχην</em></strong></span> <span class='ocrx_word' id='word_1_41' title='bbox 282 551 382 599; x_wconf 76' lang='grc' dir='ltr'><strong><em>ὄντα</em></strong></span> <span class='ocrx_word' id='word_1_42' title='bbox 408 554 624 611; x_wconf 74' lang='grc' dir='ltr'><em>σύμπασιν</em></span> <span class='ocrx_word' id='word_1_43' title='bbox 651 557 757 611; x_wconf 81' lang='grc' dir='ltr'><strong><em>ὁμοῦ</em></strong></span> <span class='ocrx_word' id='word_1_44' title='bbox 775 558 1027 612; x_wconf 70' lang='grc' dir='ltr'><strong>ιΡωμαίοις,</strong></span> <span class='ocrx_word' id='word_1_45' title='bbox 1056 557 1132 615; x_wconf 75' lang='grc' dir='ltr'><strong>ὑφ’</strong></span> <span class='ocrx_word' id='word_1_46' title='bbox 1159 553 1218 600; x_wconf 77' lang='grc' dir='ltr'><strong><em>ὧν</em></strong></span> <span class='ocrx_word' id='word_1_47' title='bbox 1244 558 1350 613; x_wconf 82' lang='grc' dir='ltr'><strong><em>πρὸς</em></strong></span> <span class='ocrx_word' id='word_1_48' title='bbox 1376 553 1558 612; x_wconf 70' lang='grc' dir='ltr'><strong><em>ἀνάγκην</em></strong></span> 
     </span>
     <span class='ocr_line' id='line_1_7' title="bbox 114 621 1557 684; baseline 0 -21"><span class='ocrx_word' id='word_1_49' title='bbox 114 621 189 664; x_wconf 80' lang='grc' dir='ltr'><em>καί</em></span> <span class='ocrx_word' id='word_1_50' title='bbox 211 621 342 665; x_wconf 72' lang='grc' dir='ltr'><strong><em>αὐτὸν</em></strong></span> <span class='ocrx_word' id='word_1_51' title='bbox 368 623 738 676; x_wconf 78' lang='grc' dir='ltr'><strong><em>συνελαυνόμενον,</em></strong></span> <span class='ocrx_word' id='word_1_52' title='bbox 772 626 826 682; x_wconf 81' lang='grc' dir='ltr'><strong>τῇ</strong></span> <span class='ocrx_word' id='word_1_53' title='bbox 852 627 1076 684; x_wconf 72' lang='grc' dir='ltr'><strong><em>συμμαχία</em></strong></span> <span class='ocrx_word' id='word_1_54' title='bbox 1102 627 1293 680; x_wconf 73' lang='grc' dir='ltr'><strong><em>χρῆσθαι</em></strong></span> <span class='ocrx_word' id='word_1_55' title='bbox 1318 624 1372 679; x_wconf 83' lang='grc' dir='ltr'><strong>τῇ</strong></span> <span class='ocrx_word' id='word_1_56' title='bbox 1392 624 1557 678; x_wconf 84' lang='grc' dir='ltr'><strong><em>βαρβα-</em></strong></span> 
     </span>
     <span class='ocr_line' id='line_1_8' title="bbox 115 684 1556 746; baseline -0.001 -17"><span class='ocrx_word' id='word_1_57' title='bbox 115 689 209 744; x_wconf 82' lang='grc' dir='ltr'><strong><em>ρικῇ</em></strong></span> <span class='ocrx_word' id='word_1_58' title='bbox 231 721 244 742; x_wconf 93' lang='grc'><strong><em>,</em></strong></span> <span class='ocrx_word' id='word_1_59' title='bbox 273 684 409 738; x_wconf 76' lang='grc' dir='ltr'><strong><em>ἄλλως</em></strong></span> <span class='ocrx_word' id='word_1_60' title='bbox 436 705 482 731; x_wconf 89' lang='grc' dir='ltr'><strong><em>τε</em></strong></span> <span class='ocrx_word' id='word_1_61' title='bbox 509 693 658 746; x_wconf 77' lang='grc' dir='ltr'><strong><em>σαφῶς</em></strong></span> <span class='ocrx_word' id='word_1_62' title='bbox 686 688 854 742; x_wconf 76' lang='grc' dir='ltr'><strong><em>εἰδότα,</em></strong></span> <span class='ocrx_word' id='word_1_63' title='bbox 899 690 956 740; x_wconf 76' lang='grc' dir='ltr'><strong>ὥς</strong></span> <span class='ocrx_word' id='word_1_64' title='bbox 985 692 1026 733; x_wconf 86' lang='grc' dir='ltr'><strong><em>εἰ</em></strong></span> <span class='ocrx_word' id='word_1_65' title='bbox 1050 689 1258 732; x_wconf 76' lang='grc' dir='ltr'><strong><em>ἄποόσοιτο</em></strong></span> <span class='ocrx_word' id='word_1_66' title='bbox 1287 686 1423 740; x_wconf 67' lang='grc' dir='ltr'><strong><em>αὐτὸς,</em></strong></span> <span class='ocrx_word' id='word_1_67' title='bbox 1450 687 1556 730; x_wconf 83' lang='grc' dir='ltr'><strong><em>ἐκεί-</em></strong></span> 
     </span>
     <span class='ocr_line' id='line_1_9' title="bbox 113 753 1551 813; baseline 0 -18"><span class='ocrx_word' id='word_1_68' title='bbox 113 769 209 802; x_wconf 83' lang='grc' dir='ltr'><strong><em>νους</em></strong></span> <span class='ocrx_word' id='word_1_69' title='bbox 227 757 518 810; x_wconf 80' lang='grc' dir='ltr'><strong><em>χρησομένους</em></strong></span> <span class='ocrx_word' id='word_1_70' title='bbox 537 756 603 798; x_wconf 78' lang='grc' dir='ltr'><strong>ἐπ’</strong></span> <span class='ocrx_word' id='word_1_71' title='bbox 628 754 777 798; x_wconf 66' lang='grc' dir='ltr'><strong><em>αὐτόν.</em></strong></span> <span class='ocrx_word' id='word_1_72' title='bbox 821 755 872 798; x_wconf 75' lang='grc' dir='ltr'><strong>οὔ</strong></span> <span class='ocrx_word' id='word_1_73' title='bbox 892 754 974 813; x_wconf 75' lang='grc' dir='ltr'><strong>γάρ</strong></span> <span class='ocrx_word' id='word_1_74' title='bbox 1007 755 1078 798; x_wconf 79' lang='grc' dir='ltr'><strong><em>διὰ</em></strong></span> <span class='ocrx_word' id='word_1_75' title='bbox 1101 755 1148 798; x_wconf 81' lang='grc' dir='ltr'><strong>τὸ</strong></span> <span class='ocrx_word' id='word_1_76' title='bbox 1176 753 1234 810; x_wconf 72' lang='grc' dir='ltr'><strong><em>μὴ</em></strong></span> <span class='ocrx_word' id='word_1_77' title='bbox 1251 753 1487 808; x_wconf 75' lang='grc' dir='ltr'><strong><em>βούλεσθαι</em></strong></span> <span class='ocrx_word' id='word_1_78' title='bbox 1508 754 1551 795; x_wconf 80' lang='grc' dir='ltr'><strong>ἔ-</strong></span> 
     </span>
     <span class='ocr_line' id='line_1_10' title="bbox 112 818 1583 877; baseline -0.001 -17"><span class='ocrx_word' id='word_1_79' title='bbox 112 819 272 869; x_wconf 85' lang='grc' dir='ltr'><strong><em>κείνους</em></strong></span> <span class='ocrx_word' id='word_1_80' title='bbox 294 819 353 875; x_wconf 76' lang='grc' dir='ltr'><strong><em>μή</em></strong></span> <span class='ocrx_word' id='word_1_81' title='bbox 380 824 572 877; x_wconf 73' lang='grc' dir='ltr'><strong><em>χρῆσθαι</em></strong></span> <span class='ocrx_word' id='word_1_82' title='bbox 600 827 684 872; x_wconf 86' lang='grc' dir='ltr'><strong><em>τοῖς</em></strong></span> <span class='ocrx_word' id='word_1_83' title='bbox 714 819 969 877; x_wconf 81' lang='grc' dir='ltr'><strong><em>βαρβάροις,</em></strong></span> <span class='ocrx_word' id='word_1_84' title='bbox 998 820 1106 864; x_wconf 79' lang='grc' dir='ltr'><strong><em>α’λλὰ</em></strong></span> <span class='ocrx_word' id='word_1_85' title='bbox 1128 820 1201 865; x_wconf 74' lang='grc' dir='ltr'><strong>διὰ</strong></span> <span class='ocrx_word' id='word_1_86' title='bbox 1229 820 1273 863; x_wconf 80' lang='grc' dir='ltr'><strong>τό</strong></span> <span class='ocrx_word' id='word_1_87' title='bbox 1302 818 1362 875; x_wconf 81' lang='grc' dir='ltr'><em>μῆ</em></span> <span class='ocrx_word' id='word_1_88' title='bbox 1383 820 1583 860; x_wconf 65' lang='grc' dir='ltr'><strong><em>πειθεινΒ</em></strong></span> 
     </span>
     <span class='ocr_line' id='line_1_11' title="bbox 62 880 1550 946; baseline -0.001 -20"><span class='ocrx_word' id='word_1_89' title='bbox 62 886 321 931; x_wconf 72' lang='grc' dir='ltr'><strong><em>ιοδύνασθαι</em></strong></span> <span class='ocrx_word' id='word_1_90' title='bbox 347 890 504 939; x_wconf 84' lang='grc' dir='ltr'><strong><em>μᾶλλον</em></strong></span> <span class='ocrx_word' id='word_1_91' title='bbox 531 888 671 946; x_wconf 77' lang='grc' dir='ltr'><strong><em>ἐκείνῳ</em></strong></span> <span class='ocrx_word' id='word_1_92' title='bbox 701 887 977 944; x_wconf 78' lang='grc' dir='ltr'><strong><em>αἱρουμένους</em></strong></span> <span class='ocrx_word' id='word_1_93' title='bbox 1004 893 1255 942; x_wconf 87' lang='grc' dir='ltr'><strong><em>συμμαχεῖν.</em></strong></span> <span class='ocrx_word' id='word_1_94' title='bbox 1314 880 1430 927; x_wconf 67' lang='grc' dir='ltr'><strong><em>οὔπω</em></strong></span> <span class='ocrx_word' id='word_1_95' title='bbox 1467 883 1550 940; x_wconf 78' lang='grc' dir='ltr'><strong>γὰρ</strong></span> 
     </span>
     <span class='ocr_line' id='line_1_12' title="bbox 107 950 1555 1011; baseline -0.002 -18"><span class='ocrx_word' id='word_1_96' title='bbox 107 953 214 1005; x_wconf 75' lang='grc' dir='ltr'><strong><em>χθὲς</em></strong></span> <span class='ocrx_word' id='word_1_97' title='bbox 239 951 313 994; x_wconf 78' lang='grc' dir='ltr'><strong><em>καὶ</em></strong></span> <span class='ocrx_word' id='word_1_98' title='bbox 340 950 485 1008; x_wconf 78' lang='grc' dir='ltr'><strong><em>πρώην</em></strong></span> <span class='ocrx_word' id='word_1_99' title='bbox 507 953 612 1009; x_wconf 85' lang='grc' dir='ltr'><strong><em>πρὸς</em></strong></span> <span class='ocrx_word' id='word_1_100' title='bbox 634 952 839 1011; x_wconf 80' lang='grc' dir='ltr'><strong><em>Ὀρχάνην</em></strong></span> <span class='ocrx_word' id='word_1_101' title='bbox 862 954 935 996; x_wconf 81' lang='grc' dir='ltr'><strong><em>τὸν</em></strong></span> <span class='ocrx_word' id='word_1_102' title='bbox 960 956 1136 1010; x_wconf 82' lang='grc' dir='ltr'><strong><em>Πέρσην</em></strong></span> <span class='ocrx_word' id='word_1_103' title='bbox 1161 952 1386 1009; x_wconf 76' lang='grc' dir='ltr'><strong><em>πρεσβείαν</em></strong></span> <span class='ocrx_word' id='word_1_104' title='bbox 1405 964 1555 991; x_wconf 81' lang='grc' dir='ltr'><strong><em>πεποι-</em></strong></span> 
     </span>
     <span class='ocr_line' id='line_1_13' title="bbox 108 1014 1551 1076; baseline -0.001 -18"><span class='ocrx_word' id='word_1_105' title='bbox 108 1017 271 1073; x_wconf 82' lang='grc' dir='ltr'><strong><em>ημένοι,</em></strong></span> <span class='ocrx_word' id='word_1_106' title='bbox 300 1020 464 1061; x_wconf 78' lang='grc' dir='ltr'><strong><em>ἐδέοντο</em></strong></span> <span class='ocrx_word' id='word_1_107' title='bbox 491 1018 614 1076; x_wconf 83' lang='grc' dir='ltr'><strong><em>σφίσι</em></strong></span> <span class='ocrx_word' id='word_1_108' title='bbox 640 1026 905 1075; x_wconf 84' lang='grc' dir='ltr'><strong><em>συμμαχεῖν,</em></strong></span> <span class='ocrx_word' id='word_1_109' title='bbox 933 1019 1066 1062; x_wconf 76' lang='grc' dir='ltr'><strong><em>πολλὰ</em></strong></span> <span class='ocrx_word' id='word_1_110' title='bbox 1098 1014 1443 1073; x_wconf 82' lang='grc' dir='ltr'><strong><em>ἐπαγγελλόμενοι</em></strong></span> <span class='ocrx_word' id='word_1_111' title='bbox 1469 1031 1551 1075; x_wconf 82' lang='grc' dir='ltr'><strong><em>πα-</em></strong></span> 
     </span>
     <span class='ocr_line' id='line_1_14' title="bbox 109 1082 1551 1141; baseline -0.001 -15"><span class='ocrx_word' id='word_1_112' title='bbox 109 1086 243 1136; x_wconf 78' lang='grc' dir='ltr'><strong><em>ρέξειν</em></strong></span> <span class='ocrx_word' id='word_1_113' title='bbox 268 1082 481 1139; x_wconf 80' lang='grc' dir='ltr'><strong><em>χρήματα.</em></strong></span> <span class='ocrx_word' id='word_1_114' title='bbox 534 1084 607 1127; x_wconf 81' lang='grc' dir='ltr'><strong><em>τὸν</em></strong></span> <span class='ocrx_word' id='word_1_115' title='bbox 646 1087 694 1127; x_wconf 81' lang='grc' dir='ltr'><strong>δὲ</strong></span> <span class='ocrx_word' id='word_1_116' title='bbox 742 1090 904 1140; x_wconf 82' lang='grc' dir='ltr'><strong><em>μᾶλλον</em></strong></span> <span class='ocrx_word' id='word_1_117' title='bbox 944 1083 1117 1129; x_wconf 76' lang='grc' dir='ltr'><strong><em>ἑλέσθαι</em></strong></span> <span class='ocrx_word' id='word_1_118' title='bbox 1150 1083 1194 1128; x_wconf 80' lang='grc' dir='ltr'><strong>τὸ</strong></span> <span class='ocrx_word' id='word_1_119' title='bbox 1226 1085 1367 1141; x_wconf 76' lang='grc' dir='ltr'><strong><em>ἐκείνῳ</em></strong></span> <span class='ocrx_word' id='word_1_120' title='bbox 1395 1086 1551 1138; x_wconf 81' lang='grc' dir='ltr'><strong><em>προῖκα</em></strong></span> 
     </span>
     <span class='ocr_line' id='line_1_15' title="bbox 105 1145 1552 1207; baseline -0.001 -18"><span class='ocrx_word' id='word_1_121' title='bbox 105 1155 368 1203; x_wconf 81' lang='grc' dir='ltr'><strong><em>συμμαχεῖν,</em></strong></span> <span class='ocrx_word' id='word_1_122' title='bbox 416 1145 446 1206; x_wconf 78' lang='grc' dir='ltr'><em>ἢ</em></span> <span class='ocrx_word' id='word_1_123' title='bbox 486 1150 619 1193; x_wconf 77' lang='grc' dir='ltr'><strong><em>πολλὰ</em></strong></span> <span class='ocrx_word' id='word_1_124' title='bbox 648 1154 751 1207; x_wconf 80' lang='grc' dir='ltr'><strong><em>παρ’</em></strong></span> <span class='ocrx_word' id='word_1_125' title='bbox 777 1153 943 1194; x_wconf 77' lang='grc' dir='ltr'><strong><em>ἐκείνων</em></strong></span> <span class='ocrx_word' id='word_1_126' title='bbox 967 1151 1169 1207; x_wconf 86' lang='grc' dir='ltr'><strong><em>χρήματα</em></strong></span> <span class='ocrx_word' id='word_1_127' title='bbox 1197 1148 1441 1204; x_wconf 81' lang='grc' dir='ltr'><strong><em>λαμβάνειν.</em></strong></span> <span class='ocrx_word' id='word_1_128' title='bbox 1496 1147 1552 1189; x_wconf 84' lang='grc' dir='ltr'><strong><em>ου’</em></strong></span> 
     </span>
     <span class='ocr_line' id='line_1_16' title="bbox 59 1211 1550 1276; baseline -0.001 -20"><span class='ocrx_word' id='word_1_129' title='bbox 59 1213 194 1270; x_wconf 81' lang='grc' dir='ltr'><strong><em>ι5μὴν</em></strong></span> <span class='ocrx_word' id='word_1_130' title='bbox 218 1211 328 1258; x_wconf 74' lang='grc' dir='ltr'><strong><em>ἄλλα</em></strong></span> <span class='ocrx_word' id='word_1_131' title='bbox 353 1216 642 1273; x_wconf 75' lang='grc' dir='ltr'><strong><em>καὶπρότερον</em></strong></span> <span class='ocrx_word' id='word_1_132' title='bbox 668 1218 792 1276; x_wconf 78' lang='grc' dir='ltr'><strong><em>ὀλίγῳ</em></strong></span> <span class='ocrx_word' id='word_1_133' title='bbox 819 1217 893 1260; x_wconf 83' lang='grc' dir='ltr'><strong><em>τὸν</em></strong></span> <span class='ocrx_word' id='word_1_134' title='bbox 910 1216 1092 1273; x_wconf 79' lang='grc' dir='ltr'><strong><em>Ἀσάνην</em></strong></span> <span class='ocrx_word' id='word_1_135' title='bbox 1110 1215 1319 1260; x_wconf 82' lang='grc' dir='ltr'><strong><em>Ἰσαάκιον</em></strong></span> <span class='ocrx_word' id='word_1_136' title='bbox 1345 1212 1420 1256; x_wconf 82' lang='grc' dir='ltr'><strong><em>τὸν</em></strong></span> <span class='ocrx_word' id='word_1_137' title='bbox 1445 1218 1550 1255; x_wconf 82' lang='grc' dir='ltr'><strong><em>παν·-</em></strong></span> 
     </span>
     <span class='ocr_line' id='line_1_17' title="bbox 102 1275 1549 1339; baseline 0 -19"><span class='ocrx_word' id='word_1_138' title='bbox 102 1279 416 1336; x_wconf 81' lang='grc' dir='ltr'><strong><em>υπερσέβαστον</em></strong></span> <span class='ocrx_word' id='word_1_139' title='bbox 453 1282 562 1338; x_wconf 85' lang='grc' dir='ltr'><strong><em>πρὸς</em></strong></span> <span class='ocrx_word' id='word_1_140' title='bbox 597 1286 813 1337; x_wconf 76' lang='grc' dir='ltr'><strong><em>Σουλιμᾶν</em></strong></span> <span class='ocrx_word' id='word_1_141' title='bbox 850 1282 925 1326; x_wconf 84' lang='grc' dir='ltr'><strong><em>τὸν</em></strong></span> <span class='ocrx_word' id='word_1_142' title='bbox 954 1284 1141 1339; x_wconf 81' lang='grc' dir='ltr'><strong><em>Καρασῆ</em></strong></span> <span class='ocrx_word' id='word_1_143' title='bbox 1172 1283 1363 1337; x_wconf 81' lang='grc' dir='ltr'><strong><em>Φρυγίας</em></strong></span> <span class='ocrx_word' id='word_1_144' title='bbox 1389 1275 1549 1334; x_wconf 81' lang='grc' dir='ltr'><strong><em>σατρά-</em></strong></span> 
     </span>
     <span class='ocr_line' id='line_1_18' title="bbox 103 1342 1549 1405; baseline 0.001 -19"><span class='ocrx_word' id='word_1_145' title='bbox 103 1362 186 1400; x_wconf 85' lang='grc' dir='ltr'><strong><em>πην</em></strong></span> <span class='ocrx_word' id='word_1_146' title='bbox 221 1346 453 1402; x_wconf 71' lang='grc' dir='ltr'><strong><em>ἀφικέσθαι</em></strong></span> <span class='ocrx_word' id='word_1_147' title='bbox 490 1352 563 1392; x_wconf 82' lang='grc' dir='ltr'>καί</span> <span class='ocrx_word' id='word_1_148' title='bbox 603 1351 771 1392; x_wconf 77' lang='grc' dir='ltr'><strong><em>δεῖσθαι</em></strong></span> <span class='ocrx_word' id='word_1_149' title='bbox 810 1346 945 1393; x_wconf 75' lang='grc' dir='ltr'><strong><em>αὖτοῦ</em></strong></span> <span class='ocrx_word' id='word_1_150' title='bbox 971 1349 1170 1405; x_wconf 83' lang='grc' dir='ltr'><strong><em>χρήματα</em></strong></span> <span class='ocrx_word' id='word_1_151' title='bbox 1208 1344 1340 1389; x_wconf 80' lang='grc' dir='ltr'><strong><em>πολλὰ</em></strong></span> <span class='ocrx_word' id='word_1_152' title='bbox 1366 1342 1549 1398; x_wconf 81' lang='grc' dir='ltr'><strong><em>λαβόντα</em></strong></span> 
     </span>
     <span class='ocr_line' id='line_1_19' title="bbox 103 1409 1553 1472; baseline -0.009 -8"><span class='ocrx_word' id='word_1_153' title='bbox 103 1417 344 1465; x_wconf 70' lang='grc' dir='ltr'><strong><em>συμμαχεῖν</em></strong></span> <span class='ocrx_word' id='word_1_154' title='bbox 386 1415 454 1455; x_wconf 79' lang='grc' dir='ltr'><strong>ἐπ’</strong></span> <span class='ocrx_word' id='word_1_155' title='bbox 492 1415 657 1459; x_wconf 80' lang='grc' dir='ltr'><strong><em>ἐκεῖνον.</em></strong></span> <span class='ocrx_word' id='word_1_156' title='bbox 710 1415 778 1458; x_wconf 85' lang='grc' dir='ltr'><strong><em>τὸν</em></strong></span> <span class='ocrx_word' id='word_1_157' title='bbox 807 1418 854 1459; x_wconf 82' lang='grc' dir='ltr'><strong>δὲ</strong></span> <span class='ocrx_word' id='word_1_158' title='bbox 880 1417 990 1472; x_wconf 77' lang='grc' dir='ltr'><strong><em>μηδὲ</em></strong></span> <span class='ocrx_word' id='word_1_159' title='bbox 1021 1413 1156 1458; x_wconf 73' lang='grc' dir='ltr'><strong><em>αὐτὸν</em></strong></span> <span class='ocrx_word' id='word_1_160' title='bbox 1182 1414 1422 1455; x_wconf 73' lang='grc' dir='ltr'><strong><em>πεπεῖσθαι.</em></strong></span> <span class='ocrx_word' id='word_1_161' title='bbox 1477 1409 1553 1452; x_wconf 77' lang='grc' dir='ltr'><strong><em>καὶ</em></strong></span> 
     </span>
     <span class='ocr_line' id='line_1_20' title="bbox 104 1470 1547 1536; baseline -0.002 -15"><span class='ocrx_word' id='word_1_162' title='bbox 104 1470 232 1529; x_wconf 71' lang='grc' dir='ltr'><strong><em>αὖθις</em></strong></span> <span class='ocrx_word' id='word_1_163' title='bbox 270 1475 343 1519; x_wconf 81' lang='grc' dir='ltr'><strong><em>τὸν</em></strong></span> <span class='ocrx_word' id='word_1_164' title='bbox 383 1478 759 1534; x_wconf 82' lang='grc' dir='ltr'><strong><em>παρακοιμοόμενον</em></strong></span> <span class='ocrx_word' id='word_1_165' title='bbox 797 1483 873 1536; x_wconf 83' lang='grc' dir='ltr'><strong>τῆς</strong></span> <span class='ocrx_word' id='word_1_166' title='bbox 908 1480 1047 1536; x_wconf 76' lang='grc' dir='ltr'><strong><em>αὐτῆς</em></strong></span> <span class='ocrx_word' id='word_1_167' title='bbox 1066 1482 1184 1523; x_wconf 73' lang='grc' dir='ltr'><strong><em>ἕνεκα</em></strong></span> <span class='ocrx_word' id='word_1_168' title='bbox 1214 1480 1351 1527; x_wconf 83' lang='grc' dir='ltr'><strong><em>αἰτίας</em></strong></span> <span class='ocrx_word' id='word_1_169' title='bbox 1377 1476 1450 1518; x_wconf 75' lang='grc' dir='ltr'><strong>ἐπὶ</strong></span> <span class='ocrx_word' id='word_1_170' title='bbox 1474 1474 1547 1518; x_wconf 82' lang='grc' dir='ltr'><strong><em>τὸν</em></strong></span> 
     </span>
     <span class='ocr_line' id='line_1_21' title="bbox 50 1540 1674 1601; baseline 0.001 -20"><span class='ocrx_word' id='word_1_171' title='bbox 50 1540 232 1587; x_wconf 55' lang='lat' dir='ltr'><strong>wauton</strong></span> <span class='ocrx_word' id='word_1_172' title='bbox 273 1545 440 1586; x_wconf 73' lang='grc' dir='ltr'><strong><em>ἐλθεῖν·</em></strong></span> <span class='ocrx_word' id='word_1_173' title='bbox 514 1544 588 1587; x_wconf 87' lang='grc' dir='ltr'><strong><em>τὸν</em></strong></span> <span class='ocrx_word' id='word_1_174' title='bbox 626 1547 674 1588; x_wconf 73' lang='grc' dir='ltr'><strong>δὲ</strong></span> <span class='ocrx_word' id='word_1_175' title='bbox 728 1549 923 1588; x_wconf 83' lang='grc' dir='ltr'><strong><em>τοσοῦτον</em></strong></span> <span class='ocrx_word' id='word_1_176' title='bbox 964 1547 1115 1601; x_wconf 79' lang='grc' dir='ltr'><strong><em>δεῆσαι</em></strong></span> <span class='ocrx_word' id='word_1_177' title='bbox 1141 1546 1368 1586; x_wconf 79' lang='grc' dir='ltr'><strong><em>πείθεσθαι</em></strong></span> <span class='ocrx_word' id='word_1_178' title='bbox 1397 1543 1674 1599; x_wconf 62' lang='grc' dir='ltr'><strong><em>αὕτιῑῐ,ν.5ο9</em></strong></span> 
     </span>
     <span class='ocr_line' id='line_1_22' title="bbox 103 1602 1586 1667; baseline 0.001 -19"><span class='ocrx_word' id='word_1_179' title='bbox 103 1603 202 1649; x_wconf 72' lang='grc' dir='ltr'><strong><em>ὥστ’</em></strong></span> <span class='ocrx_word' id='word_1_180' title='bbox 240 1609 339 1652; x_wconf 78' lang='grc' dir='ltr'><strong><em>ου’δὲ</em></strong></span> <span class='ocrx_word' id='word_1_181' title='bbox 374 1611 479 1660; x_wconf 75' lang='grc' dir='ltr'><strong><em>θέας</em></strong></span> <span class='ocrx_word' id='word_1_182' title='bbox 504 1613 605 1665; x_wconf 77' lang='grc' dir='ltr'><strong><em>γοῦν</em></strong></span> <span class='ocrx_word' id='word_1_183' title='bbox 632 1614 760 1667; x_wconf 81' lang='grc' dir='ltr'><strong><em>ψιλῆς</em></strong></span> <span class='ocrx_word' id='word_1_184' title='bbox 782 1613 1017 1667; x_wconf 77' lang='grc' dir='ltr'><strong><em>ἠξιωκέναι.</em></strong></span> <span class='ocrx_word' id='word_1_185' title='bbox 1072 1609 1206 1665; x_wconf 76' lang='grc' dir='ltr'><strong><em>ἐκείνη</em></strong></span> <span class='ocrx_word' id='word_1_186' title='bbox 1232 1611 1310 1663; x_wconf 80' lang='grc' dir='ltr'><strong>μὲν</strong></span> <span class='ocrx_word' id='word_1_187' title='bbox 1340 1602 1415 1649; x_wconf 79' lang='grc' dir='ltr'><strong><em>οὖν</em></strong></span> <span class='ocrx_word' id='word_1_188' title='bbox 1439 1605 1467 1661; x_wconf 82' lang='grc' dir='ltr'><strong><em>ἦ</em></strong></span> <span class='ocrx_word' id='word_1_189' title='bbox 1496 1604 1586 1661; x_wconf 72' lang='grc' dir='ltr'><strong>ἧ-Ω</strong></span> 
     </span>
     <span class='ocr_line' id='line_1_23' title="bbox 100 1673 1549 1733; baseline -0.002 -17"><span class='ocrx_word' id='word_1_190' title='bbox 100 1675 212 1728; x_wconf 82' lang='grc' dir='ltr'><strong><em>μέρα</em></strong></span> <span class='ocrx_word' id='word_1_191' title='bbox 251 1676 326 1716; x_wconf 80' lang='grc' dir='ltr'><em>καί</em></span> <span class='ocrx_word' id='word_1_192' title='bbox 361 1677 438 1717; x_wconf 82' lang='grc' dir='ltr'><strong><em>ου’κ</em></strong></span> <span class='ocrx_word' id='word_1_193' title='bbox 476 1675 615 1732; x_wconf 78' lang='grc' dir='ltr'><strong><em>ὀλίγον</em></strong></span> <span class='ocrx_word' id='word_1_194' title='bbox 641 1679 717 1733; x_wconf 83' lang='grc' dir='ltr'><strong>τῆς</strong></span> <span class='ocrx_word' id='word_1_195' title='bbox 745 1678 893 1727; x_wconf 79' lang='grc' dir='ltr'><strong><em>νυκτός</em></strong></span> <span class='ocrx_word' id='word_1_196' title='bbox 929 1680 1002 1720; x_wconf 82' lang='grc' dir='ltr'><em>καί</em></span> <span class='ocrx_word' id='word_1_197' title='bbox 1041 1676 1067 1732; x_wconf 83' lang='grc' dir='ltr'><em>ἦ</em></span> <span class='ocrx_word' id='word_1_198' title='bbox 1097 1677 1273 1719; x_wconf 81' lang='grc' dir='ltr'><strong><em>ἐπιοῦσα</em></strong></span> <span class='ocrx_word' id='word_1_199' title='bbox 1299 1674 1438 1729; x_wconf 78' lang='grc' dir='ltr'><strong><em>ἡμέρα</em></strong></span> <span class='ocrx_word' id='word_1_200' title='bbox 1474 1673 1549 1714; x_wconf 77' lang='grc' dir='ltr'><strong><em>καὶ</em></strong></span> 
     </span>
     <span class='ocr_line' id='line_1_24' title="bbox 101 1732 1546 1798; baseline -0.002 -16"><span class='ocrx_word' id='word_1_201' title='bbox 101 1737 176 1789; x_wconf 74' lang='grc' dir='ltr'><strong><em>νὺξ</em></strong></span> <span class='ocrx_word' id='word_1_202' title='bbox 204 1736 354 1792; x_wconf 78' lang='grc' dir='ltr'><strong><em>ὁμοίως</em></strong></span> <span class='ocrx_word' id='word_1_203' title='bbox 381 1739 567 1784; x_wconf 80' lang='grc' dir='ltr'><strong><em>α’νάλωτο</em></strong></span> <span class='ocrx_word' id='word_1_204' title='bbox 598 1744 644 1786; x_wconf 78' lang='grc' dir='ltr'><strong><em>ἐν</em></strong></span> <span class='ocrx_word' id='word_1_205' title='bbox 669 1748 757 1793; x_wconf 85' lang='grc' dir='ltr'><strong><em>τοῖς</em></strong></span> <span class='ocrx_word' id='word_1_206' title='bbox 782 1742 1001 1798; x_wconf 78' lang='grc' dir='ltr'><strong><em>τοιούτοις,</em></strong></span> <span class='ocrx_word' id='word_1_207' title='bbox 1027 1743 1235 1797; x_wconf 86' lang='grc' dir='ltr'><strong><em>βασιλέως</em></strong></span> <span class='ocrx_word' id='word_1_208' title='bbox 1263 1741 1342 1794; x_wconf 84' lang='grc' dir='ltr'><strong>μὲν</strong></span> <span class='ocrx_word' id='word_1_209' title='bbox 1370 1738 1420 1781; x_wconf 78' lang='grc' dir='ltr'><strong>τὰ</strong></span> <span class='ocrx_word' id='word_1_210' title='bbox 1453 1732 1546 1780; x_wconf 78' lang='grc' dir='ltr'><strong><em>κατ’</em></strong></span> 
     </span>
    </p>
   </div>
   <div class='ocr_carea' id='block_1_3' title="bbox 196 1830 877 1879">
    <p class='ocr_par' dir='ltr' id='par_1_3' title="bbox 196 1830 877 1879">
     <span class='ocr_line' id='line_1_25' title="bbox 196 1830 877 1879; baseline 0.007 -15"><span class='ocrx_word' id='word_1_211' title='bbox 196 1830 403 1877; x_wconf 72' lang='grc' dir='ltr'><strong><em>ιμεγιίλην</em></strong></span> <span class='ocrx_word' id='word_1_212' title='bbox 428 1832 465 1870; x_wconf 85' lang='grc' dir='ltr'><strong>Ρ.</strong></span> <span class='ocrx_word' id='word_1_213' title='bbox 560 1833 591 1878; x_wconf 77' lang='grc'><strong>4.</strong></span> <span class='ocrx_word' id='word_1_214' title='bbox 617 1830 820 1879; x_wconf 81' lang='grc' dir='ltr'><strong><em>α’ξιόχρεον</em></strong></span> <span class='ocrx_word' id='word_1_215' title='bbox 842 1835 877 1869; x_wconf 82' lang='grc' dir='ltr'><strong>Ρ.</strong></span> 
     </span>
    </p>
   </div>
   <div class='ocr_carea' id='block_1_4' title="bbox 91 1921 1540 2855">
    <p class='ocr_par' dir='ltr' id='par_1_4' title="bbox 91 1921 1540 2855">
     <span class='ocr_line' id='line_1_26' title="bbox 98 1921 1540 1969; baseline 0.002 -17"><span class='ocrx_word' id='word_1_216' title='bbox 98 1921 268 1964; x_wconf 81' lang='lat' dir='ltr'>coegisse.</span> <span class='ocrx_word' id='word_1_217' title='bbox 327 1921 419 1954; x_wconf 91' lang='lat' dir='ltr'><strong>Nam</strong></span> <span class='ocrx_word' id='word_1_218' title='bbox 450 1921 533 1954; x_wconf 89' lang='lat' dir='ltr'><strong>illos</strong></span> <span class='ocrx_word' id='word_1_219' title='bbox 566 1921 650 1956; x_wconf 89' lang='lat' dir='ltr'><strong>data</strong></span> <span class='ocrx_word' id='word_1_220' title='bbox 686 1924 842 1967; x_wconf 89' lang='lat' dir='ltr'><strong>pecunia</strong></span> <span class='ocrx_word' id='word_1_221' title='bbox 892 1927 929 1956; x_wconf 87' lang='lat' dir='ltr'><strong>et</strong></span> <span class='ocrx_word' id='word_1_222' title='bbox 950 1923 1103 1957; x_wconf 85' lang='lat' dir='ltr'>urbibus</span> <span class='ocrx_word' id='word_1_223' title='bbox 1149 1921 1353 1969; x_wconf 87' lang='lat' dir='ltr'><strong>propinatis</strong></span> <span class='ocrx_word' id='word_1_224' title='bbox 1390 1925 1427 1954; x_wconf 84' lang='lat' dir='ltr'><strong>et</strong></span> <span class='ocrx_word' id='word_1_225' title='bbox 1468 1921 1540 1955; x_wconf 82' lang='lat' dir='ltr'><strong>Ro-</strong></span> 
     </span>
     <span class='ocr_line' id='line_1_27' title="bbox 98 1967 1539 2016; baseline 0.001 -17"><span class='ocrx_word' id='word_1_226' title='bbox 98 1977 205 2001; x_wconf 89' lang='lat' dir='ltr'><strong>mano</strong></span> <span class='ocrx_word' id='word_1_227' title='bbox 238 1968 392 2012; x_wconf 86' lang='lat' dir='ltr'><strong>imperio</strong></span> <span class='ocrx_word' id='word_1_228' title='bbox 425 1968 634 2012; x_wconf 80' lang='lat' dir='ltr'><strong>ingentibus</strong></span> <span class='ocrx_word' id='word_1_229' title='bbox 670 1975 708 2003; x_wconf 85' lang='lat' dir='ltr'><strong>et</strong></span> <span class='ocrx_word' id='word_1_230' title='bbox 740 1970 961 2004; x_wconf 83' lang='lat' dir='ltr'>admirandis</span> <span class='ocrx_word' id='word_1_231' title='bbox 986 1968 1208 2016; x_wconf 86' lang='lat' dir='ltr'><strong>quibusdam</strong></span> <span class='ocrx_word' id='word_1_232' title='bbox 1231 1967 1338 2001; x_wconf 84' lang='lat' dir='ltr'><strong>bonis</strong></span> <span class='ocrx_word' id='word_1_233' title='bbox 1367 1967 1539 2012; x_wconf 87' lang='lat' dir='ltr'><strong>spoliato,</strong></span> 
     </span>
     <span class='ocr_line' id='line_1_28' title="bbox 99 2013 1538 2062; baseline 0.001 -17"><span class='ocrx_word' id='word_1_234' title='bbox 99 2024 173 2046; x_wconf 89' lang='lat' dir='ltr'><strong>non</strong></span> <span class='ocrx_word' id='word_1_235' title='bbox 205 2013 345 2048; x_wconf 90' lang='lat' dir='ltr'><strong>Cralem</strong></span> <span class='ocrx_word' id='word_1_236' title='bbox 379 2013 566 2047; x_wconf 82' lang='lat' dir='ltr'><strong>dumtaxat</strong></span> <span class='ocrx_word' id='word_1_237' title='bbox 600 2016 846 2050; x_wconf 83' lang='lat' dir='ltr'><strong>Triballorum</strong></span> <span class='ocrx_word' id='word_1_238' title='bbox 878 2017 1080 2062; x_wconf 85' lang='lat' dir='ltr'><strong>principem</strong></span> <span class='ocrx_word' id='word_1_239' title='bbox 1099 2042 1108 2057; x_wconf 93' lang='lat'>,</span> <span class='ocrx_word' id='word_1_240' title='bbox 1142 2016 1205 2050; x_wconf 90' lang='lat' dir='ltr'><strong>sed</strong></span> <span class='ocrx_word' id='word_1_241' title='bbox 1231 2020 1268 2049; x_wconf 85' lang='lat' dir='ltr'><strong>et</strong></span> <span class='ocrx_word' id='word_1_242' title='bbox 1293 2015 1538 2048; x_wconf 77' lang='lat' dir='ltr'>Alexandrum</span> 
     </span>
     <span class='ocr_line' id='line_1_29' title="bbox 99 2059 1537 2108; baseline 0.002 -17"><span class='ocrx_word' id='word_1_243' title='bbox 99 2059 305 2094; x_wconf 85' lang='lat' dir='ltr'>Moesorum</span> <span class='ocrx_word' id='word_1_244' title='bbox 336 2071 453 2105; x_wconf 87' lang='lat' dir='ltr'><strong>regem</strong></span> <span class='ocrx_word' id='word_1_245' title='bbox 470 2086 479 2100; x_wconf 92' lang='lat'>,</span> <span class='ocrx_word' id='word_1_246' title='bbox 521 2063 694 2096; x_wconf 88' lang='lat' dir='ltr'><strong>utrumvis</strong></span> <span class='ocrx_word' id='word_1_247' title='bbox 732 2075 797 2108; x_wconf 89' lang='lat' dir='ltr'><strong>per</strong></span> <span class='ocrx_word' id='word_1_248' title='bbox 822 2074 861 2097; x_wconf 77' lang='lat' dir='ltr'><strong>se</strong></span> <span class='ocrx_word' id='word_1_249' title='bbox 887 2064 1064 2097; x_wconf 84' lang='lat' dir='ltr'><strong>universis</strong></span> <span class='ocrx_word' id='word_1_250' title='bbox 1087 2062 1256 2096; x_wconf 85' lang='lat' dir='ltr'><strong>Romanis</strong></span> <span class='ocrx_word' id='word_1_251' title='bbox 1278 2062 1387 2095; x_wconf 88' lang='lat' dir='ltr'><strong>simul</strong></span> <span class='ocrx_word' id='word_1_252' title='bbox 1413 2072 1537 2106; x_wconf 87' lang='lat' dir='ltr'><strong>parem</strong></span> 
     </span>
     <span class='ocr_line' id='line_1_30' title="bbox 97 2106 1536 2155; baseline 0.002 -17"><span class='ocrx_word' id='word_1_253' title='bbox 97 2108 340 2150; x_wconf 77' lang='lat' dir='ltr'><strong>permovisse,</strong></span> <span class='ocrx_word' id='word_1_254' title='bbox 367 2113 410 2141; x_wconf 85' lang='lat' dir='ltr'><strong>ut</strong></span> <span class='ocrx_word' id='word_1_255' title='bbox 433 2106 504 2141; x_wconf 89' lang='lat' dir='ltr'><strong>sibi</strong></span> <span class='ocrx_word' id='word_1_256' title='bbox 529 2108 652 2143; x_wconf 84' lang='lat' dir='ltr'><strong>hostes</strong></span> <span class='ocrx_word' id='word_1_257' title='bbox 678 2110 818 2147; x_wconf 86' lang='lat' dir='ltr'><strong>fierent.</strong></span> <span class='ocrx_word' id='word_1_258' title='bbox 865 2110 960 2144; x_wconf 85' lang='lat' dir='ltr'><strong>Hinc</strong></span> <span class='ocrx_word' id='word_1_259' title='bbox 983 2121 1022 2143; x_wconf 90' lang='lat' dir='ltr'><strong>se</strong></span> <span class='ocrx_word' id='word_1_260' title='bbox 1045 2121 1192 2155; x_wconf 88' lang='lat' dir='ltr'><strong>quoque</strong></span> <span class='ocrx_word' id='word_1_261' title='bbox 1215 2113 1378 2142; x_wconf 83' lang='lat' dir='ltr'><strong>coactum</strong></span> <span class='ocrx_word' id='word_1_262' title='bbox 1404 2107 1536 2142; x_wconf 89' lang='lat' dir='ltr'><strong>barba-</strong></span> 
     </span>
     <span class='ocr_line' id='line_1_31' title="bbox 98 2153 1536 2202; baseline 0.001 -16"><span class='ocrx_word' id='word_1_263' title='bbox 98 2153 212 2186; x_wconf 90' lang='lat' dir='ltr'><strong>ricum</strong></span> <span class='ocrx_word' id='word_1_264' title='bbox 242 2154 407 2188; x_wconf 85' lang='lat' dir='ltr'><strong>invocare</strong></span> <span class='ocrx_word' id='word_1_265' title='bbox 442 2154 642 2190; x_wconf 83' lang='lat' dir='ltr'><strong>auxilium:</strong></span> <span class='ocrx_word' id='word_1_266' title='bbox 682 2167 761 2189; x_wconf 90' lang='lat' dir='ltr'><strong>cum</strong></span> <span class='ocrx_word' id='word_1_267' title='bbox 794 2157 1006 2202; x_wconf 88' lang='lat' dir='ltr'><strong>praesertim</strong></span> <span class='ocrx_word' id='word_1_268' title='bbox 1026 2157 1156 2198; x_wconf 87' lang='lat' dir='ltr'><strong>sciret,</strong></span> <span class='ocrx_word' id='word_1_269' title='bbox 1178 2155 1262 2189; x_wconf 89' lang='lat' dir='ltr'><strong>illos</strong></span> <span class='ocrx_word' id='word_1_270' title='bbox 1284 2155 1472 2189; x_wconf 83' lang='lat' dir='ltr'><strong>adversum</strong></span> <span class='ocrx_word' id='word_1_271' title='bbox 1496 2165 1536 2188; x_wconf 89' lang='lat' dir='ltr'><strong>se</strong></span> 
     </span>
     <span class='ocr_line' id='line_1_32' title="bbox 99 2201 1534 2246; baseline 0.001 -14"><span class='ocrx_word' id='word_1_272' title='bbox 99 2211 142 2233; x_wconf 88' lang='lat' dir='ltr'><strong>eo</strong></span> <span class='ocrx_word' id='word_1_273' title='bbox 178 2210 327 2241; x_wconf 84' lang='lat' dir='ltr'><strong>usuros,</strong></span> <span class='ocrx_word' id='word_1_274' title='bbox 351 2202 382 2234; x_wconf 71' lang='lat' dir='ltr'><strong>ei</strong></span> <span class='ocrx_word' id='word_1_275' title='bbox 407 2201 486 2246; x_wconf 88' lang='lat' dir='ltr'><strong>ipse</strong></span> <span class='ocrx_word' id='word_1_276' title='bbox 513 2204 567 2236; x_wconf 90' lang='lat' dir='ltr'><strong>uti</strong></span> <span class='ocrx_word' id='word_1_277' title='bbox 599 2202 789 2236; x_wconf 80' lang='lat' dir='ltr'><strong>noluisset.</strong></span> <span class='ocrx_word' id='word_1_278' title='bbox 838 2204 920 2237; x_wconf 86' lang='lat' dir='ltr'><strong>Non</strong></span> <span class='ocrx_word' id='word_1_279' title='bbox 946 2207 1042 2237; x_wconf 87' lang='lat' dir='ltr'><strong>enim</strong></span> <span class='ocrx_word' id='word_1_280' title='bbox 1069 2214 1166 2237; x_wconf 90' lang='lat' dir='ltr'><strong>nunc</strong></span> <span class='ocrx_word' id='word_1_281' title='bbox 1189 2202 1273 2235; x_wconf 88' lang='lat' dir='ltr'><strong>ideo</strong></span> <span class='ocrx_word' id='word_1_282' title='bbox 1297 2202 1534 2235; x_wconf 85' lang='lat' dir='ltr'><strong>barbarorum</strong></span> 
     </span>
     <span class='ocr_line' id='line_1_33' title="bbox 97 2249 1533 2295; baseline 0.003 -17"><span class='ocrx_word' id='word_1_283' title='bbox 97 2257 206 2290; x_wconf 88' lang='lat' dir='ltr'><strong>opera</strong></span> <span class='ocrx_word' id='word_1_284' title='bbox 236 2257 297 2280; x_wconf 89' lang='lat' dir='ltr'><strong>eos</strong></span> <span class='ocrx_word' id='word_1_285' title='bbox 321 2259 396 2282; x_wconf 86' lang='lat' dir='ltr'><strong>nou</strong></span> <span class='ocrx_word' id='word_1_286' title='bbox 417 2249 494 2288; x_wconf 90' lang='lat' dir='ltr'><strong>uti,</strong></span> <span class='ocrx_word' id='word_1_287' title='bbox 519 2250 604 2295; x_wconf 82' lang='lat' dir='ltr'><strong>quia</strong></span> <span class='ocrx_word' id='word_1_288' title='bbox 637 2250 774 2284; x_wconf 81' lang='lat' dir='ltr'>nolint:</span> <span class='ocrx_word' id='word_1_289' title='bbox 804 2250 867 2283; x_wconf 87' lang='lat' dir='ltr'><strong>sed</strong></span> <span class='ocrx_word' id='word_1_290' title='bbox 892 2249 992 2295; x_wconf 89' lang='lat' dir='ltr'><strong>quod</strong></span> <span class='ocrx_word' id='word_1_291' title='bbox 1021 2250 1066 2283; x_wconf 84' lang='lat' dir='ltr'><strong>iis</strong></span> <span class='ocrx_word' id='word_1_292' title='bbox 1091 2250 1342 2284; x_wconf 84' lang='lat' dir='ltr'><strong>Cantacuzeno</strong></span> <span class='ocrx_word' id='word_1_293' title='bbox 1374 2249 1533 2282; x_wconf 87' lang='lat' dir='ltr'><strong>militare</strong></span> 
     </span>
     <span class='ocr_line' id='line_1_34' title="bbox 95 2292 1534 2342; baseline 0.003 -17"><span class='ocrx_word' id='word_1_294' title='bbox 95 2292 340 2334; x_wconf 87' lang='lat' dir='ltr'><strong>malentibus,</strong></span> <span class='ocrx_word' id='word_1_295' title='bbox 373 2296 582 2329; x_wconf 86' lang='lat' dir='ltr'><strong>societatem</strong></span> <span class='ocrx_word' id='word_1_296' title='bbox 618 2295 836 2341; x_wconf 86' lang='lat' dir='ltr'><strong>persuadere</strong></span> <span class='ocrx_word' id='word_1_297' title='bbox 875 2302 1069 2342; x_wconf 87' lang='lat' dir='ltr'>nequeant.</span> <span class='ocrx_word' id='word_1_298' title='bbox 1137 2295 1397 2329; x_wconf 83' lang='lat' dir='ltr'><strong>Recentissime</strong></span> <span class='ocrx_word' id='word_1_299' title='bbox 1435 2296 1534 2329; x_wconf 84' lang='lat' dir='ltr'><strong>enim</strong></span> 
     </span>
     <span class='ocr_line' id='line_1_35' title="bbox 95 2339 1531 2388; baseline 0.002 -16"><span class='ocrx_word' id='word_1_300' title='bbox 95 2340 142 2373; x_wconf 89' lang='lat' dir='ltr'><strong>ad</strong></span> <span class='ocrx_word' id='word_1_301' title='bbox 186 2339 388 2373; x_wconf 87' lang='lat' dir='ltr'><strong>Orchanem</strong></span> <span class='ocrx_word' id='word_1_302' title='bbox 428 2341 570 2376; x_wconf 83' lang='lat' dir='ltr'><strong>Persam</strong></span> <span class='ocrx_word' id='word_1_303' title='bbox 608 2342 829 2388; x_wconf 87' lang='lat' dir='ltr'><strong>legationem</strong></span> <span class='ocrx_word' id='word_1_304' title='bbox 865 2343 1024 2384; x_wconf 87' lang='lat' dir='ltr'><strong>misisse,</strong></span> <span class='ocrx_word' id='word_1_305' title='bbox 1063 2344 1294 2387; x_wconf 83' lang='lat' dir='ltr'><strong>oravisseque</strong></span> <span class='ocrx_word' id='word_1_306' title='bbox 1335 2343 1531 2387; x_wconf 85' lang='lat' dir='ltr'><strong>suppetias,</strong></span> 
     </span>
     <span class='ocr_line' id='line_1_36' title="bbox 94 2387 1537 2434; baseline 0.003 -16"><span class='ocrx_word' id='word_1_307' title='bbox 94 2387 287 2430; x_wconf 86' lang='lat' dir='ltr'><strong>pecuniam</strong></span> <span class='ocrx_word' id='word_1_308' title='bbox 312 2388 570 2431; x_wconf 83' lang='lat' dir='ltr'><strong>praegrandem</strong></span> <span class='ocrx_word' id='word_1_309' title='bbox 594 2389 820 2434; x_wconf 85' lang='lat' dir='ltr'><strong>pollicentes.</strong></span> <span class='ocrx_word' id='word_1_310' title='bbox 870 2391 1002 2423; x_wconf 86' lang='lat' dir='ltr'><strong>Verum</strong></span> <span class='ocrx_word' id='word_1_311' title='bbox 1027 2391 1145 2434; x_wconf 86' lang='lat' dir='ltr'><strong>ipsum</strong></span> <span class='ocrx_word' id='word_1_312' title='bbox 1170 2389 1240 2422; x_wconf 83' lang='lat' dir='ltr'><strong>sihi</strong></span> <span class='ocrx_word' id='word_1_313' title='bbox 1266 2391 1395 2434; x_wconf 84' lang='lat' dir='ltr'><strong>gratis,</strong></span> <span class='ocrx_word' id='word_1_314' title='bbox 1421 2400 1537 2433; x_wconf 82' lang='lat' dir='ltr'><strong>quam</strong></span> 
     </span>
     <span class='ocr_line' id='line_1_37' title="bbox 94 2433 1532 2482; baseline 0.003 -18"><span class='ocrx_word' id='word_1_315' title='bbox 94 2433 168 2466; x_wconf 86' lang='lat' dir='ltr'><strong>illis</strong></span> <span class='ocrx_word' id='word_1_316' title='bbox 199 2434 348 2466; x_wconf 86' lang='lat' dir='ltr'><strong>immani</strong></span> <span class='ocrx_word' id='word_1_317' title='bbox 386 2435 552 2469; x_wconf 89' lang='lat' dir='ltr'><strong>mercede</strong></span> <span class='ocrx_word' id='word_1_318' title='bbox 584 2436 723 2469; x_wconf 83' lang='lat' dir='ltr'><strong>socium</strong></span> <span class='ocrx_word' id='word_1_319' title='bbox 749 2446 826 2470; x_wconf 85' lang='lat' dir='ltr'><strong>esse</strong></span> <span class='ocrx_word' id='word_1_320' title='bbox 851 2438 1085 2482; x_wconf 83' lang='lat' dir='ltr'><strong>praeeligere.</strong></span> <span class='ocrx_word' id='word_1_321' title='bbox 1131 2435 1259 2481; x_wconf 84' lang='lat' dir='ltr'><strong>Neque</strong></span> <span class='ocrx_word' id='word_1_322' title='bbox 1284 2436 1378 2469; x_wconf 89' lang='lat' dir='ltr'><strong>istuc</strong></span> <span class='ocrx_word' id='word_1_323' title='bbox 1400 2436 1532 2478; x_wconf 85' lang='lat' dir='ltr'><strong>solum,</strong></span> 
     </span>
     <span class='ocr_line' id='line_1_38' title="bbox 95 2479 1531 2526; baseline 0.003 -15"><span class='ocrx_word' id='word_1_324' title='bbox 95 2479 186 2525; x_wconf 89' lang='lat' dir='ltr'><strong>quin</strong></span> <span class='ocrx_word' id='word_1_325' title='bbox 209 2485 246 2512; x_wconf 84' lang='lat' dir='ltr'><strong>et</strong></span> <span class='ocrx_word' id='word_1_326' title='bbox 267 2479 376 2524; x_wconf 89' lang='lat' dir='ltr'><strong>paulo</strong></span> <span class='ocrx_word' id='word_1_327' title='bbox 401 2486 485 2514; x_wconf 84' lang='lat' dir='ltr'><strong>ante</strong></span> <span class='ocrx_word' id='word_1_328' title='bbox 511 2483 686 2516; x_wconf 86' lang='lat' dir='ltr'><strong>Isaacium</strong></span> <span class='ocrx_word' id='word_1_329' title='bbox 722 2483 874 2516; x_wconf 83' lang='lat' dir='ltr'><strong>Asanem</strong></span> <span class='ocrx_word' id='word_1_330' title='bbox 908 2481 1280 2526; x_wconf 84' lang='lat' dir='ltr'><strong>Panhypcrsebastum</strong></span> <span class='ocrx_word' id='word_1_331' title='bbox 1304 2481 1351 2514; x_wconf 91' lang='lat' dir='ltr'><strong>ad</strong></span> <span class='ocrx_word' id='word_1_332' title='bbox 1373 2481 1531 2516; x_wconf 86' lang='lat' dir='ltr'><strong>Sulima-</strong></span> 
     </span>
     <span class='ocr_line' id='line_1_39' title="bbox 92 2525 1529 2575; baseline 0.003 -17"><span class='ocrx_word' id='word_1_333' title='bbox 92 2537 180 2558; x_wconf 86' lang='lat' dir='ltr'><strong>num</strong></span> <span class='ocrx_word' id='word_1_334' title='bbox 206 2525 356 2559; x_wconf 77' lang='lat' dir='ltr'><strong>Cei-asae</strong></span> <span class='ocrx_word' id='word_1_335' title='bbox 381 2526 552 2572; x_wconf 83' lang='lat' dir='ltr'><strong>Phrygiae</strong></span> <span class='ocrx_word' id='word_1_336' title='bbox 576 2534 755 2575; x_wconf 83' lang='lat' dir='ltr'><strong>&#39;satrapam</strong></span> <span class='ocrx_word' id='word_1_337' title='bbox 781 2535 941 2574; x_wconf 84' lang='lat' dir='ltr'><strong>rogatum</strong></span> <span class='ocrx_word' id='word_1_338' title='bbox 966 2529 1120 2569; x_wconf 85' lang='lat' dir='ltr'><strong>abiisse,</strong></span> <span class='ocrx_word' id='word_1_339' title='bbox 1148 2533 1189 2561; x_wconf 91' lang='lat' dir='ltr'><strong>ut</strong></span> <span class='ocrx_word' id='word_1_340' title='bbox 1218 2534 1363 2574; x_wconf 83' lang='lat' dir='ltr'><strong>accepto</strong></span> <span class='ocrx_word' id='word_1_341' title='bbox 1388 2529 1529 2575; x_wconf 85' lang='lat' dir='ltr'><strong>ingenti</strong></span> 
     </span>
     <span class='ocr_line' id='line_1_40' title="bbox 91 2572 1528 2617; baseline 0.003 -13"><span class='ocrx_word' id='word_1_342' title='bbox 91 2575 210 2617; x_wconf 84' lang='lat' dir='ltr'><strong>pretio</strong></span> <span class='ocrx_word' id='word_1_343' title='bbox 234 2572 306 2605; x_wconf 83' lang='lat' dir='ltr'><strong>sibi</strong></span> <span class='ocrx_word' id='word_1_344' title='bbox 329 2578 452 2606; x_wconf 85' lang='lat' dir='ltr'><strong>contra</strong></span> <span class='ocrx_word' id='word_1_345' title='bbox 479 2574 767 2610; x_wconf 89' lang='lat' dir='ltr'><strong>Cantacuzenum</strong></span> <span class='ocrx_word' id='word_1_346' title='bbox 795 2576 907 2610; x_wconf 80' lang='lat' dir='ltr'><strong>ferret</strong></span> <span class='ocrx_word' id='word_1_347' title='bbox 933 2575 1146 2609; x_wconf 85' lang='lat' dir='ltr'><strong>subsidium.</strong></span> <span class='ocrx_word' id='word_1_348' title='bbox 1172 2574 1247 2608; x_wconf 86' lang='lat' dir='ltr'><strong>Nee</strong></span> <span class='ocrx_word' id='word_1_349' title='bbox 1271 2576 1368 2609; x_wconf 87' lang='lat' dir='ltr'><strong>hunc</strong></span> <span class='ocrx_word' id='word_1_350' title='bbox 1393 2576 1528 2610; x_wconf 78' lang='lat' dir='ltr'><strong>flexum</strong></span> 
     </span>
     <span class='ocr_line' id='line_1_41' title="bbox 92 2619 1527 2668; baseline 0.003 -17"><span class='ocrx_word' id='word_1_351' title='bbox 92 2629 181 2652; x_wconf 78' lang='lat' dir='ltr'><strong>esse.</strong></span> <span class='ocrx_word' id='word_1_352' title='bbox 238 2619 294 2652; x_wconf 77' lang='lat' dir='ltr'><strong>Ad</strong></span> <span class='ocrx_word' id='word_1_353' title='bbox 326 2629 433 2664; x_wconf 88' lang='lat' dir='ltr'><strong>quem</strong></span> <span class='ocrx_word' id='word_1_354' title='bbox 465 2622 668 2666; x_wconf 82' lang='lat' dir='ltr'><strong>praefectus</strong></span> <span class='ocrx_word' id='word_1_355' title='bbox 702 2622 862 2656; x_wconf 88' lang='lat' dir='ltr'><strong>cubiculi</strong></span> <span class='ocrx_word' id='word_1_356' title='bbox 899 2622 1025 2655; x_wconf 85' lang='lat' dir='ltr'><strong>eadem</strong></span> <span class='ocrx_word' id='word_1_357' title='bbox 1059 2621 1104 2655; x_wconf 87' lang='lat' dir='ltr'><strong>de</strong></span> <span class='ocrx_word' id='word_1_358' title='bbox 1129 2633 1235 2655; x_wconf 88' lang='lat' dir='ltr'><strong>causa</strong></span> <span class='ocrx_word' id='word_1_359' title='bbox 1260 2622 1442 2668; x_wconf 78' lang='lat' dir='ltr'><strong>profectus</strong></span> <span class='ocrx_word' id='word_1_360' title='bbox 1466 2625 1527 2664; x_wconf 84' lang='lat' dir='ltr'><strong>sit,</strong></span> 
     </span>
     <span class='ocr_line' id='line_1_42' title="bbox 92 2665 1526 2714; baseline 0.004 -17"><span class='ocrx_word' id='word_1_361' title='bbox 92 2669 308 2712; x_wconf 82' lang='lat' dir='ltr'><strong>tantumque</strong></span> <span class='ocrx_word' id='word_1_362' title='bbox 339 2665 525 2708; x_wconf 86' lang='lat' dir='ltr'><strong>abfuisse,</strong></span> <span class='ocrx_word' id='word_1_363' title='bbox 561 2673 603 2702; x_wconf 86' lang='lat' dir='ltr'><strong>ut</strong></span> <span class='ocrx_word' id='word_1_364' title='bbox 636 2680 674 2702; x_wconf 82' lang='lat' dir='ltr'><strong>se</strong></span> <span class='ocrx_word' id='word_1_365' title='bbox 701 2669 842 2702; x_wconf 75' lang='lat' dir='ltr'><strong>exorari</strong></span> <span class='ocrx_word' id='word_1_366' title='bbox 866 2674 1070 2712; x_wconf 77' lang='lat' dir='ltr'><strong>pateretur,</strong></span> <span class='ocrx_word' id='word_1_367' title='bbox 1099 2674 1139 2702; x_wconf 85' lang='lat' dir='ltr'><strong>ut</strong></span> <span class='ocrx_word' id='word_1_368' title='bbox 1164 2680 1210 2702; x_wconf 90' lang='lat' dir='ltr'><strong>ne</strong></span> <span class='ocrx_word' id='word_1_369' title='bbox 1232 2670 1271 2703; x_wconf 89' lang='lat' dir='ltr'><strong>in</strong></span> <span class='ocrx_word' id='word_1_370' title='bbox 1295 2675 1526 2714; x_wconf 77' lang='lat' dir='ltr'><strong>conspectum</strong></span> 
     </span>
     <span class='ocr_line' id='line_1_43' title="bbox 92 2711 1525 2761; baseline 0.003 -17"><span class='ocrx_word' id='word_1_371' title='bbox 92 2711 237 2755; x_wconf 86' lang='lat' dir='ltr'><strong>quidem</strong></span> <span class='ocrx_word' id='word_1_372' title='bbox 273 2712 376 2745; x_wconf 88' lang='lat' dir='ltr'><strong>illum</strong></span> <span class='ocrx_word' id='word_1_373' title='bbox 408 2712 602 2749; x_wconf 76' lang='lat' dir='ltr'><strong>admiserit.</strong></span> <span class='ocrx_word' id='word_1_374' title='bbox 662 2716 727 2749; x_wconf 71' lang='lat' dir='ltr'><strong>His</strong></span> <span class='ocrx_word' id='word_1_375' title='bbox 758 2715 985 2748; x_wconf 86' lang='lat' dir='ltr'><strong>sermonibus</strong></span> <span class='ocrx_word' id='word_1_376' title='bbox 1021 2715 1100 2749; x_wconf 88' lang='lat' dir='ltr'><strong>dies</strong></span> <span class='ocrx_word' id='word_1_377' title='bbox 1135 2715 1198 2749; x_wconf 84' lang='lat' dir='ltr'><strong>illa</strong></span> <span class='ocrx_word' id='word_1_378' title='bbox 1237 2719 1276 2749; x_wconf 87' lang='lat' dir='ltr'><strong>et</strong></span> <span class='ocrx_word' id='word_1_379' title='bbox 1311 2717 1525 2761; x_wconf 84' lang='lat' dir='ltr'><strong>plerumque</strong></span> 
     </span>
     <span class='ocr_line' id='line_1_44' title="bbox 91 2757 1523 2807; baseline 0.004 -18"><span class='ocrx_word' id='word_1_380' title='bbox 91 2757 208 2791; x_wconf 80' lang='lat' dir='ltr'><strong>noctis</strong></span> <span class='ocrx_word' id='word_1_381' title='bbox 238 2769 319 2792; x_wconf 89' lang='lat' dir='ltr'><strong>cum</strong></span> <span class='ocrx_word' id='word_1_382' title='bbox 356 2760 438 2793; x_wconf 87' lang='lat' dir='ltr'><strong>luce</strong></span> <span class='ocrx_word' id='word_1_383' title='bbox 472 2772 514 2794; x_wconf 88' lang='lat' dir='ltr'><strong>ac</strong></span> <span class='ocrx_word' id='word_1_384' title='bbox 547 2766 652 2796; x_wconf 83' lang='lat' dir='ltr'><strong>nocte</strong></span> <span class='ocrx_word' id='word_1_385' title='bbox 677 2760 916 2807; x_wconf 77' lang='lat' dir='ltr'><strong>sequentibus</strong></span> <span class='ocrx_word' id='word_1_386' title='bbox 943 2766 1152 2806; x_wconf 84' lang='lat' dir='ltr'><strong>consumpta</strong></span> <span class='ocrx_word' id='word_1_387' title='bbox 1177 2768 1283 2802; x_wconf 83' lang='lat' dir='ltr'><strong>sunt,</strong></span> <span class='ocrx_word' id='word_1_388' title='bbox 1309 2763 1523 2807; x_wconf 83' lang='lat' dir='ltr'><strong>imperatore</strong></span> 
     </span>
     <span class='ocr_line' id='line_1_45' title="bbox 93 2803 1522 2855; baseline 0.003 -17"><span class='ocrx_word' id='word_1_389' title='bbox 93 2803 238 2849; x_wconf 79' lang='lat' dir='ltr'><strong>quidem</strong></span> <span class='ocrx_word' id='word_1_390' title='bbox 263 2811 431 2842; x_wconf 77' lang='lat' dir='ltr'><strong>narrante</strong></span> <span class='ocrx_word' id='word_1_391' title='bbox 455 2807 718 2855; x_wconf 62' lang='lat' dir='ltr'><strong>pruinamque,</strong></span> <span class='ocrx_word' id='word_1_392' title='bbox 745 2820 782 2843; x_wconf 78' lang='lat' dir='ltr'><strong>se</strong></span> <span class='ocrx_word' id='word_1_393' title='bbox 807 2807 852 2842; x_wconf 86' lang='lat' dir='ltr'><strong>ad</strong></span> <span class='ocrx_word' id='word_1_394' title='bbox 877 2819 973 2843; x_wconf 80' lang='lat' dir='ltr'><strong>arma</strong></span> <span class='ocrx_word' id='word_1_395' title='bbox 1002 2810 1216 2845; x_wconf 76' lang='lat' dir='ltr'><strong>necessitate</strong></span> <span class='ocrx_word' id='word_1_396' title='bbox 1235 2808 1416 2844; x_wconf 76' lang='lat' dir='ltr'><strong>adactum:</strong></span> <span class='ocrx_word' id='word_1_397' title='bbox 1450 2809 1522 2842; x_wconf 85' lang='lat' dir='ltr'><strong>La·</strong></span> 
     </span>
    </p>
   </div>
  </div>
 </body>
</html>
