1812 3132
487 170 865 213 msTomARUM
907 173 981 212 111.
1013 172 1083 218 15.
1459 169 1534 227 97

95 277 169 320 τοῦ
199 275 390 332 Χριστοῦ
435 271 508 314 καί
532 271 632 321 τούς
669 287 715 314 τε
744 271 918 327 ἆφανῶς
946 274 1281 327 προηγουμένους
1307 273 1380 313 καί
1406 274 1627 326 nans-AB.
1649 274 1731 320 1341

94 344 304 396 πομένους
361 340 560 393 α’γγέλους
598 339 671 379 καί
707 335 808 386 τούς
848 339 1056 392 αἰσθηταῖς
1093 337 1169 386 καί,
1205 339 1398 393 φανερῶς
1440 337 1540 391 ἡμῖν

94 406 199 463 πρὸς
238 405 314 460 τὴν
355 406 567 446 διακονίαν
606 399 747 451 αὐτοῖς
786 404 1115 457 συναιρομένους
1152 402 1291 457 ἱερέας
1327 405 1540 444 τουτουσί.

94 475 174 514 τοῦ
219 469 402 525 μεγάλου
438 470 485 510 δὲ
525 470 770 522 δομεστίκου
815 467 866 510 τὰ
907 467 1137 523 γράμματα
1173 466 1339 522 ἔχοντος
1377 469 1421 510 ἐν
1448 473 1541 510 ταῖν

67 534 232 593 ὄχεροῖν
266 536 339 578 καί
373 532 451 589 τήν
486 536 556 589 τῆς
594 532 832 588 ἱερουργίας
869 535 1164 586 περιμένοντος
1205 533 1425 588 τελευτὴν,
1470 535 1539 575 ἵνα

93 601 282 657 α’ναγνῶ,
312 598 438 642 πάλιν
466 599 489 641 ὅ
518 598 890 655 παρακοιμώμενος
916 599 1132 653 γενόμενος
1151 598 1272 653 ἐγγὺς
1289 632 1301 651 ,
1330 601 1460 641 ἐδεῖτο
1487 597 1577 640 τὸΙ)

39 663 44 675 ”
90 670 165 710 νῦν
194 665 292 720 ἔχον
322 666 583 720 α’ναγνῶναι,
609 664 678 706 ἴνα
703 660 763 719 μὴ
798 666 844 707 ἐκ
873 666 957 706 τῶν
988 660 1122 719 ὅρκων
1148 667 1298 717 μόνον,
1327 664 1434 706 ἀλλὰ
1467 663 1543 706 καί

90 733 163 775 ἀπ’
191 732 323 774 αὐτοῦ
349 733 424 774 τοῦ
446 730 606 785 χρόνου
638 730 909 786 φοβερώτερα
938 733 1009 772 καὶ
1038 731 1265 784 πιστότερα
1286 730 1336 772 τιὶ
1356 746 1538 784 γεγραμ-

89 799 199 851 μένα
234 791 278 854 ᾗ.
332 798 428 838 ἐπεῖ
467 798 513 838 δὲ
555 795 804 848 πειθόμενος
846 796 1032 850 α’νὲγνω,
1076 793 1167 837 τότε
1192 798 1271 847 μὲν
1312 797 1542 851 ἐφθέγξατο

42 863 240 911 mmm-v,
283 858 461 916 ὕστερον
502 862 549 903 δὲ
578 860 685 914 μετὰ
715 860 792 915 τήν
819 859 987 914 τελετὴν
1013 858 1142 913 μόνον
1168 859 1241 902 τὸν
1266 859 1542 916 παρακοιμιό-

89 942 213 981 μενον
237 925 518 982 παραλαβών,
547 924 652 980 „vj-v
676 927 754 979 μὲν
781 927 987 980 ἐξαρχῆς”-
1014 924 1096 981 ἔφη
1125 926 1442 980 »κακοπραγίαν
1456 960 1469 978 ,
1513 918 1542 982 ᾗ

90 993 387 1049 προσπαλαίων
413 992 471 1040 εἰς
499 993 619 1034 τοῦτο
643 991 772 1046 τύχης
792 990 866 1033 καί
881 991 1155 1047 περιφανείας
1175 986 1314 1045 ἦχθης
1334 987 1539 1043 ὑπ’ἒμοῦ,

89 1055 239 1106 πάντες
262 1059 341 1110 μὲν
370 1058 601 1098 συνειὸοῖεν
631 1051 682 1098 ἂν
708 1057 804 1109 ἐμοὶ
825 1056 1048 1109 Ῥωμαῖον
1086 1055 1138 1097 σι)
1170 1057 1207 1096 δ’
1238 1051 1290 1096 ἂν
1318 1053 1405 1110 εἴης
1435 1053 1540 1096 πάν-

90 1139 171 1166 των
197 1124 356 1176 μᾶλλον
398 1119 627 1175 ἀξιόχρεως
657 1119 932 1163 πιστεύεσθαι
971 1118 1138 1175 τάληθῆ
1164 1122 1236 1162 καί
1267 1122 1411 1162 δίκαια
1444 1121 1543 1174 περὶ

42 1186 275 1231 15σεαυτοῦ
299 1190 615 1242 συμμαρτυρῶν
641 1187 749 1241 ἐμοί.
807 1189 889 1229 τῶν
914 1189 992 1239 μὲν
1018 1182 1092 1227 οὖν
1111 1183 1387 1240 ὑπηργμένων
1412 1182 1530 1239 παρά
1543 1199 1576 1231 Ρ,
1592 1200 1657 1245 397

90 1270 135 1296 τε
161 1257 244 1296 τῶν
271 1249 408 1295 ἄλλων
439 1253 654 1307 ἀρκοῦσαν
691 1251 776 1306 ἔχω
807 1251 883 1307 την
911 1248 1123 1300 ἀπόδειξιν
1142 1250 1216 1292 καί
1232 1250 1414 1303 μάλιστα
1443 1252 1538 1291 σοῦ.

91 1314 151 1362 ὧν
197 1321 242 1360 δὲ
291 1316 536 1373 διενοούμην
573 1320 672 1372 περὶ
711 1318 792 1359 σοῦ’
833 1316 1039 1370 μειζόνων
1072 1315 1146 1357 καί
1173 1317 1542 1369 θαυμασιωτὲρων

91 1383 264 1440 ἀγαθῶν
301 1381 431 1432 αὐτός
473 1398 519 1424 τε
564 1383 740 1425 σύνοιδα
782 1384 952 1439 ἐμαυτῷ
999 1381 1074 1422 καί
1114 1375 1149 1438 ᾧ
1187 1380 1238 1422 τὰ
1282 1381 1357 1434 τῆς
1395 1382 1540 1434 ψυχῆς

92 1448 264 1492 ἑκάστου
292 1446 499 1503 κινήματα
530 1450 603 1490 καί
640 1448 903 1501 διανοήματα
947 1445 1138 1502 φανερὰ,
1165 1442 1275 1494 θεός.
1331 1443 1463 1494 αὐτὸς
1493 1445 1541 1484 δὲ

40 1516 192 1570 nopai-‘Y
230 1513 333 1570 ὑπὲρ
376 1508 435 1555 ὧν
473 1513 669 1562 πολλάκις
709 1513 779 1554 ὑπ’
812 1514 917 1566 ἐμοῦ
943 1515 1156 1560 πέπονθας
1198 1512 1335 1558 καλῶς
1359 1508 1541 1564 μηδενὸς

91 1581 318 1636 μνησθεὶς,
346 1578 449 1633 μήθ’
480 1579 536 1627 ὥς
561 1581 748 1621 τοσαῦτα
777 1577 1067 1634 εὖεργετηθείς
1085 1609 1097 1630 ,
1130 1577 1231 1618 οὐδὲ
1251 1572 1360 1624 ἅπαξ
1389 1577 1540 1616 πέπον-

96 1651 180 1696 θας
208 1647 344 1695 κακῶς
361 1679 374 1703 2
413 1642 517 1686 ἄλλα
550 1645 667 1698 δίκην
697 1645 840 1698 σειρᾶς
867 1658 976 1691 τινος
1003 1641 1227 1690 ἆδιάλυτος
1254 1639 1280 1695 ἦ
1309 1642 1391 1682 τῶν
1418 1639 1539 1694 εὔερ-

92 1709 333 1771 γετημοίτων
362 1710 589 1752 α’κολουθία
617 1710 747 1765 μέχρι
776 1711 850 1750 νῦν
879 1710 977 1764 παρ’
1006 1708 1113 1761 ἐμοῦ
1142 1706 1371 1762 διετηρήθη
1388 1738 1402 1758 ‚
1453 1703 1540 1747 ἑτέ-

190 1830 244 1866 ι8.
275 1829 339 1871 τῆς
361 1838 428 1862 om.
457 1828 492 1861 P.

95 1949 175 1972 cum
211 1944 376 1972 tremore
412 1939 673 1972 sacrificaretur
707 1949 835 1983 corpus
875 1937 1034 1978 Christi,
1076 1942 1114 1972 et
1160 1938 1222 1983 qui
1261 1936 1541 1982 inaspectabiles

93 1985 351 2030 praecederent
373 1990 683 2032 sequerenturque
718 1985 886 2028 angelos,
927 1991 963 2018 et
1001 1985 1063 2029 qui
1095 1996 1114 2018 a
1151 1985 1258 2017 nohis
1296 1984 1469 2017 videntur
1501 1983 1542 2016 in

93 2032 295 2065 ministerio
331 2042 391 2066 eos
423 2033 635 2066 adiuvantes
671 2031 873 2065 sacerdotes
908 2032 1007 2064 istos.
1055 2031 1186 2073 Magno
1223 2041 1308 2064 vero
1341 2030 1540 2062 domestico

94 2078 263 2111 libellum
298 2079 337 2112 in
376 2079 543 2112 manibus
569 2084 732 2112 <tenente
776 2087 1032 2123 sacrorumque
1066 2077 1174 2110 finem
1210 2081 1461 2121 exspectante,
1500 2079 1543 2108 ut

94 2125 254 2168 legeret,
280 2125 446 2169 rogabat:
486 2137 558 2171 quo
581 2125 755 2158 nimirum
776 2135 855 2157 rnon
883 2134 927 2156 ex
954 2125 1166 2157 iuramentis
1210 2128 1371 2162 tantum,
1413 2132 1541 2156 verum

96 2172 206 2204 etiam
233 2181 277 2204 ex
301 2172 377 2216 ipsa
408 2171 618 2205 conditione
644 2172 818 2214 temporis
843 2169 1110 2204 venerabiliora
1140 2176 1176 2203 et
1210 2169 1443 2202 credibiliora
1475 2168 1542 2200 fie-

96 2223 196 2257 rent,
221 2228 314 2263 quae
343 2219 476 2262 scripta
504 2218 658 2251 inerant.
705 2217 831 2250 Victus
868 2217 1037 2261 precibus
1074 2217 1164 2261 legit
1195 2226 1236 2247 ac
1272 2220 1359 2248 tunc
1391 2213 1540 2259 quidem

95 2263 220 2296 tacuit.
269 2263 350 2297 Post
375 2265 588 2298 sacrificium
614 2263 730 2296 solum
761 2263 965 2304 deducens,
993 2263 1111 2307 Quam
1137 2262 1225 2296 dura
1252 2267 1289 2294 et
1313 2270 1438 2305 aspera
1464 2271 1539 2294 sors

97 2315 159 2343 tua
184 2320 203 2341 a
228 2310 408 2355 principio
436 2311 570 2350 fuerit,
601 2311 744 2355 inquit,
788 2321 867 2343 cum
893 2321 963 2354 qua
997 2310 1216 2348 colluctans,
1255 2308 1343 2340 meis
1370 2306 1539 2351 auspiciis

98 2361 135 2388 et
158 2367 266 2400 opera
293 2357 331 2389 in
367 2363 437 2390 tam
465 2358 644 2390 excelsum
679 2357 847 2390 fortunae
871 2357 1018 2400 gradum
1054 2354 1320 2394 conscendisti,
1351 2363 1458 2387 nemo
1486 2359 1542 2387 est

98 2403 360 2442 Romanorum,
391 2404 455 2448 qui
489 2414 562 2436 non
586 2404 686 2436 iuxta
716 2414 853 2436 mecum
879 2403 1042 2442 noverit,
1075 2408 1112 2435 et.
1137 2407 1175 2434 tu
1202 2405 1329 2444 utpote
1351 2410 1473 2433 verum
1499 2410 1541 2432 ac

98 2449 232 2482 iustum
259 2447 348 2481 mihi
381 2449 498 2482 ferens
524 2451 799 2489 testimonium,
839 2449 941 2482 testis
965 2459 1040 2482 esse
1069 2453 1170 2493 potes
1198 2448 1360 2480 omnium
1386 2446 1457 2479 fide
1483 2446 1541 2479 di-

98 2496 299 2540 gnissimus.
352 2495 455 2539 Quae
479 2496 587 2540 igitur
611 2496 649 2529 in
674 2501 709 2530 te
735 2497 829 2530 ultro
855 2495 1012 2536 contuli,
1038 2505 1079 2528 ea
1111 2500 1148 2528 et
1173 2493 1218 2525 ab
1243 2493 1324 2526 aliis
1352 2498 1389 2526 et
1412 2492 1475 2525 abs
1501 2498 1538 2527 te

97 2543 253 2575 maxime
278 2542 485 2575 confirmata
514 2549 620 2576 sunt:
656 2542 789 2589 quibus
823 2553 908 2576 vero
946 2547 982 2574 te
1021 2540 1158 2574 afficere
1198 2539 1396 2584 cogitabam
1431 2539 1538 2572 bonis

99 2588 298 2621 maioribus
325 2593 362 2620 et
385 2587 667 2633 insignioribus,
694 2599 819 2621 eorum
843 2593 880 2621 et
907 2590 991 2632 *ipse
1017 2587 1105 2620 mihi
1148 2597 1228 2619 sum
1269 2586 1371 2618 testis
1407 2592 1444 2619 et
1480 2586 1539 2619 cui

98 2635 208 2668 animi
244 2634 526 2680 uniuscuiusque
565 2637 746 2669 motiones
786 2640 896 2679 atque
931 2645 1034 2666 sensa
1065 2633 1256 2672 manifesta
1288 2638 1392 2671 sunt,
1429 2633 1538 2664 Deus.

100 2681 155 2714 Tu
181 2686 303 2714 tamen
327 2686 398 2712 tam
426 2681 547 2714 multis
582 2682 797 2721 obstrictus,
835 2692 901 2713 nec
936 2682 1042 2714 unius
1079 2691 1115 2713 es
1148 2678 1376 2712 recordatus:
1412 2685 1449 2712 et
1484 2683 1540 2711 tot

98 2727 297 2760 benefactis
322 2737 342 2758 a
368 2738 423 2759 me
449 2729 664 2768 cumulatus,
685 2738 753 2761 nec
778 2728 887 2760 semel
914 2729 1084 2766 offensus,
1115 2737 1194 2759 cum
1219 2737 1283 2770 ego
1315 2725 1414 2757 velut
1439 2730 1539 2757 cate-

99 2773 385 2818 namquwfflssm
411 2776 540 2807 merita
565 2775 703 2810 meritis
727 2774 798 2808 huc
823 2784 938 2819 usque
971 2783 1110 2818 semper
1134 2771 1355 2812 addiderim,
1392 2777 1430 2804 tu
1455 2771 1538 2804 aliis

152 2840 422 2876 Cantacuzenus
451 2843 498 2877 ΙΙ.
1252 2852 1270 2884 7
