1812 3132
278 174 352 230 90
815 174 1185 221 CANTAcUzENJ

369 242 381 256 1

80 272 119 306 A.
132 273 170 309 C.
188 274 459 327 ι3ιίιαγαγεῖν.
516 272 539 313 ὅ
567 274 612 316 δὲ
642 272 744 330 (καὶ
784 274 864 332 γάρ
897 272 976 332 ἤδη
1005 274 1027 318 ὅ
1056 280 1136 320 τῶν
1155 277 1365 332 βασιλέων
1382 277 1487 334 πρός
1507 278 1712 335 ἀλλήλους

271 341 442 380 ἐκινεῖτο
479 336 701 396 πόλεμος,)
750 342 882 383 ἐδεῖτο
918 345 994 384 τοῦ
1029 342 1212 398 μεγάλου
1243 345 1514 397 δομεστίκου,
1543 347 1617 386 καί
1639 343 1711 387 τὸν

270 399 532 445 Ἀπόκαυκον
560 404 919 461 προσλαμβάνειν,
967 409 1017 449 οὕ
1043 410 1172 462 μόνον
1202 406 1374 466 εὖφυως
1399 409 1502 465 πρὸς
1530 412 1613 453 τῶν
1639 412 1712 466 δη-

227 479 260 511 D
271 483 430 521 μοσιων
458 468 534 524 τήν
562 469 775 527 εἴσπραξιν
803 474 1008 529 ἐσχηκότα
1038 477 1205 532 φέρων,
1246 473 1352 517 α’λλά
1387 478 1461 517 καί
1482 477 1712 531 χρημάτων

272 533 552 590 εὐποροῦντα,
600 532 661 586 οἷς
681 537 889 594 χρήσιμος
916 538 1021 617 πρὸς
1049 539 1122 583 τόν
1150 540 1324 594 πόλεμον
1352 539 1591 597 ὀφθήσεται
1631 539 1738 586 αυ-5

270 606 380 649 τοῖς·
428 617 486 642 ων
512 600 586 643 καί
610 601 711 646 κατὰ
742 600 815 653 τᾶς
847 601 983 660 ἆρχάς
1009 608 1080 660 τῆς
1108 604 1297 661 ἱστορίας
1323 606 1503 659 μάλιστα
1531 604 1710 660 ἐπεμνή-

269 668 432 721 σθημεν
459 664 687 721 συντόμως.
746 669 768 711 ὃ
804 672 850 712 δὲ
886 674 1060 724 βασιλεῖ
1078 687 1133 729 τω
1162 671 1239 730 νέῳ
1269 673 1322 714 δι’
1351 674 1508 715 ἐκείνου
1537 686 1710 728 προσοι-

269 731 481 785 κειωθείς,
527 734 620 776 ἐπεὶ
662 734 685 777 ὅ
721 739 803 779 τῶν
838 739 1045 790 βασιλέων
1070 736 1247 790 πόλεμος
1285 733 1592 795 ἀνερρήγνυτο,
1633 740 1711 780 τοῦ

266 798 346 850 μὲν
373 801 653 855 πρεσβυτέρου
691 804 897 855 βασιλέως
926 802 1060 852 εὐθὺς
1096 802 1251 859 ἀπέστη
1278 802 1383 860 πρὸς
1409 802 1482 846 τὸν
1509 805 1630 857 νέον,
1657 802 1708 846 οὖ

264 865 426 916 μᾶλλον
456 867 512 907 δι’
541 863 733 921 εὔνοιαν,
762 863 792 923 ἢ
809 866 883 910 τὸν
910 867 1186 924 ὑφορώμενον
1211 871 1399 911 κίνδυνον
1426 868 1499 912 διὰ
1517 867 1567 911 τὰ
1589 870 1766 925 ὄφει-10.

262 927 418 983 λόμενα
454 930 656 987 χρήματα
686 930 1017 989 ἀποδιδράσκων.
1084 937 1238 987 ταμίας
1276 936 1323 978 δὲ
1361 936 1444 977 τῶν
1479 937 1708 989 βασιλικῶν

120 999 156 1033 P.
182 1000 249 1048 393
265 990 532 1040 ἀπεδείκνυτο
570 995 801 1054 χρημάτων
836 998 953 1055 παρὰ
980 1001 1054 1042 τοῦ
1080 1000 1260 1055 μεγάλου
1302 1002 1560 1054 δομεστίκου.
1615 1000 1710 1042 ἐπεὶ

263 1063 311 1103 δὲ
339 1061 366 1117 ἦ
394 1063 484 1118 νίκη
512 1062 618 1119 πρὸς
643 1061 711 1106 τὸν
740 1065 832 1107 νέον
861 1064 1008 1106 ductes
1034 1066 1214 1119 βασιλέα
1246 1067 1322 1107 καί
1345 1063 1415 1107 ὑπ’
1445 1067 1562 1122 αὐτῷ
1588 1068 1706 1108 πᾶσα

261 1125 289 1183 ἦ
316 1129 399 1170 τῶν
420 1128 640 1183 Ῥωμαίων
667 1129 867 1185 ἡγεμονία
894 1126 969 1186 ἧν,
997 1129 1124 1174 πάλιν
1151 1129 1415 1184 ὑπ’ἒκείνου,
1441 1129 1597 1186 σχεδὸν
1624 1131 1706 1185 οὐχ

259 1192 425 1244 ἑκόντος
450 1198 680 1249 βασιλέως,
718 1196 818 1238 οὐδὲ
858 1195 1083 1253 προσήκειν
1113 1197 1228 1255 αὐτῷ
1254 1196 1329 1252 τήν
1355 1197 1589 1253 ὑπηρεσίαν
1615 1195 1767 1252 ›tol-15.

257 1274 418 1313 νοντος,
458 1262 518 1310 εἰς
557 1259 605 1304 τὸ
642 1261 841 1316 μεσάζειν
878 1269 965 1313 τοῖς
1006 1263 1224 1320 πράγμασι
1262 1264 1451 1318 κατέστη.
1517 1260 1625 1317 πλὴν
1653 1262 1704 1303 ου

257 1327 521 1368 παντάπασιν
557 1325 790 1409 ἐπετράπη
806 1345 882 1384 την
921 1327 1124 1390 διοίκησιν
1164 1330 1246 1371 τῶν
1283 1331 1453 1381 κοινῶν,
1503 1327 1591 1369 ἀλλ’
1622 1324 1705 1370 ὅσα

255 1392 339 1434 τῶν
389 1393 720 1449 ἀναγκαιοτέρων
760 1410 813 1449 ην
861 1392 978 1475 πρὸς
1016 1393 1090 1437 τὸν
1128 1397 1261 1450 μέγαν
1308 1396 1553 1447 δομέστικον
1601 1390 1704 1434 οἰνά-

255 1473 365 1511 γων,
412 1457 541 1508 αυτὸς
579 1475 664 1501 των
699 1462 1001 1517 ταπεινοτέρων
1029 1459 1162 1515 εἶχετο
1183 1493 1195 1514 ,
1241 1455 1372 1512 ἕξων
1400 1460 1577 1511 ου’δεμία
1615 1462 1703 1506 τοῖς

254 1529 405 1573 κοινοῖς
443 1526 724 1580 προσεδοκᾶτο
753 1524 904 1582 βλάβη,
934 1523 984 1569 ευ
1025 1544 1052 1582 η
1082 1528 1217 1577 κακῶς
1246 1525 1532 1585 διωκημένοις.
1588 1520 1757 1577 ὅμως20

254 1583 305 1629 δὲ
329 1588 410 1630 υπὸ
439 1592 603 1633 πολλῶν
630 1592 926 1646 εθεραπεύετο.
989 1592 1144 1646 μεταξυ
1177 1593 1224 1635 δὲ
1251 1593 1326 1633 καί
1354 1589 1552 1639 πολλάκις
1578 1592 1702 1642 βασι-

251 1659 322 1695 λεῖ’
343 1669 683 1711 προσκεκρουκως
713 1658 783 1699 διὰ
808 1657 883 1713 τήν
913 1661 1039 1714 φίλην
1069 1659 1328 1714 πανουργίαν
1353 1659 1427 1699 καί
1444 1658 1606 1710 μέλλων
1634 1656 1700 1696 δι-

211 1719 371 1762 Βδόναι
399 1721 539 1775 δίκας,
585 1719 666 1763 ὑπὸ
701 1724 777 1764 τοῦ
805 1725 988 1779 μεγάλου
1018 1723 1262 1777 δομεστίκου
1291 1722 1368 1779 τήν
1394 1723 1601 1777 βασιλέως
1629 1722 1699 1777 ὄρ-

350 1821 389 1854 ι9
414 1807 621 1855 οἶναγαγών
638 1811 686 1844 Μ.
714 1822 782 1856 mg.
874 1822 929 1846 20.
942 1811 1185 1859 διῳκημένων
1208 1811 1372 1846 fortasse.

250 1897 477 1932 Andronicus
500 1899 623 1934 iunior
645 1900 847 1934 necessario
874 1909 954 1934 eum
977 1911 1043 1934 avo
1072 1900 1224 1935 deberet
1249 1901 1478 1943 contendere,
1528 1901 1696 1945 Syrgian-
1734 1900 1737 1902 ’

252 1955 349 1984 nem,
373 1946 475 1978 cuius
501 1951 579 1987 erat
607 1946 913 1987 studiosissimus,
942 1948 1094 1993 rogavit,
1125 1954 1166 1981 ut
1188 1959 1226 1981 se
1254 1948 1310 1981 illi
1334 1947 1611 1982 commendaret.
1661 1949 1695 1982 Is

250 1989 351 2023 bello
376 1992 448 2024 iam
474 1991 571 2025 inter
594 1993 828 2037 imperatores
861 1993 1088 2038 pullulante,
1120 2005 1287 2039 magnum
1314 1993 1548 2026 domesticum
1573 2006 1696 2036 orare,

251 2037 306 2069 uti
331 2042 368 2070 et
391 2038 645 2082 Apocauchum
681 2041 893 2080 ascisceret,
928 2051 1002 2072 non
1040 2041 1159 2073 solum
1181 2020 1236 2074 Dad
1272 2041 1494 2074 exactionem
1530 2039 1697 2085 publica-

251 2094 330 2115 rum
353 2084 566 2127 pensionum
591 2088 750 2119 naturali
764 2085 932 2131 quadam
960 2086 1178 2120 dexteritate
1204 2086 1419 2131 praeditum,
1458 2087 1699 2121 verumetiam

247 2130 509 2175 pecuniosum,
565 2136 606 2164 'ut
639 2132 736 2165 bello
777 2134 1066 2167 commodaturus
1105 2133 1312 2166 vid-eretur:
1362 2143 1450 2179 quas
1488 2144 1544 2166 res
1583 2133 1696 2167 initio

248 2187 396 2221 quoque
420 2176 527 2210 huius
552 2176 725 2211 historiae
750 2178 909 2212 breviter
940 2180 1136 2223 attigimus.
1163 2180 1231 2212 Hic
1255 2180 1393 2224 itaque,
1419 2190 1547 2222 magno
1569 2179 1696 2213 dome-

248 2224 339 2254 stico
367 2223 535 2267 panario,
571 2224 723 2258 iunioris
748 2225 976 2267 imperatoris
1002 2227 1289 2259 familiaritatem
1317 2231 1550 2266 consecutus,
1589 2231 1695 2271 post-

249 2280 357 2313 quam
384 2270 473 2303 belli
505 2269 692 2304 maturitas
726 2273 863 2315 erupit,
904 2283 923 2303 a
950 2273 1093 2305 seniore
1123 2272 1243 2305 statim
1272 2271 1318 2304 ad
1344 2273 1421 2305 cius
1445 2277 1564 2316 partes
1590 2277 1693 2306 tran'-

246 2314 332 2347 siit:
357 2327 430 2348 nou
456 2321 530 2348 tam
555 2316 652 2361 quod
677 2317 710 2350 ei
735 2317 828 2350 bene
854 2319 986 2358 vellet,
1048 2329 1132 2350 uam
1158 2318 1257 2363 quod
1280 2317 1327 2351 ob
1352 2330 1411 2351 aes
1436 2318 1597 2351 alienum
1622 2320 1692 2352 im-

246 2362 389 2394 minens
434 2364 634 2406 periculum
677 2363 827 2408 fugeiet.
870 2365 914 2397 Et
955 2375 974 2396 a
1018 2331 1126 2397 dome
1115 2366 1219 2397 ›stico
1263 2371 1431 2410 quaestor
1463 2366 1691 2410 imperatoris

247 2413 411 2448 meatus,
439 2414 548 2455 atque
575 2409 638 2442 ubi
663 2410 811 2443 victoria
837 2410 881 2443 ad
908 2411 1010 2442 illum
1035 2412 1218 2456 respexit,
1251 2423 1371 2445 rursus
1399 2411 1444 2444 ab
1470 2411 1598 2444 eodem
1623 2410 1692 2443 ‹lo—

244 2454 414 2494 ιιιιειίςο,
450 2455 708 2499 propemodum
734 2457 846 2489 invito
872 2457 1114 2501 imperatui-,e
1153 2468 1271 2502 neque
1299 2459 1339 2492 id
1362 2458 1521 2491 muneris
1546 2458 1586 2490 in
1608 2468 1692 2490 eum

245 2500 424 2543 quadrare
452 2502 658 2542 iudicante,
695 2513 810 2535 rerum
845 2502 1123 2537 administrator·
1161 2504 1349 2537 institutus
1392 2510 1456 2538 est.
1503 2505 1693 2539 verumta-

249 2557 280 2576 n·
288 2557 331 2576 vn
359 2558 430 2578 non
457 2549 674 2582 omnimodis
702 2549 888 2582 commissa
914 2550 948 2582 ei
973 2560 1027 2582 res
1058 2550 1223 2595 publica,
1250 2551 1312 2583 sed
1340 2552 1403 2591 ita,
1431 2556 1470 2584 ut
1492 2550 1601 2593 magis
1623 2560 1692 2582 ne-

245 2593 394 2624 cessaria
419 2604 480 2625 seu
512 2595 706 2639 praecipua
736 2594 781 2628 ad
810 2607 973 2640 magnum
993 2596 1098 2629 dom(
1110 2596 1233 2630 sticum
1259 2598 1433 2638 resen-et,
1456 2597 1533 2640 ipse
1556 2596 1693 2629 leviora

244 2640 480 2682 nausigeret:
518 2652 537 2673 e
564 2642 720 2686 quibus,
752 2653 815 2674 seu
847 2642 941 2675 bene
974 2653 1034 2675 seu
1076 2644 1173 2676 simle
1208 2645 1419 2684 transactis,
1459 2643 1695 2675 communitas

245 2685 386 2717 nullum
420 2687 571 2720 sentiret
603 2693 873 2725 nocumentum.
922 2688 1047 2723 Nihilo
1072 2690 1196 2722 influus
1221 2701 1240 2721 a
1266 2691 1388 2723 multis
1425 2689 1692 2723 observabatur·

245 2731 290 2764 Et
309 2742 387 2763 cum
412 2732 558 2765 interim
583 2744 691 2778 saepe
715 2737 823 2767 etiam
849 2741 998 2781 propter
1019 2736 1192 2770 usitatam
1215 2742 1250 2770 et
1277 2739 1427 2771 amicam
1464 2735 1534 2768 sihi
1557 2735 1704 2780 nequi-.

244 2778 333 2812 tiam
358 2778 610 2824 imperatorem
634 2781 841 2816 offendisset
865 2793 905 2816 ac
926 2782 1055 2828 poenis
1087 2782 1338 2818 subiicieudus
1372 2787 1483 2824 esset,
1515 2792 1580 2828 per
1613 2791 1694 2814 ma-
