1800 3132
279 179 385 233 322
704 239 708 245 ,
793 189 1179 242 ςΑΝΤΑουΖΕΝι

78 299 263 344 A.c.1342
277 293 516 348 δεδήλωται.
590 294 650 341 εἰς
691 293 737 333 δὲ
771 291 821 333 τά
863 288 970 333 ἄλλα
1013 290 1171 344 κάστρα
1206 287 1254 330 τὰ
1283 287 1384 341 μετὰ
1415 287 1491 342 τήν
1524 289 1710 343 Πάτραν,

244 363 269 397 Β
288 360 553 410 διακείμενα,
601 360 641 399 εἰ
674 360 753 410 μὲν
788 355 877 410 ἔχει
915 352 1085 410 ἇγάπην·
1112 354 1138 409 ἦ
1166 355 1358 407 βασιλεία
1384 370 1467 406 μου
1493 352 1597 406 μετὰ
1629 354 1712 395 τῶν

275 420 542 474 Κατελάνων,
572 420 646 478 ἔχῃ
675 422 748 463 καί
774 420 914 475 αὐτὸς,
944 423 982 462 εἰ
1009 422 1054 462 δὲ
1081 417 1234 473 μάχην,
1260 416 1445 474 μάχηται
1472 417 1545 460 καί
1575 415 1715 467 αὖτός-

275 492 348 532 καί
375 486 454 530 ὅσα
483 483 536 529 ἂν
574 488 784 543 προσέλθῃ
814 487 874 536 εἰς
902 485 978 540 τήν
1004 482 1256 539 δουλοσύνην
1283 485 1356 537 τῆς
1382 486 1596 536 βασιλείας
1614 498 1713 536 μου,

275 554 356 597 εἴτε
396 551 684 607 ἅλλοτρόπως,
717 550 796 593 εἴτε
828 553 900 592 καί
937 553 992 592 δι’
1020 552 1151 591 αὐτοῦ
1179 547 1325 591 τούτου
1345 550 1419 590 τοῦ
1439 548 1739 603 αὕταδελφοῦὄ

275 624 348 674 τῆς
375 617 589 672 βασιλείας
615 632 711 670 μου,
741 614 814 672 ἔχῃ
843 611 988 657 ἄδειαν
1018 612 1122 669 αὕτη
1151 611 1314 656 τάττειν
1343 615 1402 662 εἷς
1427 611 1611 669 κεφαλὴν
1633 614 1714 655 ἰδι-

281 681 532 740 ορῥύθμως,
565 679 612 723 ὃν
643 676 693 722 ἂν
729 680 976 735 ἐθελήσειεν.
1032 679 1114 731 ἵνα,
1144 677 1218 721 ἐὰν
1246 680 1408 720 θέλωσί
1428 693 1533 726 τινες
1559 680 1644 719 ταῖν
1670 678 1714 718 ἐν

279 749 527 806 τῇ7Βλαχιᾲ
555 744 764 802 α’ρχὸντων
791 746 1012 799 τυγχάνειν
1040 741 1248 800 ὂφφικίων
1275 741 1389 799 παρὰ
1411 745 1484 797 τῆς
1502 742 1716 796 βασιλείας

278 829 362 868 μου
391 811 598 868 ἔρχεσθαί
618 828 661 853 τε
689 811 761 852 καί
787 811 845 859 εἰς
871 808 1148 865 προσκύνησιν
1177 809 1316 862 αὐτῆς,
1345 806 1474 861 ἔχωσι
1500 809 1620 850 τοῦτο
1650 809 1717 848 ἐπ’

281 879 426 928 ἀδείας
459 879 531 919 καί
571 878 691 918 οὐδὲν
727 873 966 917 κωλύωνται
994 877 1092 930 παρ’
1111 875 1256 915 αὕτοῦ.
1312 874 1380 914 ἵνα
1399 872 1469 915 ἐπὶ
1487 874 1566 925 μὲν
1585 868 1769 916 ἅπασιιο

247 949 369 994 Οτοῖς
398 945 577 990 δυτικοΐς
602 942 787 996 μέρεσιν,
818 938 920 982 ἔνθα
945 935 996 981 ἂν
1021 939 1155 996 χρῄζῃ
1177 938 1315 980 αὐτῶν
1341 938 1367 992 ἧ
1395 939 1588 991 βασιλεία
1615 953 1715 990 μου,

281 1005 459 1064 δουλεύῃ
497 1009 594 1060 μεθ’
633 1004 787 1047 ἑαυτοῦ
814 1020 858 1047 τε
884 1006 956 1046 καί
991 1002 1147 1053 παντὸς
1174 1004 1251 1043 τοῦ
1279 1001 1507 1058 φωσσάτου
1530 1002 1718 1054 Ῥωμαῖ-

282 1075 359 1116 xo&
399 1089 442 1115 τε
479 1074 551 1114 καί
577 1071 862 1124 Ἀλβανιτικοῦ
886 1086 896 1096 ·
958 1068 1154 1124 ἀνωτέρω
1198 1068 1243 1108 δὲ
1271 1070 1344 1122 τῆς
1371 1067 1718 1122 Χριστουπὸλεως

282 1137 359 1181 ἐὰν
386 1135 524 1193 χρῄζῃ
552 1136 577 1190 ἡ
606 1137 800 1189 βασιλεία
827 1149 935 1188 μου,
966 1132 1141 1189 δουλεύῃ
1167 1134 1245 1185 μὲν
1271 1134 1366 1185 μεθ’
1399 1129 1568 1185 ἑαυτοῦ,
1600 1147 1718 1188 φωσ-

281 1202 410 1245 σάτου
433 1204 478 1244 δὲ
494 1198 592 1243 ὅσου
617 1197 669 1242 ἂν
695 1200 911 1255 δυ’νηται.”
964 1199 1141 1254 Ἀγγέλῳ
1168 1199 1246 1250 μὲν
1273 1191 1346 1239 οὖν
1369 1200 1427 1254 τῷ
1453 1196 1620 1255 Ἰωάννῃ
1648 1197 1772 1243 ἒπίιὸ

281 1266 492 1315 τοιαύταις
537 1264 766 1320 συνθήκαις
799 1264 1025 1319 παρεδίδου
1060 1261 1290 1310 Θετταλίας
1322 1260 1396 1316 τὴν
1425 1261 1564 1317 ἀρχὴν
1592 1260 1612 1302 ὃ
1640 1265 1720 1316 βα-

144 1335 268 1382 V.424
283 1330 435 1383 σιλεύς.
481 1331 684 1372 Θετταλοί
703 1345 744 1371 τε
772 1327 843 1371 τόν
867 1344 910 1370 τε
927 1323 1122 1381 ’Ἀγγελον
1150 1327 1339 1380 ἐδέχοντο
1368 1324 1619 1382 προθύμως,
1662 1324 1720 1375 ὥς

284 1395 400 1450 παρὰ
440 1395 644 1449 βασιλέως
680 1390 832 1449 ἥκοντα
849 1424 860 1446 ,
890 1394 963 1435 καί
988 1390 1040 1433 τὰ
1069 1393 1403 1447 προστεταγμένα
1431 1392 1568 1438 πάντα
1595 1393 1721 1446 ἐπηγ-

285 1465 475 1518 γέλλοντο
502 1465 647 1501 ποιεῖν.

393 1523 467 1567 νδ’.
535 1522 587 1566 Οἱ
626 1525 670 1565 ἐν
709 1522 996 1580 Διδυμοτείχῳ
1038 1523 1083 1563 δὲ
1109 1521 1199 1562 επεὶ
1225 1518 1489 1574 πανταχόθεν
1517 1519 1672 1570 αὖτοὺς
1698 1520 1773 1568 520

285 1591 461 1643 πόλεμος
485 1586 760 1642 περιειστήκει
787 1590 860 1629 καὶ
889 1588 1065 1640 οὕδεμιά
1095 1602 1158 1634 τις
1186 1586 1378 1640 ἐφαίνετο
1408 1585 1606 1640 α’νακωχη
1622 1593 1652 1638 ,’
1680 1588 1719 1629 εἰ

286 1654 346 1710 μὴ
375 1652 480 1710 πρὸς
511 1653 662 1701 αὖτοὺς
689 1655 850 1707 ταχέως
879 1653 1100 1694 ἐπανέλθοι
1127 1647 1344 1703 βασιλεῦς,
1386 1648 1458 1692 τὸν
1492 1655 1724 1706 Ταρχανει·,

289 1721 398 1774 ώτην
426 1716 639 1771 Μανουῆλ
667 1718 876 1770 πέμπουσι
905 1716 1008 1772 πρὸς
1036 1713 1177 1768 αὐτὸν,
1206 1716 1327 1756 τοῦτο
1353 1716 1430 1767 μὲν
1458 1716 1530 1757 καί
1553 1714 1602 1758 τά
1632 1719 1721 1758 κατ’

290 1779 692 1841 αὐτούς-,διδάξοντα
722 1781 778 1833 ὥς
806 1779 915 1837 εἶχε,
944 1782 1067 1824 τοῦτο
1095 1782 1142 1822 δὲ
1168 1780 1240 1822 καί
1262 1781 1419 1833 μᾶλλον
1446 1780 1722 1837 ἐξορμήσαντα

385 1905 438 1929 21.
467 1895 530 1926 καὶ
554 1904 622 1927 om.
647 1893 681 1926 P.

294 1981 450 2024 habeat,
485 1988 527 2016 ut
564 1992 671 2026 supra
705 1980 842 2014 dictum
875 1986 939 2014 est.
987 1981 1134 2026 Propter
1166 1981 1236 2014 alia
1260 1985 1401 2020 autem,
1426 1992 1519 2026 quae
1546 1987 1629 2025 post
1653 1983 1722 2016 Pa-

296 2034 389 2062 tram
414 2033 519 2069 suut,
548 2029 579 2062 si
604 2028 783 2061 maiestati
810 2032 954 2060 nostrae
979 2038 1058 2060 cum
1083 2027 1265 2062 Catalanis
1289 2029 1508 2068 convenerit,
1533 2030 1724 2063 conveniat

297 2076 408 2108 etiam
433 2076 525 2118 ipsi:
551 2075 581 2107 si
607 2073 746 2108 bellum
771 2072 876 2106 nobis
905 2084 984 2106 cum
1013 2074 1142 2106 iisdem
1171 2073 1304 2112 fuerit,
1335 2073 1383 2105 sit
1417 2074 1526 2107 etiam
1562 2074 1629 2107 illi.
1676 2076 1722 2108 Et

296 2131 542 2166 quaecumque
571 2120 617 2153 ad
640 2119 900 2153 subiectionem
927 2124 964 2151 et
985 2119 1229 2153 obedientiam
1254 2119 1450 2152 maiestatis
1478 2124 1622 2154 nostrae
1645 2121 1722 2156 sive

295 2167 370 2199 alio
395 2167 501 2199 modo
520 2191 529 2207 ‚
555 2167 628 2199 sive
654 2166 761 2198 etiam
787 2174 851 2207 per
874 2164 971 2197 hunc
995 2165 1111 2209 ipsum
1141 2166 1284 2198 fratrem
1312 2171 1471 2198 nostrum
1493 2168 1721 2206 accesserint,

295 2212 492 2246 habeamus
524 2217 738 2256 potestatem
775 2211 1021 2245 constituendi
1054 2210 1271 2256 praefectum
1303 2217 1425 2244 nostro
1459 2223 1580 2252 more,
1612 2223 1720 2258 quem

296 2259 529 2291 voluerimus.
588 2259 635 2290 Ut
672 2258 702 2289 si
731 2255 876 2301 quidam
902 2257 1045 2290 fratrem
1082 2256 1306 2290 Blachiorum
1331 2257 1534 2300 praesidum
1559 2258 1672 2292 officia
1698 2269 1720 2290 a

297 2305 487 2338 maiestate
519 2308 641 2336 nostra
680 2304 851 2346 consequi
892 2304 1012 2336 volent
1050 2308 1086 2336 et
1117 2303 1162 2336 ad
1194 2303 1293 2334 illam
1327 2302 1544 2337 adorandam
1584 2305 1720 2345 venire,

297 2350 438 2395 possint
473 2349 543 2382 hoc
570 2359 713 2388 secure,
750 2358 815 2380 nce
841 2349 886 2381 ab
912 2350 990 2393 ipso
1016 2347 1289 2393 prohibeantur.
1339 2350 1384 2382 Ut.
1407 2349 1445 2383 in
1470 2351 1592 2394 quavis
1617 2355 1721 2394 parte

299 2396 538 2435 occidentali,
572 2396 633 2428 vbi
672 2393 931 2436 indiguerimus
963 2396 1076 2438 ipsis,
1109 2405 1189 2426 cum
1219 2395 1315 2426 omni
1340 2395 1473 2428 fossato
1502 2396 1657 2428 Romano
1683 2402 1722 2428 et

298 2441 439 2475 Albano
474 2441 614 2478 serviat.
671 2440 784 2484 Supra
820 2440 1073 2484 Christopolim
1115 2445 1253 2480 autem,
1290 2440 1319 2472 si
1351 2451 1440 2484 opus
1475 2441 1718 2483 hahuerimus,

298 2493 441 2531 praesto
475 2489 522 2519 sit
559 2497 637 2519 cum
661 2487 791 2518 fossato
824 2492 958 2530 quanto
981 2486 1128 2530 poterit,
1175 2487 1300 2531 ltaque
1326 2487 1453 2520 loanni
1480 2488 1613 2530 Angelo
1638 2499 1719 2521 cum

299 2533 504 2566 istiusmodi
542 2532 814 2566 conditionibus
851 2531 1056 2565 Thessaliae
1101 2532 1288 2574 imperium
1330 2533 1470 2566 addixit
1514 2535 1719 2577 imperator,

301 2589 408 2620 quem
435 2579 601 2611 Thessali
631 2577 825 2622 gaudentes
851 2581 1083 2620 acceperunt,
1109 2583 1148 2610 ut
1173 2577 1217 2608 ab
1243 2578 1457 2622 imperatore
1481 2580 1626 2613 missum
1650 2580 1718 2613 sci-

300 2623 407 2662 licet,
432 2630 468 2656 et
492 2626 685 2657 constituta
711 2623 826 2654 omnia
851 2636 887 2656 se
912 2622 1066 2655 facturos
1092 2623 1370 2666 spoponderunt.

395 2670 447 2710 54.
497 2669 852 2713 Didyrnotichenses,
894 2668 1063 2713 quoniam
1100 2678 1160 2701 eos
1194 2669 1330 2703 bellum
1364 2670 1512 2714 urgebat
1545 2669 1717 2715 undique,

302 2725 367 2746 nec
393 2714 465 2745 uua
491 2716 685 2758 ass'ulgebat
712 2715 892 2753 remissio,
919 2714 989 2746 nisi
1013 2713 1058 2745 ad
1082 2725 1141 2745 eos
1167 2716 1332 2749 celeriter
1356 2717 1490 2750 rediret
1514 2715 1717 2759 imperator,

300 2758 516 2793 michaelem
542 2760 818 2794 Tarchaniotam
841 2761 1000 2801 mittunt,
1025 2760 1155 2804 partim
1181 2767 1219 2794 ut
1243 2773 1323 2795 eum
1348 2761 1392 2796 dc
1417 2766 1511 2797 statu
1533 2762 1716 2807 praesenti
