1820 3152
299 169 410 243 576
815 190 1186 235 CANTACUZENI

98 294 179 328 A.C.
199 293 385 342 ι346μον.’
442 287 734 343 Παλαιολόγος
763 289 809 331 δὲ
836 290 931 340 τούς
961 292 1184 346 Ζηλωτάς,
1225 286 1442 349 ὅσοιπερί
1476 295 1727 338 Θεσσαλονί-

291 369 366 407 κην
397 349 519 408 ἦσαν,
557 361 846 407 μετεκαλεΐτο·
878 355 980 399 ἔνιοι
1015 360 1060 400 δὲ
1089 358 1162 400 καί
1191 361 1576 416 κατακρυπτόμενοι
1605 363 1650 403 ἐν
1677 363 1727 403 οἶ-

291 418 430 467 δύτοις
466 420 664 474 ἐξαίφνης
704 421 988 477 ἀνεφαίνοντο.
1047 423 1121 466 καί
1147 424 1169 466 ὅ
1213 427 1345 480 δῆμος
1374 423 1484 475 ἅπας
1512 427 1731 479 ἐξεκυμαι-
1775 467 1777 469 ,

288 498 379 525 νετο
411 484 483 525 ὑπ’
502 486 662 534 αὐτῶν,
707 490 780 528 καί
807 490 924 543 δῆλοι
951 486 1057 544 ἦσαν
1087 485 1215 540 αὖθις
1240 490 1504 547 χωρήσοντες
1531 490 1603 533 ἐπὶ
1631 491 1731 540 τούς

290 546 504 603 οἷρίστους.
560 550 583 592 ὅ
621 554 751 606 μέγας
792 554 839 595 δὲ
867 554 1166 611 πριμμικήριος
1201 555 1312 609 μετὰ
1345 558 1428 598 τῶν
1454 551 1590 598 ἄλλων
1613 559 1758 601 πολι-5

292 617 374 658 τῶν
400 617 475 657 καί
498 618 573 671 τῆς
605 620 804 672 στρατιᾶς
835 619 940 676 ὑπὲρ
970 622 1240 670 ὀκτακοσίους
1283 617 1421 674 ὄντες,
1462 622 1519 671 ὥς
1546 623 1731 676 ἐλέγετο,

293 681 408 723 δεινοὶ
439 682 684 736 ἐποιοῦντο,
715 686 757 726 εἰ
789 686 1090 740 Παλαιολόγον
1129 686 1258 740 μόνου
1287 686 1390 740 μετὰ
1421 689 1504 729 τῶν
1531 689 1758 741 παραθα-Α

290 749 502 799 λασσίων,
540 748 584 804 (ὅ
627 748 707 804 γάρ
746 743 868 799 ἄλλος
910 753 1040 806 δῆμος
1068 753 1231 794 ου’ὃέπω
1271 752 1507 807 οὐδετέροις
1532 753 1733 807 καθαρῶς

245 823 272 857 C
288 814 523 867 προσέκειτο
537 815 570 871 ‚)
604 817 791 857 τοσοῦτοι
808 810 918 865 ὄντες
938 818 1153 872 ἦττηθεῖεν
1173 836 1182 845 ·
1204 815 1333 872 ’ὅμως
1357 816 1617 867 Ἀπόκαυκος
1649 817 1726 859 οὔκ

287 879 432 932 η’μέλει
463 882 539 920 τοῦ
563 878 623 935 μή
658 887 813 936 χωρεῖν
842 881 944 938 πρὸς
985 882 1058 932 τας
1087 883 1344 937 συμβάσεις,
1384 881 1491 925 ἄλλα
1522 882 1626 938 πρὸς
1658 880 1782 928 torro

287 943 581 998 Παλαιολόγον
610 944 767 999 ἔπεμπε
795 947 869 990 τὸν
881 948 1168 1004 Κοτεανίτζην
1195 948 1470 1005 πρεσβευτὴν,
1498 950 1571 1003 τῆς
1599 963 1730 1003 στρα-

287 1012 381 1058 τιᾶς
408 1005 502 1052 ’ὄντα
529 1008 734 1066 ἡγεμόνα,
780 1011 1071 1068 διαλεξόμενον
1103 1017 1202 1070 περὶ
1228 1013 1404 1070 εἰρήνης.
1459 1015 1557 1069 πρὶν
1598 1015 1645 1055 δέ
1687 1029 1731 1056 τι

287 1075 389 1129 πρὸς
417 1076 569 1119 ἐκεῖνον
601 1079 758 1133 εἰπεῖν,
789 1077 826 1120 οἱ
837 1083 1037 1134 Ζηλωταί
1061 1079 1391 1136 προσπεσόντες,
1423 1080 1495 1136 (οὕ
1522 1077 1603 1135 γὰρ
1633 1080 1727 1121 ἐδό-

287 1156 351 1182 κει
392 1139 417 1195 ἦ
467 1142 608 1198 εἰρήνη
651 1144 791 1193 αὐτοῖς
832 1149 1108 1202 λυσιτελεῖν,)
1138 1144 1291 1195 πολλὰς
1325 1147 1403 1198 μὲν
1449 1143 1728 1200 προσήνεγκαν

287 1207 447 1261 πληγὰς
486 1210 563 1250 καῖ’
595 1211 735 1265 ξίφεσι
774 1209 844 1251 καί
873 1212 1109 1265 δορατίοις·
1155 1214 1403 1264 καταβαλεῖν
1445 1212 1491 1252 δὲ
1519 1207 1595 1252 oziae
1623 1212 1782 1265 ἠΰν-15

287 1271 476 1328 νήθησαν
493 1277 852 1328 τεθωρακισμένον
870 1274 987 1318 ἔνδον
1008 1271 1106 1319 ὄντα
1121 1311 1133 1330 ,
1167 1278 1256 1318 ἀλλ’
1275 1278 1471 1332 ἐξέφυγε,
1500 1273 1572 1331 τήν
1601 1280 1727 1331 χεῖρα

287 1339 418 1394 μόνην
446 1341 516 1381 ἐπὶ
543 1342 603 1397 τῷ
633 1343 778 1398 καρπῷ
807 1346 1150 1395 τραυματισθείς.
1180 1340 1436 1392 ’,Απόκαυκος
1463 1343 1510 1383 δὲ
1538 1343 1630 1383 ἐπεὶ
1654 1339 1728 1396 τήν

293 1404 528 1448 αὐθάδειαν
556 1406 760 1459 ἐπύθετο,
804 1404 974 1462 ὥρμησε
1001 1411 1078 1460 μὲν
1116 1410 1306 1450 ἐπελθεῖν
1335 1413 1420 1456 τοῖς
1448 1409 1728 1462 παραθαλασ-

253 1473 404 1519 Βσίοις
433 1474 506 1512 καί
532 1476 619 1519 τοῖς
648 1475 867 1526 Ζηλωταῖς
897 1471 978 1514 ὑπὸ
1009 1470 1304 1527 Παλαιολόγον
1334 1474 1620 1526 τεταγμένοις,
1656 1471 1730 1514 καὶ

289 1536 445 1593 ῥᾳδίως
476 1532 528 1578 ἄν
555 1534 793 1592 ἐκράτησεν,
822 1537 883 1580 ἔτι
914 1537 1222 1593 ἀπαρασκεύοις
1253 1536 1455 1591 ἐπελθών,
1478 1540 1553 1580 τοῦ
1580 1554 1625 1579 τε
1654 1536 1780 1592 dri-*20

287 1618 372 1655 μου
399 1600 525 1658 μήπω
553 1601 706 1651 παντὸς
736 1603 880 1652 αὐτοῖς
909 1606 1238 1658 συντεταγμένου
1255 1621 1264 1630 ·
1317 1605 1467 1657 ἐπέσχε
1497 1605 1543 1645 δὲ
1572 1603 1595 1646 ὅ
1623 1607 1726 1646 Κω-

289 1669 421 1717 καλᾶς
466 1667 680 1723 α’πατήσας
715 1670 761 1710 έν
803 1667 1073 1723 προσχήματι
1116 1671 1285 1724 βουλῆς.
1341 1671 1607 1724 ἐπηγγέλλετο
1643 1666 1725 1724 γάρ

290 1731 420 1782 αὐτὸς
443 1733 576 1789 χωρίς
604 1733 794 1786 αἱμάτων
822 1733 1109 1789 Παλαιολόγον
1151 1738 1308 1778 πείσειν
1336 1734 1441 1790 πρὸς
1474 1733 1630 1783 αὐτούς
1658 1736 1726 1776 έλ-

287 1802 380 1841 θεῖν
414 1801 488 1841 καί
521 1801 834 1856 συμφρονῆσαι.
892 1797 980 1854 ἅμα
1017 1803 1077 1855 δὲ,
1114 1803 1206 1844 ἐπεὶ
1239 1797 1318 1857 ἤδη
1348 1802 1558 1856 ἐπεγένετο
1599 1799 1672 1858 καί
1698 1799 1726 1854 ἦ

387 1917 398 1941 ι
411 1918 437 1941 ι.
471 1907 668 1948 Τεανίτζην
690 1906 738 1940 Μ.

289 1996 554 2040 compositione
578 1997 780 2040 mittendo,
804 1998 941 2033 bellum
966 1999 1077 2043 magis
1105 1998 1260 2032 irritavit
1283 2003 1321 2032 et
1343 1997 1515 2031 incendit.
1576 1996 1724 2030 Palaeoe

290 2043 390 2087 logus
417 2044 577 2084 Zelotas‚
603 2050 783 2090 quotquot
808 2046 1087 2079 Thessalonicae
1113 2051 1233 2086 erant,
1258 2046 1397 2090 coegit:
1422 2043 1590 2077 nonnulli
1614 2045 1724 2076 etiam

290 2090 328 2122 in
355 2089 463 2122 aditis
500 2090 732 2132 absconditi,
757 2097 906 2136 repente
942 2093 1176 2137 prodierunt,
1211 2103 1231 2123 a
1255 2092 1385 2136 quibus
1425 2090 1582 2135 populus
1607 2090 1724 2122 omnis

291 2135 404 2168 instar
428 2136 600 2170 fluctuum
628 2144 682 2171 est
705 2141 925 2171 concitatus:
953 2145 990 2172 et
1015 2138 1212 2183 apparebat
1236 2149 1295 2171 eos
1313 2147 1451 2170 rursum
1475 2137 1514 2170 in
1531 2137 1724 2181 optimates

290 2182 416 2216 ituros.
466 2183 616 2227 Magnus
640 2195 748 2228 porro
771 2186 998 2230 primicerius
1023 2191 1059 2219 et
1080 2186 1143 2218 alii
1167 2185 1271 2222 cives,
1300 2188 1337 2216 et
1359 2183 1590 2227 praesidium,
1613 2184 1724 2228 (quo-

291 2240 368 2261 rum
393 2230 552 2262 omnium
582 2242 751 2265 numerus
775 2232 820 2265 ad
845 2232 1180 2277 octingentesimum
1204 2230 1400 2275 putabatur
1421 2230 1642 2276 ascendere,)
1656 2239 1722 2274 pro

291 2275 440 2321 indiguo
476 2276 682 2317 habehant,
716 2279 746 2311 si
772 2290 792 2311 a
815 2278 1025 2323 Palaeologo
1058 2279 1135 2312 solo
1162 2287 1241 2309 cum
1267 2278 1454 2310 maritimis
1486 2287 1550 2310 seu
1578 2277 1723 2310 classia-

292 2318 366 2362 riis,
399 2323 570 2367 (populus
603 2325 696 2358 enim
722 2324 882 2359 nondum
907 2324 1071 2358 alterutri
1095 2324 1188 2367 parti
1212 2323 1356 2368 liquido
1379 2323 1627 2368 adhaerebat,)
1651 2323 1722 2367 ipsi

291 2373 363 2400 tam
401 2370 506 2402 multi
547 2371 786 2405 vincerentur.
835 2372 974 2405 Tamen
1008 2368 1242 2414 Apocauchus
1268 2375 1452 2413 pactorum
1478 2368 1575 2402 haud
1605 2369 1723 2414 negli-

294 2425 391 2457 gens,
407 2415 631 2449 Theanitzen
653 2418 826 2461 praesidii
851 2417 977 2451 ducem
1002 2419 1098 2461 pacis
1127 2416 1371 2450 conficiendae
1398 2415 1575 2449 mittebat.
1603 2415 1722 2460 Quem

291 2462 496 2505 priusquam
524 2464 723 2497 orationem
748 2465 943 2508 inciperet,
969 2464 1111 2497 Zelotae
1133 2464 1266 2508 quibus
1291 2475 1361 2507 pax
1383 2474 1508 2508 parum
1531 2461 1722 2497 videbatur

297 2508 507 2550 conducere,
532 2511 721 2550 irruentes,
743 2510 871 2555 gladiis
894 2516 930 2544 et
964 2509 1079 2544 hastis
1107 2511 1375 2554 appetiverunt,
1401 2509 1605 2555 multosque
1628 2510 1722 2542 ictus

295 2554 545 2589 incusserunt:
572 2561 798 2601 prosternere
824 2563 967 2597 tamen,
991 2557 1089 2590 intus
1115 2556 1258 2590 thorace
1284 2557 1399 2589 ferreo
1423 2557 1621 2595 munitum,
1646 2564 1722 2588 non

294 2605 510 2644 potueruut:
550 2604 613 2637 sed
650 2605 688 2636 in
717 2604 797 2637 vola
830 2608 970 2637 tantum
1008 2604 1216 2638 vulneratus
1266 2602 1400 2646 effugit.
1468 2600 1722 2646 Apocauchum

295 2646 419 2679 audita
446 2658 566 2681 eorum
598 2650 793 2686 insolentia
817 2650 1014 2684 maritimos
1040 2655 1077 2683 et
1099 2648 1570 2694 Zelotas,quiaPalaeologo
1588 2648 1723 2681 servie-

294 2693 407 2734 bant,
444 2695 639 2728 invadendi
663 2697 816 2741 impetus
841 2698 956 2741 cepit:
996 2702 1032 2731 et·
1055 2696 1161 2729 facile
1186 2696 1304 2729 adhuc
1328 2695 1541 2740 imparatos,
1564 2693 1722 2740 populo·

295 2750 366 2785 que
406 2740 564 2774 nondum
606 2743 679 2775 illis
715 2744 1000 2784 succenturiato,
1030 2744 1287 2790 oppressisset,
1313 2742 1385 2776 nisi
1421 2741 1565 2776 Cocalas
1601 2741 1720 2784 specie

295 2788 440 2823 consilii
464 2798 545 2821 eum
571 2787 747 2823 deludens
775 2789 1007 2825 cohibuisset.
1065 2789 1302 2825 Promittebat
1324 2788 1420 2823 enim
1439 2813 1449 2831 ,
1469 2788 1555 2822 citra
1577 2787 1721 2832 sangui-
