1812 3132
537 137 917 181 HISTomARUM
956 139 1030 179 111.
1054 142 1124 187 19.
1306 155 1314 160 κ
1453 138 1470 173 1
1492 139 1507 173 ι
1525 138 1554 193 7

108 259 190 298 „qr
217 244 334 301 αύτῷ
358 240 647 296 χαριζομένου
677 235 751 280 καί
775 237 975 290 οὐδαμῶς
1003 238 1159 280 ἐλαττω
1187 233 1217 293 ἢ
1252 239 1404 288 ἐκεῖνος
1432 235 1648 280 δίψα-ΔΕ.
1667 247 1750 292 ¹34¹

107 311 213 351 σθαι
246 302 647 364 παρασκευάζοντος.
701 303 797 347 νυνὶ
843 304 890 345 δὲ
931 302 979 345 τί
998 301 1045 346 τὸ
1073 305 1259 358 κωλῦον,
1297 305 1420 360 ζῆλον
1445 303 1553 359 ὑπὲρ

106 376 312 428 βασιλέως
346 373 426 414 τοῦ
452 368 604 419 παιδὸς
643 369 966 425 ὑποκριθέντας,
1010 369 1312 422 συμβουλεύειν
1336 370 1552 424 βασιλίδι,

105 436 209 494 πρὸς
233 440 377 493 γένους
401 451 445 479 τε
475 430 598 486 ὄντας
625 434 699 478 καὶ
722 433 1008 491 προσήκοντας
1039 433 1110 476 διά
1140 433 1216 490 τήν
1243 435 1456 490 εΰγένειαν
1483 452 1555 477 πι-

78 503 355 554 5στεύεσθαι,
399 502 623 544 καταλύειν
649 499 806 543 ἐκεῖνον
832 499 906 542 καί
930 503 1002 554 τῆς
1029 501 1165 555 α’ρχῆς
1194 501 1557 557 α’ποχειροτονεῖν,

106 569 164 618 ὥς
191 567 394 623 ἁρπάζειν
422 567 720 621 διανοούμενον
747 565 823 622 την
849 565 1067 620 βασιλειάν
1103 564 1178 608 καί
1208 566 1345 622 αὐτὴν
1363 570 1436 610 καί
1455 568 1556 624 φίλ-

105 650 212 676 τατα
240 631 538 676 α’ποκτιννιῖναι
564 633 639 675 καί
657 633 878 686 Ῥωμαίων
906 638 1141 687 τυραννεῖν.
1200 629 1249 674 οὗ
1287 632 1369 689 γάρ
1416 631 1594 690 δήπουΒ

100 714 147 753 γε
174 697 204 740 ἃ
229 697 487 754 προτείνεται
513 696 612 752 ὗμΐν
639 696 778 754 ὥσπερ
809 700 959 753 δέλεαρ
987 695 1059 740 ὕπ’
1097 699 1280 752 ἐκείνου,
1321 699 1458 754 ἄρχαί
1482 699 1558 742 πό-

102 763 209 806 λεών
244 780 371 806 τινων
412 764 485 807 καί
520 766 732 820 δημοσίων
763 761 1010 820 διοικήσεις,
1050 765 1102 806 ἵν’
1131 765 1285 811 ἐκεῖνος
1327 764 1374 807 τὸ
1410 767 1556 819 μεῖζον

54 827 200 886 ιοέχῃ,
230 826 369 885 ὥσπερ
400 830 600 886 δεσπότης
627 828 853 873 ἐπιτάττων
879 828 955 872 καί
980 828 1149 871 πάντων
1177 828 1555 873 καταδυναστεύων

101 894 175 937 καί
209 892 415 948 μειζόνων
451 895 526 937 καί
563 895 825 948 ἐλαττόνων,
866 898 986 938 τοῦθ)
1025 893 1127 949 ὑμῖν
1164 896 1334 950 α’ρκέσει
1375 894 1482 951 πρὸς
1507 894 1554 938 τὸ

99 961 428 1016 ἀποστερεῖσθαι
470 964 544 1017 τῆς
601 961 858 1018 ἐλευθερίας.
914 963 1014 1004 ου’δὲ
1040 959 1119 1016 γάρ
1166 961 1257 1002 οὐδ’
1291 961 1404 1014 ὑμᾶς
1431 963 1553 1004 τοῦτο

95 1024 335 1081 κατάδηλον
361 1028 536 1082 λέληθεν
561 1021 606 1070 ὃν
627 1059 640 1081 ,
668 1024 725 1077 ὥς
745 1061 759 1082 ,
785 1029 943 1070 ἐκείνου
972 1025 1165 1075 πεσόντος
1191 1023 1220 1082 ἢ
1245 1029 1552 1082 ἐκβεβλημένου

98 1092 174 1146 τῆς
210 1091 369 1147 α’ρχῆς,
427 1092 532 1145 ὑμῖν
570 1094 735 1144 ἐξέσται
773 1091 972 1148 πράττειν
1016 1091 1049 1134 οἳ
1085 1091 1274 1148 αἱρεῖσθε
1313 1089 1471 1145 άδεαῖς,
1522 1087 1551 1147 ἢ

47 1153 295 1212 ιὸπριότους
326 1158 622 1212 γεγενημένους
655 1154 684 1212 ἢ
718 1157 826 1212 μετὰ
864 1157 963 1208 τούς
995 1156 1184 1215 πρώτους
1214 1155 1350 1206 afflig
1371 1157 1550 1211 Ῥωμαί·

98 1239 187 1264 ωνω
228 1218 278 1264 οὗ
315 1221 410 1279 χρὴ
432 1225 480 1266 δὲ
507 1222 610 1279 πρὸς
643 1222 721 1279 την
748 1225 1011 1280 ἐπιχείρησιν
1036 1223 1301 1266 ἀναδύεσθαι
1337 1223 1548 1277 λογιζομέ-

95 1303 219 1342 νους,
265 1287 323 1338 ὦς
351 1286 490 1344 ψεύδη
525 1288 600 1333 καί
624 1291 911 1347 συκοφαντίας
940 1293 1088 1346 ἐρεῖτε.
1143 1291 1184 1332 εἰ
1208 1290 1286 1342 μὲν
1313 1287 1390 1344 γὰρ
1421 1284 1547 1331 οῦδὲν

96 1354 261 1396 οὐδέπω
288 1357 418 1410 μέχρι
445 1356 522 1398 νῦν
549 1358 706 1409 ψεῦδος
731 1355 872 1413 εἴρητο
900 1354 1002 1410 ὑμῖν
1019 1390 1031 1409 ,
1057 1353 1111 1412 ἦν
1139 1351 1192 1398 ἄν
1217 1372 1259 1398 τι
1285 1355 1410 1397 τοῦτο
1438 1353 1581 1409 πρὸςΟ

94 1418 166 1463 τὸν
192 1417 326 1475 λόγον.
379 1421 421 1463 εἶ
445 1422 492 1464 δὲ
519 1421 718 1472 πολλάκις
744 1421 847 1478 ἡμῖν
875 1420 1034 1464 ἅπασιν
1061 1419 1216 1475 ὅμοίως
1243 1423 1318 1463 καί
1352 1421 1428 1463 τοῦ
1468 1437 1544 1462 τυ-

42 1484 243 1541 αοχόντος
270 1487 444 1542 κέρδους
471 1488 590 1530 ἕνεκα
618 1483 644 1544 ἢ
672 1487 843 1538 ου’δενὸς
871 1487 945 1530 καὶ
968 1490 1178 1544 ἐπιορκεῖν
1204 1485 1279 1529 καὶ
1302 1485 1544 1540 ψεύδεσθαι

94 1554 277 1607 συνέβη,
317 1553 364 1594 τί
400 1554 470 1594 δεῖ·
489 1551 539 1605 τά
571 1554 768 1604 πολλάκις
794 1556 1078 1609 τετολμημένα
1108 1549 1309 1609 ὄρῥωδεῐν
1336 1551 1451 1606 νυνὶ,
1489 1553 1543 1592 ου’

92 1615 223 1672 μικρά
250 1633 358 1670 τινα,
389 1616 496 1661 α’λλά
525 1617 602 1674 την
618 1617 838 1672 Ῥωμαίων
863 1623 1091 1673 μέλλοντας
1117 1619 1254 1674 ἀρχὴν
1280 1619 1540 1674 κερδαι’νειν;

92 1684 135 1725 εἰ
159 1685 197 1726 δ’
216 1679 404 1726 άπιστεῖν
431 1682 528 1738 ἐμοὶ
552 1687 767 1742 κεκρίκατε
794 1684 846 1727 τά
875 1683 1022 1738 βελτίω
1049 1682 1407 1739 συμβουλεύοντι,
1430 1681 1538 1727 ἀλλὰ

189 1809 201 1833 ι
213 1809 240 1833 ι.
265 1797 357 1846 ἡμῖν
385 1799 419 1834 Ρ.

90 1907 157 1940 ille
193 1911 290 1942 totus
312 1907 542 1954 propendens
575 1911 613 1942 et
647 1912 865 1955 potestatem
901 1920 981 1942 cum
1020 1908 1148 1944 eodem
1185 1907 1534 1944 communicaverat:

89 1965 188 1989 nunc
212 1958 331 1991 tamen
354 1955 450 1989 nihil
475 1954 634 1995 obstare,
655 1956 745 2002 quin
774 1956 988 2001 cognatione
1012 1956 1128 1990 iuncti
1157 1961 1194 1990 et
1217 1960 1364 2001 propter
1392 1956 1534 2000 generis

90 1999 370 2044 amplitudinem
407 2000 478 2035 fide
510 2001 636 2046 digni,
676 2003 791 2038 zelum
829 2014 893 2047 pro
927 2002 1003 2035 filio
1037 2003 1264 2047 imperatoris
1295 2002 1470 2036 simulent
1496 2006 1537 2036 et

90 2048 356 2091 imperatricem
381 2059 424 2082 eo
453 2047 684 2093 pertrahant„
707 2050 762 2083 uti
787 2048 960 2093 abrogato
988 2050 1141 2092 imperio
1173 2048 1407 2083 domesticum
1433 2058 1536 2082 ever·-

89 2097 165 2135 tat3
189 2094 326 2140 quippe
361 2095 425 2140 qui
448 2095 564 2138 ipsam
592 2100 629 2128 et
656 2095 885 2129 dulcissimos
911 2095 989 2128 eius
1018 2095 1151 2129 liberos
1178 2095 1342 2129 occidere
1366 2094 1536 2138 tyranni-

89 2138 244 2185 demque
266 2142 425 2187 arripere
449 2141 656 2175 meditetur.
688 2141 745 2176 An
770 2152 845 2174 non
870 2143 968 2175 enim
995 2141 1231 2187 quarumdam
1258 2141 1403 2175 urbium
1427 2151 1535 2187 prae·

87 2185 248 2220 secturae
288 2193 325 2221 et
357 2187 586 2232 publicorum
615 2199 804 2222 munerum
835 2189 1063 2228 functiones,
1110 2200 1203 2234 quae
1235 2195 1415 2234 tamquam
1450 2198 1533 2221 esca

87 2231 192 2265 vobis
217 2233 263 2266 ab
291 2233 358 2268 illo
383 2233 628 2274 obiiciantur,
661 2239 704 2268 ut
726 2236 804 2279 ipse
837 2236 1007 2268 maiorem
1032 2239 1170 2279 partem
1194 2235 1329 2269 habeat
1352 2239 1389 2267 et
1414 2233 1532 2269 veluti

86 2278 198 2314 herus
224 2279 349 2313 iubeat
379 2286 488 2325 atque
515 2281 553 2314 in
577 2291 720 2322 omnes,
752 2283 910 2315 minores
934 2281 1049 2315 maior
1064 2293 1186 2327 sque,
1218 2281 1448 2321 dominetur,
1482 2280 1532 2315 ad

87 2325 320 2360 amissionem
343 2332 479 2360 vestrae
507 2327 687 2361 libertatis
713 2327 916 2362 sufficient?
951 2327 1054 2362 Patez
1079 2329 1175 2360 en.'m
1192 2353 1201 2368 ‚
1237 2338 1304 2361 nec
1326 2338 1391 2362 vos
1412 2327 1531 2362 nesci-

87 2372 159 2412 tis,
184 2372 250 2406 illo
274 2373 332 2407 vel
353 2374 545 2407 interfecto
570 2374 627 2408 vel
652 2373 805 2420 imperio
833 2373 1009 2418 depulso,
1045 2375 1148 2408 nulio
1176 2379 1276 2408 metu
1310 2378 1347 2408 et
1378 2374 1529 2418 impune
1578 2410 1582 2414 .

88 2418 269 2463 integrum
298 2419 400 2454 vobis
425 2419 587 2454 futurum
612 2431 716 2464 agere
740 2431 807 2465 pro
833 2421 1033 2461 arbitratu,
1073 2431 1152 2453 cum
1183 2421 1240 2454 vel
1273 2419 1382 2465 primi
1415 2420 1475 2455 vel
1507 2431 1530 2454 a

86 2464 212 2509 primis
238 2466 475 2500 Romanorum
506 2467 662 2512 proximi
695 2468 818 2500 statim
852 2468 1050 2504 evaseritis,
1099 2467 1264 2512 Cogitate
1289 2471 1431 2507 autem,
1467 2477 1532 2500 vos

87 2510 277 2547 mendacia
302 2517 340 2545 et
371 2512 568 2547 calumnias
592 2513 638 2546 ad
670 2514 925 2559 imperatorem
950 2514 1145 2553 allaturos,
1180 2518 1216 2546 et
1253 2514 1304 2547 ita
1324 2524 1344 2546 a
1368 2512 1530 2547 facinore

87 2556 255 2592 audendo
279 2559 441 2599 resilire,
463 2571 537 2594 non
563 2565 716 2604 oportet.
764 2560 910 2593 Etenim
938 2561 967 2594 si
995 2571 1109 2606 usque
1143 2557 1255 2594 hodie
1295 2559 1436 2593 nullum
1471 2559 1531 2592 di-

89 2604 232 2638 xissetis
265 2604 516 2647 mendacium,
552 2611 647 2641 esset
669 2606 739 2640 hoc
761 2606 916 2652 aliquid.
964 2605 1028 2641 Sin
1063 2609 1185 2639 autem
1218 2605 1324 2639 nobis
1359 2605 1530 2640 omnibus

89 2660 206 2694 aeque
242 2656 279 2685 et
311 2651 519 2697 frequenter
548 2654 607 2686 vel
640 2653 765 2686 lucelli
798 2664 903 2687 causa
935 2652 992 2686 vel
1023 2653 1182 2695 gratuito
1218 2658 1255 2687 et
1290 2653 1455 2698 peierare
1492 2657 1531 2685 et

90 2697 235 2733 mentiri
259 2698 431 2743 contigit,
465 2709 558 2745 qnae
582 2705 636 2732 est
660 2699 731 2732 ista
757 2700 908 2744 religio,
946 2699 1045 2744 quod
1080 2704 1152 2732 tam
1179 2709 1287 2744 saepe
1321 2710 1428 2732 ausus
1455 2699 1528 2738 sis,

93 2743 138 2785 ab
162 2753 205 2778 eo
233 2755 330 2785 nunc
353 2745 537 2790 refugere,
568 2746 780 2792 praesertim
804 2757 888 2784 cum.
923 2756 998 2781 non
1034 2746 1202 2791 exiguum
1236 2745 1435 2792 quiddam,
1463 2744 1531 2780 sed
