1812 3146
277 183 387 249 504
803 199 1178 243 CANTAcanM

73 303 111 342 A„
125 303 254 346 C.1345
269 296 444 352 οὖδεμιά
473 300 764 353 ἐξευρίσκεται,
800 299 889 341 οὐδ’
919 299 1022 342 αὐτὸ
1045 303 1163 343 τοῦτο
1185 298 1318 351 ἔξεστι
1337 295 1516 355 τάληθὲς
1535 303 1708 354 μαθεῖν,

267 361 365 405 ὅθεν
404 380 447 406 τε
486 358 639 419 ἤρξατο
669 364 691 405 ὁ
726 363 907 417 πόλεμος
938 364 984 407 τὸ
1019 367 1180 419 πρῶτον
1207 367 1286 407 κοῖκ
1309 364 1430 408 τίνων
1457 368 1539 408 τῶν
1567 368 1710 408 αἰτίων

268 424 383 470 οὔπω
421 430 550 484 μέχρι
589 431 664 471 νῦν
701 433 987 485 καταλυθῆναι
1026 429 1241 485 ἠδυνήθη,
1285 432 1372 474 ἄλλ’
1413 427 1542 480 οὕτως
1578 429 1711 472 ἔπεισι

228 491 407 540 cunina
456 491 596 549 ὥσπερ
631 493 735 550 φλὸξ
764 495 1087 538 καταναλίσκων.
1143 495 1279 537 καίτοι
1316 512 1362 550 γε
1404 498 1624 551 α’κηκοὲναι
1667 497 1727 555 ἐκ

266 560 459 614 πολλῶν,
488 554 628 601 ἄλλων
657 554 794 609 ἄλλως
821 557 877 609 ὥς
904 562 1078 608 ἕκαστος
1107 560 1337 614 ἀπεχθείας
1365 557 1392 616 ἢ
1421 560 1586 609 εὔνοιἀς
1612 559 1740 615 πρὸς5

267 625 383 678 ὑμᾶς
413 623 521 673 τούς·
536 626 737 677 βασιλέας
761 623 908 679 ἔχουσι
941 627 1247 681 διηγουμένων·
1306 623 1367 675 οἷς
1389 623 1437 667 οὗ
1459 626 1620 668 δίκαιον
1646 641 1714 666 πι-

264 688 428 731 στεύειν
442 691 694 744 κεκρικέναι,
726 696 813 740 τοῖς
840 693 1058 747 σφετέροις
1086 691 1228 732 αὐτῶν
1246 690 1404 732 πάθεσι
1423 689 1715 744 συμμεταβάλ-

264 758 416 796 λεσθαι
455 755 617 804 ἀξιοῦσι
660 754 731 797 καί
767 754 818 797 τὰ
849 756 1089 811 πράγματα,
1149 755 1215 798 διὸ
1245 758 1317 798 καί
1344 758 1510 798 δεῖσθαι
1536 758 1716 808 μάλιστα

267 821 401 861 αὐτοῦ
441 819 569 861 αὐτὸν
609 819 896 874 ἐξηγήσασθαι
919 852 933 873 ,
984 821 1040 870 ὥς
1067 820 1188 875 ἔσχεν
1217 820 1371 864 ἕκαστα
1398 819 1641 876 σαφέστατά
1673 835 1717 861 τε

266 884 405 926 εἰδότα
434 887 520 926 τῶν
551 879 687 926 ἄλλων
714 887 873 938 μᾶλλον
902 886 976 928 καί
1001 885 1180 942 τάληθὲς
1208 888 1257 928 οὕ
1285 881 1591 942 βουλησόμενον
1613 888 1770 927 ἄπο-ιο

266 950 475 1006 κρύπτειν,
510 948 577 993 οἷα
606 950 658 1005 δη
689 953 890 1006 α’ληθείας
912 969 957 993 τε
987 950 1205 1006 ἐχόμενον,
1236 949 1374 1007 ὥσπερ
1405 950 1624 1005 ἀκούομεν,
1652 952 1716 1002 ἐξ·

947 1021 967 1030 η
1023 1012 1041 1028 ’l

272 1018 428 1070 αρχῆς,
475 1011 611 1066 ἄλλως
649 1033 692 1058 τε
733 1020 804 1058 καί
829 1021 991 1060 πολλων
1020 1033 1148 1060 οντων
1176 1020 1259 1059 τῶν
1294 1020 1585 1072 δυνησομένων
1617 1019 1717 1057 α’πε-

227 1085 448 1136 Βλὲγχειν,
479 1078 530 1123 ἂν
559 1085 757 1138 φαίνηται
782 1082 842 1137 μή
872 1085 1004 1138 λέγειν
1031 1084 1237 1140 ᾑρημένος
1274 1085 1454 1138 τάληθῆ.
1519 1081 1719 1136 βασιλευς

269 1150 315 1189 δὲ
351 1148 403 1188 ου’
429 1150 507 1189 τοῦ
535 1152 638 1203 παρ’
667 1147 800 1190 αΰτὸν
841 1149 1030 1205 ἀφῖχθαι
1068 1150 1219 1203 μόνον,
1263 1146 1368 1191 α’λλά
1403 1151 1475 1190 καί
1501 1150 1575 1203 τῆς
1607 1147 1718 1203 αἰτή-

269 1228 376 1261 σεως
416 1213 557 1268 ἐπῄνει
585 1211 658 1254 καὶ
680 1212 863 1267 χάριτας
891 1215 942 1254 οὔ
970 1213 1045 1263 τὰς
1073 1213 1287 1268 τυχούσας
1317 1212 1532 1268 ὡμολόγει.
1586 1211 1772 1255 πάλαι15

270 1276 352 1332 γάρ
396 1276 575 1333 ἔφασκεν
614 1279 839 1331 ἐπιθυμεῖν
877 1281 959 1321 τῶν
991 1278 1095 1334 πρὸς
1138 1277 1365 1334 ἀληθειαν,
1415 1279 1505 1319 ἀλλ’
1534 1274 1582 1320 οὗ
1614 1277 1720 1334 πρὸς

270 1342 361 1396 ἔριν
399 1344 472 1383 καί
511 1345 766 1398 φιλονεικίαν
806 1343 973 1386 α’κούειν
1017 1346 1348 1398 βουλησομένων.
1401 1343 1505 1399 πρὸς
1532 1342 1609 1398 γὰρ
1637 1350 1722 1393 τοῖς

267 1402 409 1455 ἅλλοις
451 1404 513 1456 ὀἷς
555 1406 773 1462 ἐπήνεγκεν
816 1409 841 1450 ὅ
870 1409 1045 1462 πόλεμος
1073 1409 1187 1466 αὐτῷ
1213 1415 1355 1458 κακοῖς
1382 1411 1456 1451 καί
1481 1412 1605 1451 τοῦτο
1641 1412 1724 1451 τῶν

274 1474 477 1526 ἐπαχθῶν
521 1473 717 1526 ἡγεῖσθαι
728 1506 740 1525 ,
786 1471 835 1514 τὸ
878 1476 1088 1528 μηδέποτε
1129 1476 1311 1516 συνετῶν
1356 1491 1482 1516 τινων
1510 1475 1724 1530 ἀκροατῶν

275 1543 437 1590 τυχεῖν,
468 1539 511 1579 οἳ
532 1537 775 1580 δικάσουσιν
804 1539 920 1595 αὐτῷ
947 1539 1045 1595 περὶ
1062 1541 1186 1581 τοῦδε
1208 1542 1284 1581 τοῦ
1310 1542 1507 1593 πολέμου.
1563 1539 1659 1583 νυνὶ
1676 1542 1775 1589 δὲαο

273 1605 415 1651 αὐτοῖς
450 1600 553 1644 κατὰ
582 1601 711 1657 τύχην
740 1602 985 1659 ἀφιγμένοις
1011 1605 1281 1661 παρέχεσθαί
1306 1621 1351 1647 τε
1391 1608 1620 1659 δεομένοις,
1660 1601 1721 1650 ὧν

274 1666 408 1716 αὐτὸς
437 1673 578 1721 τυχεῖν
637 1670 681 1709 ἐν
726 1671 921 1724 μεγίστης
953 1671 1080 1726 εὐχῆς
1108 1666 1181 1725 ἦγε
1207 1674 1350 1726 μέρει,
1397 1665 1532 1721 ἄλλως
1566 1687 1612 1713 τε
1649 1671 1724 1713 καὶ

275 1734 524 1787 δυναμένοις
550 1734 678 1776 τόπον
715 1735 922 1778 δικαστῶν
959 1738 1150 1791 κατέχειν
1191 1739 1293 1794 παρ’
1329 1738 1466 1794 αὐτῷ,
1508 1737 1559 1779 οὔ
1590 1734 1720 1791 μόνον

277 1845 428 1884 cissent,
461 1846 661 1892 multisque
685 1845 828 1880 assidue
857 1849 971 1892 captis
997 1852 1034 1880 et
1059 1848 1434 1892 interemptis‚nullus
1459 1849 1577 1883 adhuc
1599 1850 1719 1882 malo-

277 1903 355 1923 rum
391 1891 472 1924 finis
502 1898 692 1937 appareat:
724 1903 845 1937 neque
868 1894 938 1927 hoc
961 1896 1087 1927 saltem
1111 1906 1195 1929 vere
1221 1905 1433 1939 cognoscere
1458 1897 1593 1936 liceat,
1622 1896 1718 1929 unde

276 1938 416 1972 bellum
451 1939 607 1982 primum
647 1940 828 1983 coeperit,
866 1946 903 1974 et
935 1952 1023 1986 quas
1064 1941 1110 1973 ob
1143 1952 1264 1974 causas
1304 1952 1419 1986 usqne
1455 1941 1566 1976 hodie
1601 1943 1721 1976 sedari

277 1986 507 2028 nequiverit,
546 1985 610 2018 sed
645 1997 719 2018 non
751 1996 853 2018 secus
888 1998 994 2031 quam
1029 1986 1151 2020 furens
1176 1987 1312 2020 flamma
1340 1989 1461 2020 omnia
1485 1989 1659 2032 pervssdat
1684 1994 1722 2022 et

279 2030 458 2068 absumat,
517 2032 565 2065 Et
597 2043 819 2076 quamquam.
849 2045 893 2067 ex
927 2034 1008 2066 aliis
1037 2034 1160 2067 multis
1189 2034 1295 2066 aliter
1318 2034 1522 2075 audierint,
1558 2040 1598 2068 ut
1621 2036 1721 2081 quis-

279 2088 350 2122 que
385 2082 449 2109 aut
482 2077 577 2110 bene
618 2085 680 2111 aut
717 2079 811 2112 male
846 2079 884 2111 iu
919 2081 1168 2124 imperatorem
1202 2081 1381 2112 animatus
1414 2086 1486 2121 est,
1520 2087 1639 2114 tamen
1674 2082 1720 2114 iis

280 2122 501 2156 credendum
537 2136 611 2157 non
637 2127 839 2166 censuisse,
866 2127 951 2170 qui,
977 2126 1157 2170 quomodo
1181 2127 1250 2170 ipsi
1276 2137 1400 2159 sensus
1426 2132 1461 2159 et
1486 2128 1720 2172 cogitationes

280 2181 359 2202 suas
386 2174 545 2211 mutant,
570 2171 621 2202 sic
646 2171 755 2203 ctiam
782 2182 838 2204 res
863 2175 993 2205 mutari
1020 2172 1152 2205 debere
1180 2173 1381 2215 opinantur.
1431 2174 1554 2219 Quare
1587 2186 1625 2208 se
1661 2186 1720 2208 ro-

280 2227 363 2260 gare
390 2226 623 2262 magnopere,
649 2222 691 2250 ut
715 2219 790 2262 ipse
817 2223 1014 2258 memoret,
1052 2229 1122 2264 quo
1146 2225 1249 2262 paeto
1284 2220 1422 2264 singula
1451 2231 1488 2253 se
1512 2220 1722 2262 habuerint,

282 2262 344 2307 qui
371 2272 409 2294 ea
437 2274 521 2305 prae
546 2263 714 2296 omnibus
744 2264 941 2298 certissimo
967 2266 1084 2304 norit,
1124 2270 1160 2297 et
1186 2265 1374 2298 veritatem
1397 2269 1575 2301 occultare
1595 2267 1721 2307 uolet,

282 2313 410 2351 utpote
436 2307 597 2341 eiusdem
625 2310 710 2342 inde
734 2322 754 2342 a
778 2322 914 2354 puero,
944 2312 1036 2344 sicut
1060 2313 1286 2355 acceperint,
1313 2314 1582 2346 tenacissimus:
1608 2313 1720 2358 idque

283 2365 325 2385 eo
353 2355 496 2395 minus,
525 2355 622 2399 quod
649 2362 773 2390 extent
799 2358 967 2401 plurimi,
1004 2358 1066 2401 qui
1092 2368 1172 2390 vera
1203 2357 1444 2392 subticentem
1482 2361 1622 2405 possint
1661 2371 1720 2393 re-

283 2400 470 2442 darguere,
530 2403 730 2445 Imperator
763 2415 837 2438 non
870 2402 915 2436 de
952 2403 1107 2437 adventu
1140 2405 1410 2446 tantummodo,
1451 2408 1514 2440 sed
1538 2409 1647 2440 etiam
1676 2406 1720 2439 de

281 2447 463 2490 petitione
505 2459 564 2480 eos
596 2448 738 2489 laudat,
774 2450 978 2496 gratiasque
1011 2461 1152 2494 magnas
1193 2451 1285 2494 agit,
1336 2452 1534 2494 affirmans,
1579 2452 1722 2497 pridem

284 2497 429 2534 optasse
467 2495 558 2526 tales
598 2494 668 2527 sibi
705 2497 936 2540 contingere,
970 2498 1032 2541 qui
1072 2496 1117 2528 ad
1140 2497 1350 2539 veritatem,
1386 2510 1459 2533 nou
1485 2500 1531 2533 ad
1554 2501 1654 2533 litem
1685 2504 1722 2532 et

284 2538 558 2574 altercationem
593 2541 718 2574 audire
759 2542 906 2576 vellent.
956 2544 1097 2576 Praeter
1131 2543 1202 2575 alia
1229 2544 1364 2589 quippe
1389 2547 1500 2586 mala,
1526 2556 1618 2592 quae
1649 2545 1719 2578 sibi

284 2583 422 2619 bellum
458 2585 525 2620 hoe
558 2587 753 2629 inflixerit,
791 2594 827 2621 et
862 2588 929 2623 hoc
962 2590 1151 2622 molestum
1191 2590 1382 2630 accidisse,
1426 2592 1524 2638 quod
1556 2592 1718 2625 nondum

284 2630 380 2664 viros
406 2631 548 2675 aliquos
574 2634 771 2676 prudentes
798 2635 995 2676 invenerit,
1022 2638 1084 2680 qui
1110 2637 1239 2669 iustam
1266 2637 1309 2670 de
1335 2640 1442 2671 armis
1468 2640 1546 2672 istis
1569 2644 1717 2672 senten·

286 2676 372 2709 tiam
412 2681 699 2720 pronuntiarent.
763 2681 867 2714 Nunc
909 2683 996 2726 ipsis
1035 2682 1227 2726 improviso
1260 2684 1537 2719 advenientibus
1572 2690 1607 2718 ct
1642 2696 1716 2718 rem

287 2723 419 2766 exponi
455 2725 690 2768 rogantibus,
726 2739 815 2772 quos
853 2730 932 2772 ipse
967 2731 1125 2762 nancisci
1159 2732 1250 2763 votis
1284 2733 1431 2764 summis
1458 2733 1658 2777 optaverit,
1682 2737 1720 2764 et

289 2770 353 2819 qui
395 2769 542 2814 insuper
578 2773 675 2815 apud
701 2785 739 2807 se
764 2785 837 2812 non
863 2775 980 2809 solum
1007 2775 1054 2809 oh
1081 2775 1326 2812 cruditionem
1354 2782 1463 2824 atque
1487 2777 1719 2823 prudentiam
