1800 3146
526 162 904 206 nisTonlARUM
942 169 1012 206 111.
1043 170 1111 213 711.
1427 150 1542 225 449

112 267 205 315 λις,
240 258 269 317 ἦ
302 261 513 318 ἀρχόντων
542 263 569 317 ἦ
601 266 795 317 βασιλεία
824 264 1047 322 εὖποροίη,
1085 262 1162 309 κᾶν
1189 267 1296 326 τύχῃ
1323 271 1406 311 τινί
1432 275 1635 326 σφα-ΑΕ.
1653 281 1737 326 ι343

111 330 215 370 mm
232 361 245 380 ,
282 327 434 385 ῥᾳδίως
461 326 644 370 δύναιντ’
675 325 726 370 ἂν
754 330 1038 382 ἐπανασώζειν
1064 331 1138 387 την
1163 335 1370 389 προτέραν
1399 337 1546 391 τύχην.

112 389 164 434 ἂν
196 395 234 434 δ’
259 390 371 442 ἅπαξ
398 394 713 448 ἆποστερηθαῖσι
740 397 823 437 τῶν
849 395 1045 439 τοιούτων
1061 429 1074 450 ,
1107 397 1231 440 οὐδὲν
1255 397 1375 442 ἔσται
1405 397 1538 443 ’teil-v·-
1553 405 1671 440 P·602

109 474 197 511 μα,
223 457 282 512 μή
317 459 375 507 εἰς
415 457 592 511 ἔσχατον
621 463 900 514 κακοπραγίας
942 459 1118 515 τάχιοτα
1153 463 1353 519 ἀφῖχθαι.
1423 462 1444 507 ὃ
1473 472 1549 508 νῦν

87 519 191 576 5ὲγώ
219 522 291 578 τὴν
317 524 536 575 Ῥωμαίων
560 522 745 577 μάλιστα
777 524 983 581 ὀδύρομαι
1012 525 1260 582 ἡγεμονίαν,
1291 527 1358 573 ὅτι
1386 534 1549 574 πολλῶν

111 590 185 629 καί
207 588 457 641 θαυμασίων
481 589 647 645 ἀνδρῶν
676 589 879 646 πρότερον
929 594 1191 647 εὐποροῦσαν
1232 598 1308 638 νῦν
1336 598 1397 646 εἰς
1424 600 1548 639 τοῦτο

109 655 374 708 περιέστησεν
389 653 410 694 ὅ
430 653 565 696 πάντα
583 653 799 698 καταλύων
815 657 980 711 χρόνος,
1001 656 1104 699 ὥστε
1122 658 1328 713 ἡγεμόνας
1345 663 1428 704 τῶν
1446 679 1549 718 πρα-

109 717 273 773 γμάτων
313 718 427 773 ἔχειν
461 722 594 775 μηδὲν
623 717 791 774 ἄμεινον
833 724 914 764 τῶν
951 725 1113 765 πολλῶν
1143 726 1443 779 διακειμένους.
1497 725 1546 768 τὸ

109 782 187 839 γὰρ
229 784 332 840 ὑπὲρ
363 784 616 840 τηλικούτων
651 788 875 842 πρεσβείαν
916 789 1190 841 ποιουμένους
1232 793 1305 832 καί
1340 791 1447 846 πρὸς
1474 794 1549 846 ἐμὲ

62 848 183 891 ιοτὸν
200 849 331 893 πολύν
358 846 438 906 ἤδη
462 849 617 905 χρόνον
642 847 824 907 ἄρξαντα
849 854 1003 903 αὐτῶν,
1034 854 1106 896 καί
1131 851 1194 908 οὗ,
1230 857 1270 897 εἰ
1293 855 1350 911 μη
1370 858 1551 913 ἐπίφθο-

108 931 178 958 νον
208 918 361 970 εἰπεῖν,
389 919 462 959 καί
485 919 721 970 βλέμματος
752 914 983 960 ἀπολαύειν
1016 923 1248 975 προσηνοῦς
1279 923 1324 964 έν
1354 922 1550 979 μεγίστης

106 976 211 1036 ἦγον
245 978 443 1036 εὐτυχίας
473 984 604 1038 μέρει,
637 982 780 1025 ἔπειτα
806 985 940 1038 μηδὲν
966 983 1071 1039 μήτε
1090 984 1417 1041 ἐρευνήσαντας,
1445 987 1550 1043 μήτε

107 1050 395 1100 σκεψαμένους
422 1045 551 1096 οὕτως
573 1048 885 1104 ἀπερισκέπτως
912 1051 984 1091 καί
1011 1050 1204 1106 θρασέως
1233 1050 1283 1093 τά
1317 1052 1548 1095 ἐπελθόντα

106 1112 305 1169 γράφειν,
350 1113 425 1154 ου’κ
462 1115 627 1155 ἐκείνων
652 1113 825 1167 μάλιστ’
869 1110 921 1157 ἄν
959 1131 1023 1165 τις
1058 1114 1352 1171 κατηγορήσειε
1390 1119 1580 1173 προστῇ-Β

58 1176 230 1219 15κοντα
253 1179 530 1232 εἰργασμένων
552 1177 738 1232 ἑαυτοῖς,
769 1175 797 1234 ἢ
826 1177 909 1238 ὅσῳ
930 1180 1004 1234 τήν
1025 1184 1236 1237 περιφανῆ
1255 1182 1451 1238 πρότερον
1475 1183 1549 1225 καὶ

105 1243 264 1299 εὐτυχῆ
278 1243 504 1298 εΡωμαίων
532 1244 777 1300 θρηνήσειεν
804 1245 1025 1300 ἡγεμονίαν
1072 1245 1153 1287 ὑπὸ
1190 1245 1414 1301 τοιούτοις,
1446 1251 1545 1304 φεῦ,

105 1309 384 1365 ἀνδραπόδοις
425 1311 641 1365 α’γομένην.
668 1309 767 1366 περὶ
782 1312 859 1362 μὲν
872 1307 948 1349 οὖν
968 1310 1134 1351 ἐκείνων
1156 1310 1293 1364 ὀλίγος
1311 1314 1408 1364 ἐμοὶ
1427 1311 1547 1365 λόγος

103 1377 252 1429 γένοιτ’
292 1373 370 1428 ἂν,
414 1377 593 1418 τοιαῦτα
631 1376 703 1417 καί
739 1373 982 1429 φαυλότερα
1021 1373 1216 1429 πράττειν
1255 1370 1372 1418 οὖσιν
1400 1377 1546 1427 άξίοις.

98 1437 364 1483 Ἀποκαύκου
396 1442 442 1485 δὲ
473 1442 552 1479 τοῦ
584 1440 955 1492 παρακοιμωμένου
996 1439 1046 1480 οὔ
1090 1438 1167 1494 τήν
1196 1442 1437 1496 μοχθηρίαν
1469 1440 1545 1495 μό-

55 1521 179 1548 Ζονον
221 1503 293 1545 καί
319 1504 595 1559 φιλοψευδὲς,
639 1502 746 1543 α’λλὰ
776 1505 848 1544 καί
873 1502 948 1557 τήν
977 1504 1203 1559 ἰταμότητα
1224 1506 1296 1548 καί
1317 1506 1395 1561 την
1421 1508 1544 1548 α’ναι-

106 1574 306 1626 σχυντίαν
343 1567 478 1612 ἔπεισι
503 1568 753 1621 θαυμάζειν,
783 1565 860 1621 ὅτι,
889 1571 1022 1610 καίτοι
1045 1571 1208 1622 μέλλων
1234 1573 1307 1613 ἐπὶ
1335 1571 1545 1614 τοσούτων

106 1639 353 1691 ἐλέγχεσθαι
385 1636 629 1691 σαφέστατα
661 1632 940 1686 ψευδόμενος,
980 1631 1093 1687 ὅμως
1131 1636 1202 1675 ἐπὶ
1234 1638 1292 1692 τῷ
1320 1635 1377 1691 μὴ
1408 1638 1545 1687 δοκεῖν

104 1704 194 1759 εἰκῇ
219 1705 292 1743 καί
315 1698 452 1756 μάτην
469 1698 540 1742 τὸν
565 1697 744 1751 πόλεμον
773 1700 1038 1754 κεκινηκέναι,
1066 1701 1167 1755 μηδ’
1186 1698 1368 1754 ἀνήνυτα
1387 1709 1542 1756 πονεῖν,

105 1768 236 1811 εἵλετο
256 1769 326 1822 τῆς
352 1768 418 1808 ἐπ’
449 1765 586 1819 ὀλίγον
617 1766 808 1816 εὕδοξίας
835 1763 907 1818 τήν
930 1762 1000 1806 διὰ
1028 1766 1124 1818 βίου
1156 1762 1360 1821 αἰσχύνην
1389 1767 1585 1809 ‹lateat-C

197 1862 329 1897 :zo-acal
353 1857 580 1906 φιλοψευδὲς
603 1858 683 1892 add.
708 1858 756 1891 M.

106 1959 269 2006 quamvis
305 1968 386 1991 casu
413 1955 566 2002 quodam
598 1952 832 1995 offenderint,
858 1963 967 1997 parvo
993 1951 1138 1998 negotio
1167 1952 1212 1986 ad
1235 1955 1421 1998 pristinam
1446 1957 1532 1990 seli-

106 2009 252 2040 citatem
286 2004 447 2039 revocari
484 2007 665 2048 poterunt.
723 2001 787 2034 Sin
816 2005 935 2033 autem
968 2001 1060 2033 tales
1087 2000 1182 2034 viros
1206 2002 1317 2034 semel
1339 2004 1540 2044 amiserint,

106 2053 201 2087 nihil
238 2053 399 2096 profecto
434 2050 586 2084 celerem
617 2053 653 2082 et
689 2053 883 2080 extremam
921 2057 1047 2079 eorum
1081 2046 1264 2079 miseriam
1289 2050 1538 2083 remorabitur·

107 2099 284 2144 Quocirca
315 2100 510 2131 Romanum
544 2095 733 2141 imperium
759 2105 823 2138 ego
851 2093 1096 2137 maximopere
1123 2093 1253 2138 lugeo,
1289 2095 1387 2138 quod
1415 2096 1540 2128 multis

108 2151 214 2180 antea
237 2146 321 2178 viris
347 2141 623 2177 admirabilibus
649 2141 861 2180 abundans,
886 2139 993 2173 modo
1020 2138 1140 2172 omnia
1168 2140 1362 2173 conficiens
1389 2145 1426 2174 et
1451 2152 1540 2175 con-

107 2203 248 2226 sumens
271 2195 426 2226 vetustas
451 2201 494 2223 eo
518 2188 667 2232 redegit,
696 2192 736 2219 ut
759 2197 931 2219 summam
957 2187 1035 2218 eius
1060 2190 1218 2225 teneant,
1254 2196 1344 2231 quos
1369 2197 1389 2218 e
1418 2188 1539 2222 medio

106 2239 294 2284 imperitae
320 2237 530 2282 plebeculae
554 2235 732 2280 prodiisse
758 2234 863 2267 dicas.
901 2233 992 2266 Nam
1018 2243 1124 2275 super
1155 2232 1291 2265 talibus
1320 2233 1540 2278 legationem

106 2285 250 2319 mittere
292 2290 328 2318 et
361 2284 407 2317 ad
436 2294 492 2316 me
526 2284 694 2321 mittere,
731 2280 795 2325 qui
829 2280 916 2325 ipsis
957 2278 1020 2311 diu
1046 2280 1116 2311 iam
1140 2278 1336 2323 imperavi,
1374 2285 1411 2313 et
1435 2282 1538 2314 cuius

105 2331 217 2378 (absit
239 2331 348 2364 verbo
373 2329 525 2373 invidia)
549 2329 607 2362 vel
637 2327 838 2373 placidiore
875 2325 1046 2368 adspectu
1084 2324 1235 2368 dignati,
1259 2325 1298 2359 in
1331 2326 1432 2358 coelo
1464 2327 1538 2364 sibi

107 2389 184 2414 esse
207 2377 441 2410 videbantur:
475 2375 607 2409 deinde
634 2374 730 2408 nihil
753 2382 871 2417 neque
896 2373 1128 2416 anquirentes
1144 2395 1153 2411 ,
1176 2381 1295 2416 neque
1324 2372 1538 2418 circumspi-

108 2425 263 2464 cientes,
294 2423 384 2456 adeo
419 2423 625 2455 inconsulto
658 2426 695 2454 et
725 2420 950 2454 confidenter
987 2417 1168 2463 quidquid
1191 2418 1230 2450 in
1259 2417 1409 2452 buccam
1433 2421 1535 2454 venit

108 2471 283 2510 scribere,
309 2480 383 2502 non
407 2474 480 2501 tam
509 2469 604 2508 illis,
629 2466 727 2512 quod
755 2477 793 2500 se
821 2465 969 2509 dignum
997 2468 1052 2496 est
1085 2462 1323 2505 facientibus,
1358 2466 1537 2510 quispiam

107 2517 398 2562 reprehenderit,
427 2525 533 2560 quam
556 2514 697 2547 illustre
721 2515 820 2558 prius
845 2516 882 2544 et
909 2511 1054 2543 beatum
1081 2511 1319 2543 Romanorum
1345 2511 1538 2556 imperium

107 2574 203 2597 nunc
225 2563 270 2596 ab
296 2561 526 2601 huiusmodi,
556 2571 620 2604 pro
648 2561 765 2592 Deum
790 2557 1048 2596 immortalem,
1081 2556 1272 2599 mancipiis
1297 2557 1537 2602 gubernatum

108 2609 304 2645 defleverit.
352 2607 422 2640 Sed
447 2607 491 2640 de
518 2607 593 2641 illis
617 2606 713 2640 nihil
737 2605 852 2638 dicam
877 2603 1051 2647 amplius,
1088 2613 1178 2647 quos
1202 2603 1284 2635 talis
1312 2603 1474 2636 conditio
1499 2611 1536 2638 et

106 2658 211 2702 peior
239 2656 345 2688 etiam
380 2655 501 2688 decet:
536 2651 742 2697 Apocauchi
766 2650 939 2697 praefecti
970 2648 1130 2681 cubiculi
1163 2659 1239 2682 non
1264 2649 1537 2695 improbitatem

107 2703 216 2736 modo
252 2701 522 2746 mentiendique
557 2699 773 2739 libidinem,
811 2696 876 2730 sed
908 2695 1148 2728 temeritatem
1183 2706 1327 2741 quoque
1355 2702 1392 2729 et
1415 2698 1538 2741 impu-

111 2749 268 2784 dentiam
293 2747 468 2781 admiror:
491 2747 555 2792 qui
580 2747 739 2793 quamvis
764 2754 839 2778 non
862 2742 987 2788 paucis
1014 2746 1052 2775 et
1083 2743 1317 2788 apertissimis
1362 2743 1535 2793 exemplis

159 2819 427 2853 Cantac-uzenus
458 2815 504 2847 II.
1233 2822 1278 2855 29
