1820 3138
251 153 366 220 400
800 168 1169 212 CANTACUZEM

58 277 148 312 A..c.
167 276 364 328 ι-34ὃθραν
397 268 602 313 ἄσπονδον
629 271 703 312 καί
730 264 893 323 ἄμυναν
921 274 1198 315 ἐκκαλεῖσθαι.
1254 267 1345 328 ᾔδει
1371 273 1451 329 γάρ
1485 278 1694 332 σαφέστα-

255 354 308 379 τα
339 336 414 391 την
444 333 612 390 εἰρήνην
632 335 764 377 αὐτὸν
796 335 1037 388 ἀπάξουσαν
1056 340 1138 379 τῶν
1165 335 1420 391 πραγμάτων
1448 342 1518 395 τῆς
1546 341 1694 396 ἀρχῆς,

254 401 326 444 καὶ
365 403 445 455 ου’χ
486 397 549 443 ὅτι
586 403 749 457 πρῶτον
787 397 910 449 εἶναι,
932 399 1289 457 συγχωρησουσαν
1311 403 1565 458 (Ρωμαίων,
1605 408 1697 448 ἀλλ’

254 469 353 509 ου’δὲ
383 465 606 509 πολλοστὸν
635 466 715 508 α’πὸ
747 469 823 509 τοῦ
849 468 1032 523 πρώτου.
1090 466 1154 509 διὸ
1198 469 1270 509 καί
1305 472 1466 512 πολλῶν
1509 470 1698 523 αἱμάτων

254 537 328 576 καί
375 533 727 588 ἀνδραποδισμιόν
780 532 851 575 καί
900 537 1066 589 φθορᾶς
1109 531 1329 588 α’μυθήτου
1381 538 1465 577 τῶν
1513 537 1724 590 ‘Pantul-5

128 608 310 653 P.573wv
342 597 417 654 την
443 596 634 653 τοιαύτην
647 596 886 653 ἕήλλάττετο
919 599 1070 654 ἀρχήν.
1129 601 1306 652 βασιλέα
1352 602 1399 642 δὲ
1440 602 1565 644 οὐδὲν
1595 601 1700 644 ἑκώ-

256 669 357 707 λυσε
396 665 477 706 τῶν
517 662 772 718 παρανόμων
813 663 943 719 ἔργων
984 663 1161 706 τουτωνὶ
1200 665 1272 719 τῆς
1321 665 1488 721 εἰρήνης
1516 667 1698 722 οἷποσχέ-

258 733 362 771 σθαι
373 758 390 782 ‚-
427 727 535 770 ἀλλὰ
575 729 716 771 πᾶσαν
743 728 929 771 ἐπίνοιαν
965 731 1113 781 ε’κίνει,
1161 725 1269 772 ὥστε
1296 733 1598 774 κατατίθεσθαι
1625 731 1700 774 τὸν

258 793 449 847 πόλεμον.
492 789 583 851 ᾔδει
621 792 702 849 γάρ
736 795 857 836 οὐδὲν
899 796 1074 843 ἐπιεικὲς
1106 796 1151 836 ἐκ
1180 796 1336 837 τούτου
1378 795 1696 852 συμβησόμενον

254 858 498 912 εΙῑί)ι)μαίοις.
554 859 647 901 ἐπεί
678 860 724 902 δὲ
768 858 790 901 ὅ
820 859 974 914 Ἀμοὺρ
1022 860 1204 915 ἐπανῆκε
1243 858 1529 916 πρεσβευτὴς,
1571 860 1754 916 οἷπήγ-ιο

258 928 375 978 γελλε
411 926 489 977 μὲν
531 920 610 965 ὅσα
640 925 830 979 συμβαίη
873 927 972 979 περί
1002 927 1202 980 Βρουλιῖν
1238 924 1312 966 καί
1349 923 1423 973 τοὶς
1462 923 1576 980 παρὰ
1618 929 1702 969 τῶν

260 987 475 1045 ἀρχόντων
501 986 734 1041 (Ρωμαίοις
764 987 869 1045 πρὸς
907 989 982 1044 την
1009 993 1235 1045 πρεσβείαν
1269 990 1525 1046 ἀποκρίσεις,
1556 994 1703 1047 παρεί-

259 1071 356 1110 χετο
392 1057 438 1097 δὲ
479 1053 552 1096 καί
577 1053 628 1097 τά
659 1053 888 1110 γράμματα
919 1054 970 1097 τά
1004 1054 1109 1111 πρὸς
1137 1054 1308 1111 Ἀμούρ.
1355 1055 1378 1097 ὅ
1412 1058 1459 1099 δὲ
1498 1057 1554 1107 ὥς
1595 1054 1704 1113 ἦσαν

259 1122 580 1176 ἐσφραγισμένοι
620 1123 756 1162 ταῦτα
787 1118 918 1174 ἔχων,
963 1115 1059 1176 ἧκεν
1088 1118 1145 1169 ὥς
1183 1124 1385 1174 βασιλέα·
1428 1126 1702 1179 μεμφομένου

264 1189 313 1228 δὲ
351 1187 535 1239 ἐκείνου,
581 1187 620 1228 εἰ
663 1184 759 1241 περὶ
799 1186 930 1227 αὐτοῦ
960 1202 1002 1227 τι
1045 1188 1209 1241 φαῦλον
1259 1183 1380 1244 ᾠήθη
1422 1185 1757 1242 ὖποπτεύειν,15

125 1257 168 1293 V.
185 1253 315 1302 460οὐ
354 1250 547 1306 τοιαύτην
590 1249 772 1307 ἔφασκεν
821 1253 971 1300 ἐκεῖνος
1015 1251 1182 1307 γνώμην
1223 1250 1334 1305 ἔχων
1382 1251 1442 1307 μὴ
1487 1255 1707 1295 λελυκέναι

226 1315 338 1372 Βτην
368 1318 602 1372 σφραγῖδα·
656 1317 827 1371 α’νόητος
858 1315 936 1372 γὰρ
971 1313 1023 1358 ἂν
1052 1316 1115 1372 εἴη
1147 1315 1424 1370 παντάπασιν,
1455 1318 1495 1359 εἰ
1518 1316 1594 1373 την
1626 1321 1705 1371 βα-

262 1383 411 1430 σιλέως
454 1381 550 1437 περὶ
590 1381 723 1423 αὐτοῦ
781 1379 969 1423 διάνοιαν
1019 1378 1210 1437 ἀγνοοίη·
1255 1382 1377 1431 εἰδώς
1416 1384 1462 1424 δὲ
1510 1383 1568 1431 αἱς
1619 1388 1706 1431 τοῖς

260 1446 380 1502 ,παρὰ
410 1447 641 1499 ε,Ρωμαίως
684 1442 891 1502 ἄρχουσιν
934 1443 1071 1502 ὥσπερ
1105 1463 1146 1488 τι
1178 1450 1260 1489 τῶν
1293 1447 1628 1502 ἀναγκαιοτάτων
1662 1447 1707 1489 αἱ

264 1512 372 1568 πρὸς
398 1513 575 1565 βασιλέα
607 1508 750 1567 ’ὕβρεις
779 1511 1096 1566 ἑπιτηὸεύονται
1113 1546 1125 1564 ,
1159 1513 1310 1554 τούτου
1339 1513 1467 1569 χάριν
1496 1511 1556 1568 μη
1579 1515 1761 1570 ἕτέ-ρῳὶο

264 1579 563 1633 παρασχέσθαι
596 1577 942 1632 ἀναγιγνώσκειν,
995 1578 1062 1620 ἵνα
1106 1577 1164 1634 μή
1194 1580 1253 1629 εἰς
1282 1582 1444 1622 πολλῶν
1475 1580 1630 1635 ἐμπέσῃ
1659 1576 1706 1621 τὸ

265 1644 498 1699 βλάσφημα
525 1641 677 1695 ἀκοὰς,
723 1643 813 1684 ἀλλ’
845 1644 1013 1698 α’γαγεῖν
1041 1643 1148 1698 πρὸς
1178 1643 1337 1697 αὐτόν,
1378 1645 1429 1686 ἵν’
1470 1647 1510 1687 εἰ
1550 1648 1629 1698 μέν
1665 1661 1707 1686 τι

263 1706 473 1765 χρήσιμον
504 1709 830 1762 ἐγγεγραμμένον
857 1703 910 1765 ᾗ,
952 1709 1073 1764 λόγον
1112 1708 1202 1752 τινα
1248 1708 1503 1766 ποιήσωνται
1547 1710 1702 1753 αὐτοῦ·

365 1820 416 1854 18.
442 1817 652 1864 α’ναγνοοίη
682 1819 716 1853 Ρ.

269 1938 341 1974 pax
366 1929 538 1970 iniretur,
565 1939 603 1961 se
627 1927 766 1962 amissis
791 1939 910 1963 rerum
937 1928 1189 1973 gubernaculis
1214 1941 1287 1963 non
1313 1930 1429 1963 solum
1452 1931 1607 1974 primum
1632 1931 1704 1964 Ro-

270 1985 481 2016 manorum,
516 1974 580 2008 sed
614 1985 682 2008 nee
713 1986 733 2007 a
764 1977 880 2018 primo
911 1981 1217 2022 qantumcumque
1252 1977 1396 2010 tandem
1421 1977 1593 2011 futurum.
1640 1977 1707 2012 Id-

271 2022 365 2054 circo
405 2032 469 2068 per
503 2022 655 2054 multum
690 2022 926 2064 sanguinem,
968 2033 1076 2068 quem
1114 2023 1316 2063 fundebat,
1347 2034 1411 2068 per
1448 2024 1643 2068 plagiatum
1669 2028 1708 2056 et

272 2073 409 2113 quanta
441 2068 513 2101 dici
555 2078 628 2101 non
668 2073 810 2113 potest,
849 2070 1088 2102 Romanorum
1122 2070 1238 2103 labem
1273 2075 1383 2114 atque
1406 2071 1627 2114 perniciem,
1659 2069 1706 2102 ad

271 2115 453 2148 excelsum
486 2114 583 2147 hunc
617 2114 765 2159 gradum
802 2115 1035 2159 grassabatur.
1092 2117 1137 2148 At
1169 2117 1418 2159 imperatorem
1453 2116 1548 2150 nihil
1577 2117 1708 2150 horum

271 2161 493 2194 nefariorum
520 2171 670 2205 operum
695 2171 715 2192 a
740 2160 920 2195 desiderio
947 2163 1046 2206 pacis
1074 2161 1301 2202 abstinebat,
1326 2163 1389 2207 qui
1414 2167 1526 2195 totam
1550 2168 1708 2196 mentem

271 2208 313 2240 in
338 2218 380 2240 eo
414 2208 608 2249 defixerat,
648 2207 830 2252 quomodo
869 2208 1006 2241 bellum
1038 2208 1356 2248 exterminaretur,
1403 2221 1484 2242 cum
1517 2221 1561 2243 ex
1592 2220 1634 2243 eo
1659 2209 1709 2243 ad

273 2254 449 2287 Romanos
494 2253 589 2287 nihil
635 2254 745 2299 aequi
785 2254 1070 2288 redundaturum
1107 2255 1225 2291 sciret.
1293 2255 1364 2287 Ubi
1395 2256 1531 2301 legatus
1567 2255 1708 2290 Amurii

273 2300 382 2341 redit,
406 2307 443 2334 et
466 2301 554 2347 quid
579 2301 684 2333 Brula
707 2300 842 2333 factum
868 2306 960 2334 esset
983 2301 1227 2340 renuntiavit,
1252 2301 1472 2337 Archontum
1495 2312 1707 2347 responsum

275 2344 467 2391 exposuit,
501 2348 714 2391 litterasque
754 2347 799 2379 ad
825 2348 1007 2380 Amurium
1041 2348 1257 2390 conscriptas
1283 2350 1465 2392 porrexit5
1506 2349 1571 2382 ille
1607 2347 1707 2382 obsi-

276 2397 395 2436 gnatas
426 2399 466 2427 ut
489 2399 591 2428 erant
616 2393 661 2426 ad
687 2394 937 2439 imperatorem
966 2393 1108 2426 detulit.
1159 2393 1241 2435 Quo
1267 2393 1398 2428 factum
1428 2394 1504 2428 eius
1524 2395 1706 2439 culpante,

275 2439 592 2486 interroganteque
611 2465 620 2480 ‚
659 2450 746 2472 num
783 2441 968 2473 sinistrum
1005 2439 1145 2485 aliquid
1171 2440 1214 2472 de
1243 2451 1279 2473 se
1315 2442 1575 2486 suspicaturum
1599 2446 1707 2485 puta-

273 2486 409 2524 visset,
458 2486 607 2519 subiicit
644 2486 833 2526 Amurius,
869 2497 942 2519 non
969 2496 1010 2519 ea
1033 2486 1077 2519 de
1105 2496 1209 2519 causa
1245 2487 1434 2531 epistolam
1461 2497 1498 2520 se
1521 2498 1594 2520 non
1619 2487 1708 2520 resi-

277 2541 422 2574 gnasse3
450 2533 600 2565 stultum
627 2534 722 2566 enim
747 2531 823 2565 fore
849 2543 1002 2575 prorsus,
1029 2534 1058 2565 si
1085 2532 1160 2565 eius
1186 2532 1230 2565 de
1255 2545 1291 2566 se
1318 2533 1491 2568 iudicium
1515 2543 1555 2565 ac
1577 2533 1706 2566 volun·

275 2581 386 2609 tatem
417 2578 579 2610 nondum
611 2584 832 2623 perspectam
865 2584 902 2612 et
935 2578 1152 2622 exploratum
1185 2578 1325 2613 habeat.
1397 2579 1468 2613 Sed
1509 2590 1588 2613 cum
1631 2590 1706 2613 non

277 2623 419 2667 ignoret
453 2624 649 2658 Archontas
684 2626 839 2659 Romano
865 2626 1080 2670 imperatore
1103 2627 1273 2659 conviciis
1313 2632 1349 2660 et
1382 2625 1582 2661 maledictis
1605 2625 1706 2658 lace-

279 2668 391 2701 rando
425 2670 575 2714 perinde
608 2676 717 2717 atque
748 2672 893 2716 negotio
930 2671 1084 2716 cuipiam
1106 2674 1214 2704 etiam
1239 2677 1349 2718 atque
1373 2673 1481 2706 etiam
1504 2671 1706 2706 necessario

281 2714 445 2754 deditos,
481 2717 614 2749 ideirco
640 2729 713 2751 non
750 2717 855 2751 alteri
879 2718 1064 2763 legendam
1098 2717 1310 2760 tradidisse,
1346 2731 1392 2752 ne
1416 2718 1546 2763 probra
1572 2718 1635 2751 illa
1659 2717 1707 2751 ad

282 2758 476 2796 multorum
507 2773 611 2796 aures
642 2765 873 2809 pervenirent
892 2789 903 2806 ‚
936 2763 1000 2798 sed
1034 2763 1080 2798 ad
1104 2765 1219 2811 ipsum
1251 2765 1474 2811 obsignatam
1498 2766 1641 2806 afferre,
1663 2769 1706 2798 ut
