1800 3132
501 183 878 229 msromARum
918 186 992 226 111.
1032 184 1104 233 64.
1402 164 1512 240 395

72 310 129 344 ως
172 295 232 344 εἷς
276 286 511 346 Τριβαλοὺς
549 285 777 344 ὑπερορίαν
811 283 1215 342 προσκεχωρηκότων
1243 286 1340 329 δέει.
1397 287 1713 336 ἒπαι-Δ.0.ι343

69 363 194 410 νὲσας
220 360 266 401 δὲ
294 354 448 405 αὐτούς
478 354 501 396 ὅ
528 353 730 409 βασιλεύς
769 352 843 394 καί
878 354 954 394 τοῦ
993 349 1089 394 τότε
1119 353 1176 409 τῷ
1205 354 1340 410 καιρῷ
1367 354 1645 409 προσή-Ρ.5ςο

69 442 195 468 κοντα
231 423 495 476 πεποιηκέναι
533 418 592 475 μή
634 416 1005 475 φιλονεικήσαντας
1037 420 1265 474 ἐπιχειρεῖν
1302 423 1386 468 τοῖς
1414 419 1518 476 ὑπὲρ

72 489 275 544 δύναμιν,
317 490 390 530 καί
417 489 492 529 τοῦ
531 481 659 537 αὖθις
705 485 952 540 ἐπανήκοντι
977 487 1363 540 προσκεχωρηκέναι
1391 488 1520 539 μελή-

45 563 228 605 5σαντας
251 555 406 610 μηδὲν,
437 552 611 602 ἐκείνοις
653 553 731 605 μὲν
770 546 957 606 ἄρχοντα
985 549 1222 605 ἐπιστήσας,
1249 548 1391 592 οἴκαδε
1423 547 1522 593 ἆπέ-

71 633 235 676 πεμπε·
289 622 331 662 Γ
329 621 479 676 ουδὲλῃ
533 619 579 660 δὲ
607 618 661 659 τά
695 632 741 659 τε
779 615 870 659 ἴδια
911 614 1110 665 κελεύσας
1151 616 1412 672 ἀποδοθῆναι
1451 616 1526 659 καί

70 686 232 730 οἴκοθεν
277 687 404 727 πλείω
438 681 696 738 παρασχών,
737 681 880 725 ἔπειτα
909 684 981 723 καί
1002 676 1199 735 Ἰάκωβον
1226 680 1297 724 τὸν
1322 685 1522 738 Βρουλᾶν

70 749 167 796 ὄντα
194 755 241 796 ἐκ
266 754 350 795 τῶν
378 753 544 794 οἰκετῶν
572 751 644 791 καί
669 746 899 804 Σαλατίνην
930 748 976 789 ἐκ
1008 748 1094 789 τῶν
1123 750 1308 803 Περσῶν
1340 749 1411 791 ἕνα
1430 745 1521 802 ἅμα

68 819 210 877 ἐκείνῳ
248 820 472 871 ἐξέπεμπεν
518 817 577 865 εἰς
604 814 840 867 Βυζάντιον
870 811 976 868 πρὸς
1002 814 1202 867 βασιλίδα
1230 812 1440 868 πρέσβεις.
1494 810 1521 870 ἦ

23 885 272 941 ιοπρεσβεία
312 886 359 926 δὲ
396 877 449 940 ἦν
491 881 589 938 περὶ
630 879 810 936 εἰρήνης.
878 878 952 922 καί
977 881 1124 934 πρῶτα
1150 880 1230 931 μὲν
1258 879 1521 936 ἐμαρτύρετο

72 949 144 994 τὸν
169 949 284 1004 θεὸν,
310 949 367 999 ὥς
386 949 436 991 οὔ
462 949 589 1002 μόνον
618 948 729 1003 αὐτῇ
757 947 833 988 οὐκ
849 944 1180 1000 ἐπι-βουλεύσειεν
1209 943 1312 1003 ἔργῳ
1342 943 1368 1002 ἢ
1394 950 1519 1000 βασι-

73 1022 145 1061 λεῖ
163 1018 221 1076 τῷ
247 1014 327 1074 υἱῷ
345 1047 358 1070 ,
405 1014 498 1056 ἀλλ’
528 1015 627 1056 ου’δὲ
653 1014 784 1068 μέχρι
820 1014 1026 1067 λογισμῶν
1050 1013 1166 1069 αὐτῷ
1197 1027 1237 1053 τι
1265 1015 1363 1068 περὶ
1389 1014 1520 1070 αὐτὴν

74 1080 425 1139 προσκεκρουκότι
450 1081 674 1134 συνειδείη.
730 1076 863 1135 αὐτὴν
888 1080 936 1120 δὲ
963 1075 1045 1119 ὑπὸ
1065 1080 1340 1134 συκοφαντῶν
1357 1079 1565 1137 ἀνθρώ-Β

74 1165 164 1191 πων
189 1147 263 1190 καί
289 1147 412 1190 οὐδὲν
437 1146 567 1201 ιῗγιὲς,
598 1144 693 1189 οὔτε
726 1151 873 1198 ποιεῖν,
906 1140 1002 1186 οὔτε
1033 1145 1165 1199 λέγειν
1188 1146 1523 1201 μεμελετηκότων

24 1216 369 1271 ιόπαραχθεῖσαν
396 1210 553 1270 ἔφασκε
584 1210 656 1254 τὸν
683 1209 891 1268 ἐμφύλιον
918 1211 1086 1252 τουτονί
1110 1206 1289 1263 πόλεμον
1313 1215 1523 1269 κεκινηκέ-

76 1296 148 1324 ναι
163 1312 177 1333 ‚
229 1277 278 1328 ὃς
311 1274 415 1333 ἄχρι
456 1278 532 1320 νῦν
558 1279 723 1319 πολλῶν
747 1292 793 1318 τε
820 1275 894 1318 καί
921 1276 1115 1330 μεγάλων
1145 1273 1279 1325 αἴτιος
1298 1275 1525 1332 Ῥωμαίοις

71 1347 248 1400 κατέστη
264 1344 496 1400 συμφορῶν
506 1342 579 1384 καί
590 1341 652 1385 ἔτι
661 1341 866 1396 μειζόνων
880 1340 1036 1395 ἔσεται,
1053 1336 1106 1383 ἂν
1121 1340 1180 1397 μὴ
1197 1345 1433 1402 καταλυθῇ.
1454 1344 1526 1387 καὶ

80 1409 213 1452 αὐτὸν
241 1411 287 1451 δὲ
315 1408 519 1463 μεγάλαις
547 1410 624 1461 μὲν
650 1410 896 1464 χρήσασθαι
928 1413 1172 1463 συμφοραῖς
1205 1406 1276 1449 daci
1305 1407 1377 1451 τὸν
1403 1409 1524 1452 πόλε-

75 1491 170 1530 μον,
204 1474 278 1516 καὶ
302 1474 509 1523 κινδύνοις
538 1477 734 1530 φοβεροῖς
761 1476 1067 1529 περισχεθῆναι
1083 1475 1269 1516 θάνατον
1291 1476 1523 1518 α’πειλοῦσι·

22 1542 155 1590 αοτοῦ
182 1543 290 1583 θεοῦ
318 1541 366 1582 δὲ
392 1537 504 1593 ὅμως
529 1539 624 1580 ἵλεω
660 1539 867 1593 τυχόντα,
911 1541 995 1581 τῶν
1034 1538 1238 1581 κινδύνων
1273 1556 1316 1583 τε
1358 1542 1525 1584 ἐκείνων

77 1603 371 1662 ἀπηλλάχθαι,
399 1604 473 1647 καί
496 1607 572 1648 νῦν
600 1603 819 1660 ἐπανήκειν
846 1606 922 1646 τοῦ
949 1606 1178 1660 κρείττονος
1205 1608 1525 1660 συναιρομένου.

75 1675 319 1729 συνορῶντα
361 1672 409 1713 δὲ
437 1670 495 1720 ὥς
529 1669 579 1713 τά
610 1686 654 1712 τε
681 1672 887 1723 μέλλοντα
917 1667 1024 1711 κακοὶ
1053 1671 1100 1712 ἐκ
1127 1672 1206 1712 τοῦ
1230 1673 1413 1724 πολέμου
1444 1674 1566 1718 πᾶνα

76 1754 158 1782 σαν
196 1736 475 1793 ὑπερβήσεται
512 1733 774 1792 ὑπερβολήν,
820 1735 894 1777 καί
930 1734 980 1778 τὰ
1011 1737 1057 1778 ἐκ
1083 1738 1158 1791 τῆς
1187 1734 1353 1792 εἰρήνης
1381 1737 1525 1793 ἀγαθοὶ

170 1827 424 1911 οϋέὲαὶρτοῦτό
455 1837 494 1863 τε
516 1829 550 1864 Ρ.
647 1831 680 1868 3.
700 1830 887 1876 ἐγχειρεῖν
915 1830 963 1863 Μ.
1072 1841 1122 1865 ιι.
1147 1821 1217 1866 τόν
1240 1828 1322 1865 add.
1347 1831 1395 1865 M.
1473 1832 1524 1878 14.

171 1887 190 1911 ο
311 1901 319 1910 .

78 1955 206 1991 tatoris
251 1954 297 1988 ad
340 1955 524 1990 Triballos
568 1955 764 1989 discessum
808 1955 939 1987 timore
983 1966 1061 1989 sese
1110 1955 1338 1991 tradentibus
1378 1959 1523 2003 praefe-

79 2008 175 2036 ctum
215 2002 441 2036 attribuerat.
490 2002 672 2036 Laudatos
703 2002 922 2047 imperator,
958 2006 1034 2035 tum
1070 2002 1169 2048 quod
1204 2005 1357 2049 tempori
1395 2017 1433 2039 se
1464 2017 1524 2040 ac-

77 2048 365 2084 commodassent
398 2055 435 2084 et
480 2060 588 2095 supra
623 2050 713 2083 vires
756 2048 958 2095 quidquam
1002 2050 1133 2083 audere
1181 2051 1407 2092 noluissent,
1446 2058 1523 2086 tum

79 2096 180 2142 quod
203 2095 249 2128 ad
277 2096 443 2130 reducem
468 2096 547 2130 sine
572 2095 802 2129 cunctatione
828 2097 950 2141 aliqua
975 2107 1011 2129 se
1038 2096 1310 2139 adiunxissent,
1337 2098 1523 2143 praesecto

80 2143 156 2177 illis
187 2147 333 2184 creato,
356 2142 502 2178 domum
538 2142 716 2182 dimittit,
753 2141 918 2177 Gudelae
950 2153 1014 2176 sua
1040 2144 1183 2177 restitui
1210 2143 1340 2177 iubens
1365 2150 1402 2178 et
1428 2146 1523 2180 ultro

81 2190 116 2222 ei
153 2188 256 2233 plura
296 2190 542 2236 suppeditans.
604 2189 746 2225 Deinde
778 2189 948 2223 Iacobum
976 2191 1119 2223 Brulam
1146 2200 1165 2222 e
1193 2191 1368 2225 ministris
1400 2190 1525 2225 dome-

82 2236 182 2269 sticis
207 2241 245 2269 et
269 2236 455 2270 Salatinen
481 2248 501 2271 e
526 2238 639 2270 Persis
666 2238 875 2280 Byzantium
904 2236 950 2270 ad
986 2237 1254 2282 imperatricem
1282 2237 1327 2270 de
1356 2248 1443 2283 pace
1468 2239 1526 2272 le-

82 2286 153 2326 gat.
210 2282 260 2314 Ac
291 2284 447 2328 primum
484 2284 633 2330 quidem
674 2284 789 2318 Deum
825 2289 1004 2323 testatur,
1047 2294 1084 2317 se
1116 2294 1190 2316 non
1223 2283 1339 2318 solum
1380 2285 1434 2318 illi
1461 2291 1527 2321 aut

83 2330 161 2363 filio
195 2329 406 2373 imperatori
442 2341 516 2363 non
551 2330 764 2365 insidiatum
802 2340 861 2362 re:
889 2329 951 2364 sed
977 2341 1043 2362 nec
1076 2332 1297 2374 cogitatione
1344 2337 1448 2364 tenus
1487 2333 1526 2367 in

84 2385 167 2408 eum
209 2376 362 2409 collatae
393 2377 548 2411 alicuius
586 2379 795 2411 offensionis
821 2377 892 2410 sibi
924 2388 1001 2409 esse
1027 2378 1233 2416 conscium,
1260 2388 1381 2410 verum
1410 2379 1525 2423 ipsam

84 2433 104 2455 a
128 2422 472 2463 calumniatoribus,
504 2424 567 2469 qui
592 2435 712 2470 neque
739 2424 879 2464 facere,
917 2434 1035 2469 neque
1070 2423 1190 2458 dicere
1215 2423 1414 2470 quidq11am
1440 2438 1525 2471 pro-

84 2468 171 2502 bum
197 2480 239 2502 ac
256 2469 436 2503 sincerum
460 2471 681 2511 statuissent,
708 2471 986 2503 circumventam
1003 2494 1012 2509 ‚
1038 2469 1106 2502 hoc
1132 2470 1238 2503 civile
1264 2470 1398 2504 bellum
1425 2473 1524 2505 exci-

84 2515 216 2549 tavi-se
232 2540 242 2556 ,
268 2515 366 2561 quod
390 2515 564 2551 hactenus
589 2519 721 2551 multas
747 2523 783 2550 et
811 2527 933 2550 saevas
959 2516 1079 2549 clades
1120 2518 1283 2550 Romanis
1324 2520 1525 2562 peperisset

85 2566 123 2595 et
158 2562 229 2595 nisi
268 2563 453 2603 finiretur,
491 2565 669 2598 saeviores
706 2565 904 2608 pariturum
943 2568 1047 2597 esset.
1106 2563 1150 2595 Et
1173 2574 1210 2596 se
1243 2563 1388 2609 quidem
1414 2564 1523 2598 liuius

84 2607 175 2642 belli
216 2619 322 2642 causa
358 2608 524 2653 gravibus
562 2611 773 2644 infortuniis
811 2621 990 2655 pressum,
1016 2610 1259 2655 periculisque
1285 2609 1524 2645 horribilibus

85 2660 125 2689 et
161 2661 313 2688 mortem
348 2656 461 2700 ipsam
495 2657 763 2691 intentantibus
799 2657 954 2690 cinctum
990 2656 1101 2688 fuisse
1122 2680 1132 2695 ‚
1165 2661 1410 2691 verumtamen
1447 2660 1525 2692 Deo

86 2700 183 2735 bene
212 2703 368 2741 favente,
395 2708 432 2736 et
455 2703 519 2736 illa
542 2703 745 2749 depulisse,
772 2709 808 2736 et
836 2712 932 2734 nunc
956 2701 1084 2735 eodem
1112 2702 1206 2735 bene
1234 2704 1400 2743 iuvante,
1427 2710 1526 2747 post-

85 2748 231 2782 liminio
258 2750 399 2783 reverti.
459 2750 550 2784 eum
585 2755 703 2783 autem
731 2750 949 2795 perspiciat,
998 2758 1092 2794 quae
1124 2749 1218 2781 mala
1242 2760 1286 2783 ex
1311 2750 1408 2784 bello
1435 2753 1526 2783 istoc

88 2800 296 2830 emanatura
322 2797 414 2839 sint,
438 2796 584 2831 modum
610 2797 751 2831 nullum
777 2795 968 2838 habitura,
993 2801 1031 2830 et
1053 2796 1209 2831 vicissim
1243 2794 1339 2831 bona
1365 2797 1526 2842 ingentia
