1800 3138
488 194 862 238 HISTORIARUM
902 199 975 238 111.
1008 200 1078 246 35.
1413 199 1477 236 21
1499 200 1518 236 Ι

100 297 346 351 κηδεμονίας
375 294 460 335 ταῖν
485 291 555 334 διὰ
585 292 659 334 τὸν
685 290 862 345 πόλεμον
891 292 1132 349 ἁπανταχοῦ
1169 296 1621 351 διαφθειρομένωνΔ.0.
1638 308 1722 353 1342

99 359 333 414 ἀνθρώπων
361 356 599 399 ἅναιτίων.”
625 355 732 411 πρὸς
759 359 894 398 ταῦτα
922 361 1088 410 βασῐλίς
1112 361 1192 411 μὲν
1221 360 1345 402 ου’δὲν
1372 359 1532 414 ἔπασχε

100 422 248 475 δεινὸν,
284 419 393 464 α’λλὰ
421 424 493 462 καί
516 419 622 462 κατὰ
650 421 816 475 γνώμην
840 415 942 478 ᾧέτο
973 424 1171 476 εἰρῆσθαι
1200 425 1309 481 αὐτῇ
1337 424 1437 474 τούς
1466 424 1535 467 λό-

98 504 210 543 γους.
261 485 416 541 πολλὴν
451 485 532 541 γὰρ
571 484 834 540 πατριάρχου
871 485 943 528 καὶ
981 490 1064 529 τῶν
1103 484 1240 530 ἄλλων
1277 491 1563 543 πανουργίανι)

71 551 170 595 5και“
195 548 358 607 ἀπάτην
386 551 661 604 καταγνοῦσα,
691 549 903 604 ἔσπευδεν,
935 553 975 594 εἰ
1015 551 1185 594 δύναιτο
1213 553 1347 630 τρόπῳ
1381 553 1432 609 δή
1459 571 1540 597 τινι

96 616 167 661 τὸν
203 619 383 670 πόλεμον
414 614 696 668 καταλύσασα,
725 615 907 666 σπονδὰς
933 615 1036 671 πρὸς
1061 620 1238 669 βασιλέα
1265 618 1334 660 τὸν
1369 621 1537 662 Καντα-

97 679 294 737 κουζηνόν
319 683 476 723 θέσθαι
503 696 596 735 περι
625 680 800 735 ειρὴνης.
829 682 1048 759 ειργομένη
1089 684 1136 724 δὲ
1163 680 1244 723 υπὸ
1270 685 1351 724 τῶν
1377 680 1536 739 ὅρκων,

98 742 159 796 οἷς
187 745 399 801 υπὴγαγον
425 743 781 801 ἐξαπατήσαντες,
811 744 895 797 ὥς,
923 746 964 787 εἰ
986 744 1045 800 μη
1074 749 1201 788 πᾶσιν
1228 746 1392 801 αἱρετέα
1418 747 1482 803 είη
1511 741 1537 802 ἧ

98 811 258 866 εἰρήνη,
299 812 398 866 μηδ’
437 809 570 864 αυτὴν
609 810 968 866 ἐπιψηφίζεσθαι,
996 810 1071 867 τήν
1097 813 1143 853 ἐκ
1170 813 1242 867 τῆς
1267 813 1425 867 βουλῆς
1455 815 1539 869 ψῆ-

50 888 179 935 ῐοφον
206 878 440 930 α’ναγκαίως
469 877 698 930 περιέμενε.

206 943 266 983 λέ.
319 938 600 995 Πατριάρχης
627 942 675 982 δὲ
703 942 776 982 καί
800 940 826 995 ἧ
858 942 1099 994 συνωμοσία
1126 942 1170 983 έν
1198 943 1319 999 δεινῷ
1344 940 1528 995 μάλιστα
1546 951 1576 983 Ρ.
1590 952 1656 996 463

95 1009 276 1050 ἐτίθεντο
303 1004 355 1047 τα
384 1007 582 1059 εἰρημένα
609 1005 683 1047 καὶ
708 1003 782 1047 τόν
807 1004 984 1082 ἔσχατον
1017 1002 1144 1063 ᾤοντο
1172 1005 1360 1048 κίνδυνον
1386 1007 1528 1056 αὐτοῖς
1539 1014 1581 1050 V.
1596 1015 1662 1059 373

95 1070 277 1124 ἐπάγειν.
319 1071 543 1125 προφανῶς
563 1070 641 1122 μὲν
668 1065 747 1111 ουν
773 1068 878 1125 πρὸς
907 1086 985 1124 την
1011 1068 1176 1125 εἰρήνην
1205 1071 1426 1125 ἀντιλέγειν
1453 1067 1534 1125 οὖχ

96 1134 250 1189 ἰταμὸν
275 1134 428 1188 μόνον,
458 1133 565 1176 α’λλὰ
596 1137 670 1177 καί
696 1134 883 1190 φιλομόχ
885 1138 1016 1190 θηρον
1042 1135 1190 1181 ε’δόκει.
1229 1138 1459 1189 εσκέψαντο
1480 1139 1569 1194 ‹53ss

47 1202 137 1247 ιόει
160 1200 349 1242 δύναιντο
375 1198 514 1256 τρόπω
544 1199 596 1254 δή
627 1215 711 1241 τινι
737 1196 862 1256 ἑτέρῳ
890 1203 974 1242 τῶν
998 1203 1193 1253 μοναχῶν
1228 1199 1302 1256 τὴν
1330 1200 1545 1247 ὁήόιοιαν

94 1268 325 1320 πειρᾶσθαι
361 1262 563 1306 διαλύειν.
618 1263 691 1305 καί
727 1263 817 1306 τότε
863 1266 942 1318 μὲν
981 1266 1270 1314 ἐπαινέσαντες
1307 1282 1382 1321 την
1421 1267 1526 1323 νπὲρ

94 1333 172 1373 τοῦ
197 1332 337 1372 κοινοῦ
362 1327 574 1384 σπουδὴν,
617 1330 804 1371 ἐκέλευον
849 1327 1095 1384 α’ναπαύλης
1135 1330 1250 1380 τινὸς
1282 1330 1528 1385 τυγχάνειν,

95 1395 170 1439 τὸν
209 1397 256 1440 ἐκ
293 1397 368 1450 τῆς
406 1394 646 1449 ὁδοιπορίας
675 1393 801 1436 πόνον
841 1395 1174 1447 ἀποτιθεμένους.
1229 1392 1400 1451 ὕστερον
1418 1398 1464 1437 δὲ
1492 1399 1536 1438 ε’-

96 1463 365 1516 πηγγέλλοντο
393 1461 680 1512 σκεψαμένους
707 1458 806 1514 περὶ
828 1453 888 1501 ὧν
917 1457 1066 1514 ἥκουσι
1084 1458 1162 1513 τὴν
1201 1460 1427 1514 ἀπολογίαν
1452 1478 1534 1502 πα-

43 1531 282 1580 πορασχεῖν.
336 1523 572 1574 ’ξενίζεσθαι
599 1525 646 1565 δὲ
673 1525 750 1565 οὐκ
788 1524 936 1566 εἴασαν
962 1525 1034 1564 ἐπὶ
1058 1523 1209 1566 ταιῖτὸν
1226 1558 1239 1578 ,
1288 1526 1378 1566 ἀλλ’
1408 1521 1534 1567 ἄλλον

98 1586 245 1632 ἄλλοσε
272 1589 511 1642 διέσπειραν
529 1619 542 1640 ,
583 1588 641 1636 ὥς
680 1585 732 1629 (ἲν
762 1591 816 1645 τῇ
844 1587 1060 1630 διαστάσει
1093 1590 1176 1630 τῶν
1220 1588 1424 1642 σωμάτων
1463 1591 1536 1633 καί

98 1661 193 1704 ταῖς
217 1654 403 1708 γνώμαις
431 1655 670 1705 διαστῶσιν,
696 1653 952 1706 ὑποσχέσεσι
979 1653 1052 1694 καὶ
1077 1651 1214 1707 λόγοις
1249 1656 1337 1711 ἰδίᾳ
1364 1658 1535 1706 ἕκαστος

99 1721 419 1775 διαφθαρέντες.
474 1721 655 1773 ἐτρίβετο
690 1720 768 1771 μὲν
797 1714 873 1759 οὖν
902 1716 924 1758 ὅ
952 1718 1103 1773 χρόνος
1134 1717 1208 1759 καί
1232 1717 1410 1772 οὐδεμία
1451 1723 1534 1762 τῶν

99 1786 324 1840 εἰρημένων
361 1779 413 1838 ἦν
442 1782 635 1839 φροντίς,
675 1779 777 1824 οὖδέ
803 1799 865 1833 τις
893 1785 1012 1838 λόγος
1035 1783 1191 1841 ἐγίνετο
1217 1785 1299 1826 τῶν
1325 1789 1575 1839 portandae

98 1943 169 1978 hoc
194 1943 292 1977 bello
317 1943 464 1997 ubique·
479 1942 735 1989 pereuntium,
761 1942 878 1987 dignis
903 1943 1094 1988 gratiarum
1117 1941 1322 1977 actionibus
1353 1943 1536 1977 collaude-

100 1989 201 2023 mini.
249 1989 344 2024 Haec
375 1990 490 2023 oratio
523 1990 704 2033 Augustae
734 1999 808 2022 non
840 1990 1014 2030 molesta,
1049 1989 1112 2022 sed
1145 1993 1241 2033 grata
1264 1988 1382 2033 potius
1416 1994 1454 2023 et
1486 1989 1533 2022 ab

100 2037 179 2069 eius
204 2041 325 2069 mente
358 2035 458 2068 haud
489 2036 608 2068 aliena
637 2035 778 2069 accidit.
825 2035 913 2068 Nam
938 2045 1016 2068 cum
1049 2035 1288 2079 patriarcham
1324 2040 1534 2080 ceterosque

99 2082 210 2116 sciret
233 2093 309 2116 esse
332 2083 542 2115 vaferrimus
567 2093 608 2115 ac
634 2081 986 2115 fraudulentissimos
1003 2106 1013 2122 ‚
1051 2079 1241 2121 studebat,
1273 2081 1304 2113 si
1329 2091 1401 2126 quo
1425 2082 1533 2115 modo

99 2132 245 2172 posset,
289 2127 387 2161 bello
412 2127 613 2169 dissoluto,
650 2138 731 2160 cum
757 2127 1006 2161 Cantacuzeno
1030 2137 1151 2172 pacem
1187 2133 1224 2160 et
1247 2125 1373 2160 foedus
1398 2129 1534 2161 consti·

98 2179 215 2207 tuere.
261 2173 447 2218 Religione
469 2179 590 2208 autem
614 2174 808 2207 iuramenti
835 2173 1029 2219 impedita,
1054 2185 1123 2219 qua
1150 2184 1215 2218 per
1240 2173 1362 2206 dolum
1385 2173 1430 2206 ab
1460 2173 1534 2207 illis

100 2219 260 2265 obligata
283 2219 421 2260 suerat,
456 2225 498 2253 ut
528 2230 683 2264 nempe,
716 2220 787 2253 nisi
813 2220 980 2254 omnibus
1007 2219 1209 2264 expetenda
1232 2229 1302 2263 pax
1330 2217 1537 2260 videretur,

100 2276 169 2300 nec
192 2267 271 2310 ipsa
295 2276 373 2299 eam
399 2268 575 2307 sanciret,
600 2266 746 2299 concilii
772 2267 987 2300 sententiam
1011 2266 1211 2299 necessario
1236 2264 1475 2309 exspectabat.

194 2313 248 2347 35
295 2313 343 2346 At
365 2312 568 2356 patriarcha
596 2317 634 2345 et
657 2312 835 2346 coniurati
859 2312 1114 2346 monachorum
1138 2311 1264 2351 dictis,
1302 2311 1435 2356 quibus
1461 2310 1534 2345 sibi

101 2358 254 2392 exitium
278 2359 395 2403 parari
420 2357 621 2399 ducebant,
646 2359 852 2402 gravissime
876 2359 1027 2398 offensi,
1061 2369 1184 2402 pacem
1209 2357 1397 2391 manifeste
1421 2367 1535 2401 repu-

101 2403 204 2438 diare
229 2414 302 2437 non
327 2403 526 2443 audebant,
551 2415 598 2437 ne
623 2415 696 2436 non
722 2404 951 2448 impudentes
978 2403 1108 2443 modo,
1134 2403 1197 2436 sed
1225 2404 1331 2436 etiarn
1353 2403 1398 2436 de
1422 2402 1533 2436 indu·
1581 2427 1584 2429 -

100 2451 188 2484 stria
222 2449 377 2494 improbi
408 2450 625 2483 viderentur.
675 2450 1022 2494 circumspiciebant
1057 2453 1202 2488 autem,
1224 2450 1255 2482 si
1285 2459 1357 2494 qua
1379 2449 1438 2482 via
1472 2459 1534 2482 eo-

99 2495 264 2529 rumdem
287 2496 512 2529 concordiam
537 2495 705 2529 dirimere
728 2501 884 2540 possent.
933 2498 981 2529 Ac
1002 2501 1088 2528 tunc
1107 2495 1253 2540 quidem
1268 2517 1278 2535 ,
1302 2494 1447 2528 laudato
1474 2505 1536 2527 eo-

100 2553 180 2585 rum
207 2541 321 2575 officio
344 2553 409 2586 pro
433 2553 471 2574 re
494 2541 664 2586 publica,
696 2546 738 2574 ut
760 2542 870 2575 fessos
894 2541 939 2575 de
961 2542 1115 2579 itinere,
1139 2541 1361 2586 aliquantum
1386 2543 1535 2586 requie-

102 2598 200 2622 scere
224 2589 428 2626 iusserunt,
463 2587 732 2631 promittentes,
767 2593 892 2633 postea
916 2598 954 2620 se
977 2588 1135 2627 visuros,
1171 2587 1261 2631 quid
1289 2587 1341 2620 eis
1371 2589 1535 2631 responsi

103 2633 240 2670 darent.
287 2634 474 2666 Divertere
505 2644 610 2676 porro
644 2643 766 2666 omnes
805 2633 932 2667 eodem
974 2644 1046 2666 non
1079 2633 1259 2672 sinentes,
1293 2633 1404 2666 alium
1445 2633 1535 2665 alibi

103 2679 344 2718 collocabant,
381 2684 421 2712 ut
455 2678 756 2724 quemadmodum
791 2679 1021 2724 corporibus,
1055 2678 1105 2711 sic
1129 2679 1257 2712 animis
1283 2689 1427 2724 quoque
1453 2691 1536 2722 pro-

102 2726 219 2758 missis
256 2731 293 2758 et
323 2724 512 2758 blanditiis
541 2736 700 2758 seorsum
733 2725 981 2778 unusquisque
1016 2730 1224 2769 corruptus,
1274 2730 1534 2769 separarentur.

103 2771 260 2806 Fluebat
280 2771 392 2816 igitur
412 2776 554 2816 tempus
576 2775 615 2804 et
631 2770 728 2805 dicta
751 2771 791 2804 in
813 2775 938 2804 ventos
962 2774 1204 2811 recesserant,
1226 2781 1344 2816 neque
1368 2769 1535 2804 monachi
