1800 3132
283 193 395 259 354
710 239 714 242 .
819 206 1190 250 CANTACUZENI

83 319 165 355 AC.
187 313 450 367 ι343μολόγει
478 311 549 364 τῆς
577 304 742 358 εὔνοιὀὶς
766 305 946 364 χάριτας
993 307 1067 349 καὶ
1111 311 1198 357 τοῖς
1225 310 1423 362 πρέσβεσι
1451 310 1527 363 τῆς
1553 307 1612 357 εἷς
1643 308 1721 349 dti-

275 378 346 420 τὸν
375 377 588 429 σπουδῆς·
618 374 769 430 Κράλῃ
799 375 845 416 δὲ
873 372 1139 428 ἀπήγγελλεν,
1170 370 1247 415 ὅσα
1275 372 1311 415 οἱ
1335 376 1380 416 ἐκ
1397 373 1606 429 Βεῤῥοιάς
1622 375 1722 427 πρέ-

275 446 390 497 σβεις
428 439 595 484 εἴποιεν.
651 438 881 493 θαυμάσας
909 442 955 482 δὲ
986 442 1165 490 ἐκεῖνος,
1211 435 1278 480 ὅτι
1303 438 1361 494 μὴ
1391 438 1492 488 τούς
1519 438 1616 494 περὶ
1641 442 1721 493 βα·-

275 508 424 557 σιλέως
454 503 624 560 λόγους,
654 504 711 553 ὥς
739 507 811 546 καί
839 504 884 547 αἳ
914 503 1060 546 λοιπαὶ
1084 508 1165 546 τῶν
1193 503 1375 556 πόλεων,
1407 503 1720 558 α’παγορεύοιεν,

276 575 463 628 ἐπέκρινε
504 572 578 612 καί
614 568 742 619 αὐτὸς
782 571 841 619 εἰς
879 570 1010 624 πέρας
1039 564 1218 624 ἄγεσθαι
1246 569 1293 611 τὰ
1323 568 1456 625 ἔργον.
1505 570 1644 624 Ἑλένη
1673 569 1747 611 δὲέἷ

276 637 302 693 ἡ
335 637 486 681 ’τούτου
529 633 689 690 γαμετὴ
721 634 794 676 καί
819 635 974 691 πολλὴν
1004 636 1142 689 εἰσῆγε
1169 635 1241 690 τὴν
1269 634 1456 690 σπουδὴν
1489 635 1562 676 καί
1584 634 1722 690 παρῄ-

276 720 340 746 νει
370 705 558 756 βασιλεῖ,
587 699 646 754 μή
676 699 748 741 τὸν
776 699 923 755 καιρὸν
950 702 1197 755 προΐεσθαι,
1245 701 1351 742 ἄλλα
1381 700 1514 742 πάντα
1542 700 1720 754 δεύτερα

277 768 556 823 ἡγησάμενον,
601 765 734 817 μόνου
759 763 944 818 ἔχεσθαι
970 766 1044 806 τοῦ
1071 765 1277 821 Βέῤῥοιαν
1305 766 1613 807 ὑποποιεῖσθαι.
1669 764 1722 806 οἷ-

276 833 480 889 υαγκαίαν
507 833 588 884 μὲν
621 829 702 885 γὰρ
729 829 803 871 καί
827 829 903 884 τήν
932 832 992 878 εἰς
1019 828 1325 884 Διδυμότειχον
1353 829 1555 872 ἐπάνοδον
1582 827 1687 873 εἶναι
1706 861 1719 882 ‚

279 898 360 951 οὐχ
388 893 506 952 ἧττον
536 898 582 937 δὲ
612 894 896 950 λυσιτελήσειν
924 894 997 936 καί
1024 893 1071 936 τὸ
1099 891 1316 950 Εέρῥοιαν
1343 902 1591 950 κατασχεῖν,
1623 899 1772 936 πολ-ιο

238 963 330 1005 Βλὰ
372 964 606 1016 δυναμένην
645 960 744 1016 πρὸς
786 958 859 1001 τὸν
900 959 1080 1013 πόλεμον
1107 959 1391 1015 συνάρασθαι.
1444 959 1720 1014 συνεβούλευέ

273 1044 317 1070 τε
349 1027 409 1082 μή
439 1026 517 1080 τὴν
543 1027 965 1080 παρασκευαζομένην
993 1025 1109 1082 αὐτῷ
1137 1028 1310 1068 ἕπεσθαι
1329 1026 1565 1080 περιμένειν
1590 1042 1717 1081 στρα-

272 1091 389 1144 τιὰν,
431 1090 538 1133 α’λλά
575 1088 820 1146 Γερμανοὺς
857 1089 1180 1146 παραλαβόντα,
1219 1088 1342 1140 ὅσους
1373 1090 1548 1146 Κράλης
1574 1106 1616 1132 τε
1635 1107 1717 1132 πα-

274 1160 438 1211 ρέξεται
465 1156 539 1198 καί
564 1155 687 1211 αὕτη,
719 1155 788 1197 ἀεὶ
813 1154 918 1210 πρὸς
945 1155 1020 1204 τρὶς
1049 1158 1273 1212 στρατείας
1299 1158 1716 1211 παρεσκευασμένους

273 1217 395 1270 ὄντας
425 1220 494 1262 διὰ
523 1219 568 1263 τὸ
594 1224 899 1276 μισθοφορεῖν,
946 1218 1041 1274 ἅμα
1089 1227 1172 1271 τοῖς
1209 1223 1374 1270 οἰκείοις
1410 1220 1610 1263 σπεύδειν
1647 1221 1771 1264 §nid

272 1285 500 1342 Βέῤῥοιαν.
528 1282 606 1327 κᾶν
632 1288 710 1338 μὲν
739 1287 966 1339 δέχωνται,
995 1283 1134 1341 ὥσπερ
1165 1288 1498 1340 ἐπαγγέλλονται,
1528 1289 1568 1328 εἰ
1584 1289 1716 1328 δέοιτο

272 1353 345 1393 καί
370 1353 442 1405 τῆς
468 1354 662 1405 στρατιᾶς
688 1353 844 1405 ἐκείνης
873 1349 978 1405 πρὸς
1009 1353 1264 1405 ἐπικουρίαν,
1293 1349 1469 1406 ὕστερον
1497 1350 1609 1406 ἥξειν
1636 1368 1715 1392 πα-

272 1420 649 1472 ρασκευασθεῖσαν.
705 1418 744 1457 εἰ
769 1418 815 1456 δὲ
841 1416 1148 1468 μεταβαλόντες
1177 1413 1485 1469 ἆποπέμποιεν,
1513 1417 1714 1471 ἀναστρέ-

271 1494 410 1535 ψαντα
453 1483 645 1535 χρῆσθαι
682 1482 732 1536 τῇ
767 1483 946 1536 στρατιᾷ
983 1476 1062 1535 ἤδη
1100 1484 1466 1538 παρεσκευασμένῃ
1517 1484 1589 1522 καί
1611 1482 1717 1522 (ἰπο-

273 1549 423 1603 πειρᾷν
451 1545 554 1600 πρὸς
582 1545 658 1599 την
685 1545 899 1586 ἐπάνοδον.
957 1547 1132 1587 τοιαῦτα
1160 1541 1239 1598 μὲν
1262 1546 1287 1600 ἦ
1317 1547 1467 1601 Κράλη
1491 1545 1768 1590 ὖπετίθετοπο

237 1610 428 1665 (ζγαμετὴ
466 1613 526 1666 τῷ
559 1613 742 1662 βασιλεῖ,
784 1612 858 1652 καί
895 1610 1001 1665 αὕτη
1030 1627 1074 1652 τε
1103 1610 1328 1665 παρείχετο
1358 1611 1455 1661 τούς
1483 1614 1617 1662 ἰδίους
1643 1629 1713 1666 μι-

270 1674 513 1732 σθοφόρους
542 1678 751 1724 Λατίνους
778 1677 851 1717 καί
875 1674 947 1717 τὸν
977 1671 1111 1730 ἄνδρα
1141 1675 1298 1718 ἔπειθε.

383 1742 456 1796 νη’.
516 1740 728 1790 Βασιλεὺς
758 1742 804 1781 δὲ
834 1739 986 1797 Κράλῃ
1016 1757 1060 1782 τε
1089 1741 1244 1792 πολλὰς
1273 1744 1345 1797 τῆς
1374 1743 1518 1798 φιλίας
1541 1744 1716 1798 χάριτας

370 1845 423 1867 21.
440 1841 478 1865 τε
503 1831 584 1864 add.
602 1830 650 1863 M.

270 1909 395 1945 turbet
434 1914 542 1954 atque
577 1912 722 1941 evertat.
795 1909 995 1953 Imperator
1019 1909 1155 1942 civitati
1182 1909 1226 1943 de
1252 1910 1318 1943 hac
1343 1920 1423 1954 erga
1449 1921 1487 1943 se
1512 1908 1709 1953 voiunfate,

270 1963 308 1990 et
335 1958 530 2002 separatim
563 1955 689 1999 legatis
729 1954 775 1986 de
816 1955 976 1998 ipsorum
1015 1967 1094 2000 erga
1139 1967 1176 1988 se
1211 1957 1332 1989 studio
1351 1956 1548 1991 honorifice
1578 1961 1709 2002 gratias

270 2004 372 2047 agit,
410 2003 580 2046 Craiique
617 2012 788 2033 summam
825 2002 1018 2045 legationis
1051 2003 1251 2035 renuntiat:
1294 2003 1356 2047 qui
1383 2003 1608 2046 admiratus,
1635 2019 1710 2042 non

273 2052 383 2083 etiam
419 2048 658 2087 Berrhoeam,
691 2053 731 2079 ut
756 2047 914 2092 reliquas
942 2048 1047 2081 urbes
1065 2073 1074 2088 ,
1097 2048 1205 2081 verba
1236 2048 1280 2081 de
1306 2049 1521 2093 imperatore
1547 2052 1622 2085 fieri
1647 2065 1709 2087 ve-

271 2096 408 2135 tuisse,
438 2095 515 2138 ipse
553 2104 698 2138 quoque
731 2104 805 2125 rem
833 2092 878 2125 ad
903 2095 1039 2126 exitum
1065 2094 1311 2127 deducendam
1338 2095 1519 2131 iudicavit.
1570 2099 1708 2133 Helena

270 2153 355 2175 vero
383 2143 515 2174 coniux
545 2140 634 2172 mire
659 2139 826 2179 sollicita,
870 2140 1122 2184 imperatorem
1156 2140 1374 2181 admonere,
1407 2154 1453 2176 ne
1486 2146 1709 2188 opportuni-

270 2189 339 2220 tati
376 2188 541 2225 deesset,
585 2185 649 2218 sed
684 2185 853 2218 omnibus
889 2187 1127 2230 postpositis,
1153 2187 1363 2220 Berrhoeam
1390 2189 1444 2221 sui
1474 2189 1562 2222 iuris
1589 2190 1709 2226 facere

271 2235 388 2267 solum
422 2231 671 2266 contenderet.
721 2231 1015 2274 Didymotichum
1041 2232 1178 2272 redire,
1204 2243 1280 2266 esse
1305 2234 1340 2265 id
1370 2235 1516 2278 quidem
1542 2247 1707 2271 necessa-

271 2281 386 2323 rium;
424 2284 671 2321 verumtamen
703 2278 940 2318 Berrhoeam,
981 2289 1073 2324 quae
1104 2279 1255 2312 multum
1281 2280 1378 2313 bello
1403 2282 1621 2317 conductui-a
1646 2285 1706 2326 sit,

271 2325 452 2366 obtinere,
480 2324 576 2358 haud
593 2324 712 2357 minus
736 2325 978 2367 profuturum:
1005 2324 1263 2369 suadebatque,
1288 2337 1335 2359 ne
1361 2330 1557 2362 exercitum
1579 2329 1625 2363 ad
1646 2341 1705 2364 se-

297 2372 456 2405 nendum
479 2382 517 2404 se
538 2376 805 2414 comparantem
829 2375 1060 2414 exspectaret,
1073 2371 1134 2404 sed
1156 2373 1347 2415 assumptis
1378 2375 1588 2416 Germanis,
1615 2383 1707 2422 quot

270 2385 393 2451 {tales
413 2423 450 2451 et
470 2419 546 2461 ipsa
570 2416 710 2457 darent,
738 2427 880 2460 semper
903 2416 949 2450 ad
969 2416 1234 2460 expeditionem
1248 2420 1383 2462 paratis
1398 2420 1511 2466 (quod
1528 2423 1706 2456 meritorii

271 2469 404 2507 essent)
429 2474 499 2497 una
517 2474 596 2496 cum
618 2462 770 2507 propriis
796 2463 1008 2496 Berrhoeam
1027 2461 1226 2496 festinaret.
1262 2465 1305 2497 Et
1323 2465 1352 2498 si
1370 2467 1517 2512 quidem
1549 2469 1705 2512 promis-

268 2511 317 2541 δὴ
336 2515 470 2543 stantes
494 2521 575 2543 eum
601 2509 806 2552 acceperint
834 2513 871 2542 et
902 2508 1035 2553 reliqui
1057 2510 1234 2542 exercitus
1259 2521 1328 2555 ope
1345 2513 1555 2556 indiguerit,
1579 2519 1706 2559 postea

268 2555 341 2586 iam
364 2558 575 2589 instructum
600 2560 836 2599 paratumque
858 2560 1047 2589 venturum
1075 2566 1162 2590 esse.
1212 2556 1275 2589 Sin
1298 2558 1476 2592 immutati
1501 2570 1582 2593 eum
1609 2561 1704 2594 reie-

269 2601 405 2641 corint,
433 2612 612 2635 reversum
636 2602 769 2645 paratis
805 2606 881 2634 tum
906 2599 1019 2644 copiis
1042 2603 1096 2633 uti
1123 2607 1158 2635 et
1190 2614 1268 2635 cum
1299 2605 1350 2638 eis
1374 2605 1527 2639 reditum
1554 2607 1703 2650 pericli-

268 2648 338 2679 tari
359 2657 476 2690 posse.
509 2647 605 2679 Haec
627 2648 876 2691 imperatorem
898 2646 1013 2680 cratis
1031 2658 1118 2680 uxor
1134 2648 1370 2691 admonebat,
1390 2652 1549 2697 'ipsaque
1566 2663 1702 2686 merce·-

268 2693 389 2726 narios
408 2703 490 2725 suos
508 2693 654 2725 Latinos
670 2693 926 2737 suppeditabat
939 2697 975 2725 et
985 2694 1097 2726 virum
1124 2696 1218 2727 idem
1239 2701 1279 2728 ut
1303 2696 1448 2737 faceret,
1458 2698 1698 2742 permovebat.

363 2737 419 2775 58,
467 2738 687 2782 Imperator,
711 2738 807 2772 Crali
838 2739 881 2771 de
906 2739 1061 2772 amicitia
1087 2741 1237 2786 eiusque
1265 2743 1409 2788 coniugi
1445 2747 1519 2776 tum
1551 2744 1597 2778 de
1622 2745 1698 2785 illa,
1725 2768 1740 2776 -

270 2790 347 2820 tum
371 2783 416 2823 de
440 2783 689 2818 sollieitudine
713 2796 795 2830 erga
820 2795 857 2819 ze
885 2785 1007 2830 gratiis
1030 2787 1147 2832 ample
1169 2789 1277 2830 actis,
1303 2800 1382 2823 cum
1405 2791 1635 2825 mercenariis
1660 2796 1700 2829 ot
