1806 3152
507 151 883 210 ms‘romAnuM
921 158 992 199 m.
1021 159 1090 208 96.
1412 134 1514 212 59¹

87 264 166 316 μὲν
182 256 256 303 οὖν
279 258 478 315 ἐπιβουλή
511 256 642 309 οὕτως
669 257 871 315 ἐμηνύθη.
926 258 950 300 ὅ
976 255 1175 312 βασιλεύς
1191 271 1236 299 τε
1257 251 1384 308 αὖτὸς
1397 256 1470 298 καὶ
1482 255 1520 298 οἶ
1534 264 1612 299 A.c.
1633 265 1719 310 1346

89 327 189 383 περὶ
213 326 337 369 αὐτὸν
372 323 525 375 πολλὰς
560 323 800 379 ὧμολόγουν
823 324 1007 380 χάριτας
1035 326 1134 382 θεῷ,
1166 320 1300 372 οὕτως
1326 325 1373 366 ἐκ
1396 326 1522 377 χαλε-

88 395 179 435 πῶν
216 391 414 435 κινδύνων
442 390 631 449 ῥυομένη)
664 391 855 445 βασιλέα.
912 392 1078 444 βασιλὶς
1109 390 1156 431 δὲ
1182 384 1356 445 ἧἌννα
1383 391 1455 431 καί
1482 388 1523 430 οἱ

90 461 188 514 περὶ
215 457 346 513 αὐτὴν
370 459 452 500 τῶν
481 455 736 511 πραγμάτων
763 452 974 511 ἄρχοντες,
1004 455 1098 498 ἐπεὶ
1121 452 1236 510 παρά
1265 470 1310 496 τε
1329 457 1404 509 τῆς
1422 458 1521 497 Mv·

62 527 175 567 5σιὸν
218 522 464 577 συμμαχίας
500 522 573 564 καί
608 524 692 564 τῶν
732 517 869 564 ἄλλων
899 516 1055 577 α’)’νηντο
1084 523 1220 574 ου’δὲν,
1249 519 1451 576 Ὀρχοίνην
1475 536 1521 563 τε

89 583 295 633 ἀδύνατον
321 588 462 644 ἑώρων
487 590 756 642 μεταπείθειν
785 586 890 642 πρὸς
920 585 1264 642 Καντακουζηνὸν
1290 585 1365 628 τὸν
1395 590 1519 640 βασι-

86 658 162 698 λέα
191 659 386 708 πολεμεῖν
417 653 485 696 διὰ
511 653 558 696 τὸ
587 655 735 709 κῆδος,
763 652 986 709 ἔτράποπο
1013 653 1085 696 ἐπὶ
1116 650 1164 694 τὸ
1192 654 1353 693 πείθειν
1380 650 1520 706 ἕτερόν

84 738 180 764 τινα
221 724 303 764 ταῖν
334 720 562 776 βαρβάρων
592 725 830 774 συμμαχεῖν
857 721 1013 769 αι’τοῖς.
1066 718 1140 760 καί
1168 720 1405 771 πέμψαντες
1437 717 1557 768 &ni-B

83 804 207 843 γαριν
235 790 276 830 Γ
272 786 444 842 εαὶργιον
479 785 551 829 τὸν
587 789 719 842 μέγαν
761 783 1134 841 στραδοπεδάρχην
1160 781 1265 837 πρὸς
1296 784 1519 839 Σαρχάνην

37 852 159 898 ποτὸν
187 855 356 902 Λυδίας
384 850 627 908 σατράπην,
659 847 730 908 (ἦν
755 849 837 906 γάρ
866 851 980 909 αὐτῷ’
1010 849 1083 892 καί
1107 847 1291 905 συνήθης
1317 846 1518 905 πρότερον

85 908 160 963 ἐπῖ
195 921 508 975 Φιλαδέλφειαν
541 916 672 960 πολὺν
709 916 858 972 χρόνον
892 918 947 974 τῷ
974 915 1105 971 πατρὶ
1129 916 1513 971 συνδιατρίψαντιῇ

83 986 247 1028 ἐδέοντο
281 985 402 1041 σφίσι
427 987 600 1039 βοηθεῖν
627 985 701 1026 καί
710 986 902 1037 Υπέμπειν
931 981 1037 1025 κατὰ
1064 983 1270 1035 βασιλέως
1294 981 1513 1037 στρατιάν.

81 1050 104 1094 ὃ
140 1053 188 1094 δὲ
225 1051 376 1093 αὐτίκα
414 1066 459 1092 τε
498 1051 690 1091 ἐπείθετο
730 1051 804 1091 καί
839 1050 1118 1101 συνεξέπεμπε
1155 1049 1214 1104 τῷ
1255 1045 1416 1102 Τάγαρι
1442 1045 1516 1101 την

82 1115 274 1170 δύναμιν.
326 1116 483 1171 Ἀμοὺρ
514 1117 577 1169 δὲ,
608 1113 664 1164 ὥς
693 1113 872 1156 ἐπύθετο
898 1112 974 1169 τὴν
992 1111 1188 1169 Σαρχοίνη
1215 1111 1413 1167 στρατιὰν
1429 1130 1518 1167 χω-

31 1183 237 1238 ιόροῦσαν
263 1180 368 1223 κατὰ
393 1180 626 1235 βασιλέως,
656 1178 773 1222 δεινοὶ
803 1182 980 1222 ἐποιεῖτο
1019 1178 1093 1221 καὶ
1127 1176 1314 1220 ἐπίνοιάν
1351 1195 1444 1220 τινα
1474 1179 1517 1219 ε’-

76 1248 286 1299 σκέπτετο,
319 1249 374 1289 δι’
402 1242 453 1302 ἧς
479 1247 643 1297 ἐξέσται
669 1248 729 1304 τῷ
756 1247 864 1302 φίλῳ
891 1247 1075 1300 βοηθεῖν.
1115 1243 1189 1286 καί
1213 1242 1517 1297 ἀπολεξάμενος

78 1313 156 1355 δύο
182 1315 262 1356 τῶν
293 1313 392 1368 παρ’
421 1312 534 1370 αὐτῷ
555 1312 786 1368 ἐπιφανῶν,
813 1307 888 1359 οὒς
904 1305 998 1367 ᾔδει
1015 1307 1197 1363 μάλιστα
1215 1309 1267 1352 τὰ
1284 1310 1388 1352 κατὰ
1408 1309 1515 1364 γνώ-

75 1395 159 1434 μην
197 1377 454 1434 προίξοντας,
500 1378 703 1430 ἐξέπεμπε
731 1374 806 1418 καί
830 1375 1064 1430 δισχιλίους
1090 1374 1348 1432 στρατιώτας
1374 1390 1557 1431 παρα-ο

76 1441 306 1498 σχόμενος,
353 1442 410 1492 ὥς
450 1438 540 1495 ἅμα
580 1443 631 1498 τῇ
658 1441 858 1497 «αρχάνη
885 1443 1064 1498 στρατιᾷ
1093 1444 1517 1497 περαιωθησομένους

23 1508 185 1566 ῃοπρὸς-
220 1507 307 1564 τη“ν>
333 1507 516 1566 Θρᾴκην.
587 1507 684 1557 ἔθος
714 1507 795 1563 γὰρ
823 1506 987 1556 τούτοις
1018 1512 1104 1556 τοῖς
1130 1504 1380 1562 βαρβάροις,
1414 1504 1518 1550 ὅταν

75 1577 148 1618 ἐπὶ
172 1575 395 1630 λεηλασίαν
422 1573 558 1627 ἴωσιν,
590 1569 642 1615 ἄν
672 1588 782 1621 τινες
834 1574 879 1624 ἐξ
905 1568 1050 1627 ἑτέρας
1064 1573 1320 1626 σατραπείας
1339 1573 1516 1614 ἐθέλωσι

74 1643 348 1694 συνέπεσθαι,
375 1638 434 1695 μὴ
463 1637 656 1693 κωλύειν,
686 1637 792 1680 ἄλλα
821 1636 895 1679 καί
919 1639 1073 1679 εἰδέναι
1107 1635 1261 1692 χάριν,
1291 1636 1349 1686 ὥς
1379 1639 1517 1693 φίλοις

75 1706 149 1750 καὶ
189 1704 440 1760 συμμάχοις.
506 1706 669 1748 ἐκέλευε
700 1705 747 1746 δὲ
770 1702 928 1760 Ἀμοὺρ
969 1709 1057 1753 τοῖς
1094 1705 1194 1760 παρ’
1216 1700 1370 1746 ἑαυτοῦ
1409 1719 1515 1757 πεμ-

75 1835 158 1870 aliis
192 1834 426 1869 turbantibus
477 1839 514 1868 et
547 1832 652 1880 quasi
692 1833 769 1866 eius
813 1842 916 1866 causa
958 1832 1230 1874 metuentibus,
1267 1832 1511 1867 iocabundum

74 1881 233 1921 dixisse,
271 1881 518 1921 confiderent,
565 1879 637 1914 sibi
674 1890 820 1925 quoque
855 1879 964 1912 sicam
989 1890 1076 1913 esse.
1124 1879 1283 1913 Insidiae
1308 1881 1378 1913 hoc
1401 1881 1509 1914 modo

74 1928 115 1963 in
138 1934 302 1974 apertum
327 1929 487 1973 prolatae
517 1932 626 1966 sunt,
668 1931 706 1959 et
729 1926 926 1970 imperator
950 1936 1029 1958 cum
1054 1927 1227 1960 comitatu
1262 1938 1327 1960 suo
1363 1939 1510 1973 magnas

72 1975 152 2009 Deo
181 1977 312 2021 gratias
340 1975 434 2019 egit,
478 1974 542 2020 qui
567 1984 586 2007 e
611 1978 685 2006 tam
717 1973 812 2016 gravi
842 1973 1002 2017 periculo
1040 1984 1077 2006 se
1114 1972 1349 2007 liberavisset.
1399 1975 1511 2008 Cete-

72 2033 152 2056 rum
190 2022 292 2055 Anna
334 2021 546 2066 imperatrix
594 2019 732 2065 quique
777 2018 874 2064 apud
909 2020 1022 2064 ipsam
1061 2024 1164 2052 erant
1199 2019 1508 2054 administratores

74 2069 173 2108 eius,
198 2074 389 2113 postquam
419 2068 622 2100 Moesorum
651 2071 688 2099 et
711 2065 864 2099 aliorum
894 2066 1031 2100 auxilia
1062 2065 1159 2099 nihil
1190 2066 1424 2110 profuerunt,
1450 2068 1508 2099 vi-

74 2114 300 2160 deruntque,
325 2124 510 2158 nunquam
534 2114 637 2153 fore,
663 2117 705 2145 ut
730 2111 887 2145 Orchani
923 2112 1023 2145 aliud
1058 2113 1319 2156 persuaderent
1350 2124 1507 2159 eumque

73 2161 121 2194 ad
149 2161 435 2194 Cantacnzenum
459 2170 620 2193 socerum
646 2158 925 2204 oppugnandum
951 2158 1186 2199 inducerent,
1218 2159 1264 2192 ad
1295 2160 1388 2192 alius
1421 2161 1507 2193 bar-

73 2207 151 2241 bari
177 2208 387 2241 societatem
416 2211 453 2240 et
488 2207 664 2239 auxilium
694 2204 959 2250 implorandum
983 2215 1060 2238 sese
1086 2211 1350 2242 converterunt.
1377 2207 1506 2252 Itaque

71 2255 268 2298 Georgium
292 2253 459 2296 Tagarin,
490 2264 655 2298 magnum
681 2250 1024 2296 stratopedarcham,
1048 2251 1095 2285 ad
1118 2251 1346 2294 Sarchanem‚
1370 2253 1509 2297 Lydiae

72 2306 259 2345 satrapam,
291 2300 325 2332 ei
358 2299 592 2339 familiarem,
629 2299 782 2344 (quippe
816 2298 879 2343 qui
915 2309 997 2331 cum
1036 2302 1139 2343 patre
1171 2298 1285 2344 ipsius
1319 2300 1507 2333 Sarchanis

72 2345 344 2391 Philadelphiae
380 2345 442 2378 diu
467 2350 628 2379 versatus
655 2345 802 2387 fuerat,)
825 2344 975 2378 mittunt
999 2349 1036 2377 et
1059 2356 1166 2389 opem
1193 2345 1362 2380 adversus
1386 2347 1508 2392 impe-

72 2399 227 2437 rator-em
262 2391 433 2436 flagitant.
488 2393 522 2425 Is
547 2393 736 2425 confestim
760 2391 872 2424 flexus
918 2391 1048 2435 Tagari
1076 2391 1199 2435 copias
1224 2392 1346 2430 tradit.
1396 2394 1506 2426 Amu-

71 2441 160 2480 rius,
186 2444 226 2472 ut
251 2438 296 2472 ad
321 2439 398 2471 eius
421 2449 524 2472 aures
547 2438 659 2479 venit,
686 2437 902 2472 Sarchanem
932 2443 1055 2470 contra
1085 2439 1337 2482 imperatorem
1363 2441 1508 2477 mittere

72 2486 250 2525 militem,
274 2485 399 2529 iniqua
425 2489 545 2518 mente
570 2485 657 2518 tulit
681 2490 718 2518 et
742 2484 919 2530 quiddam
945 2489 1168 2517 commentus
1194 2490 1269 2525 est,
1294 2497 1366 2532 quo
1392 2487 1507 2521 amico

72 2533 324 2578 opitularetur.
382 2531 538 2565 Delectis
575 2533 671 2565 enim
705 2531 750 2562 de
788 2530 862 2563 suis
899 2529 1042 2563 duobus
1067 2530 1296 2571 illustribus,
1319 2543 1410 2578 quos
1435 2535 1508 2568 sibi

72 2578 238 2624 inprimis
271 2577 506 2614 obsecuturos
542 2582 663 2617 norat,
707 2578 825 2622 iisque
851 2575 1035 2609 attributis
1060 2576 1204 2610 duobus
1226 2577 1412 2620 millibus,
1455 2582 1507 2614 si-

71 2626 147 2657 mul
179 2636 258 2659 cum
288 2623 476 2658 Sarchanis
517 2623 726 2658 cohortibus
750 2623 788 2655 in
814 2622 1003 2656 Thraciam
1027 2623 1239 2658 traiecturus
1263 2625 1372 2659 misit.
1421 2627 1507 2661 Erat

72 2673 169 2705 enim
206 2670 304 2716 apud
339 2669 509 2704 barbaros
540 2671 630 2704 istos
668 2670 870 2708 sollemne,
906 2680 984 2702 cum
1018 2670 1232 2714 populatum
1255 2671 1371 2713 irent,
1406 2674 1436 2706 si
1462 2684 1506 2706 ex

70 2718 144 2751 alia
176 2717 333 2763 satrapia
369 2721 489 2752 essent
520 2718 583 2763 qui
608 2717 712 2763 sequi
741 2719 933 2762 cuperent,
958 2726 1004 2749 ne
1026 2716 1328 2762 prohiberentur:
1354 2720 1444 2764 quin
1470 2725 1508 2753 et
