1812 3146
252 153 368 219 486
781 164 1154 208 CANTACUZENI

61 279 139 315 Ac.
164 270 504 327 ι344νενικημένοι
525 267 571 308 δὲ
588 263 825 320 μεθύοντας
842 266 913 306 καί
938 263 1307 320 παραφερομένους
1324 260 1476 311 αὐτούς
1495 260 1689 317 ὁρῶντες,

252 332 623 388 ἀναθαρσήσαντες
641 330 713 373 καί
732 332 969 382 ἐπιθέμενοι
989 327 1162 378 ἀόπλοις
1189 329 1261 370 καί
1285 325 1540 380 μεθύουσιν,
1568 325 1692 380 ἐκράο,

254 400 382 454 τησάν
410 413 455 439 τε
486 397 623 453 ῥᾷστα
670 395 744 438 καὶ
783 397 1032 438 ἀπέκτειναν
1062 390 1199 435 αὖτῶν
1225 391 1426 442 πολλούς·
1468 393 1602 440 ένίους
1641 392 1689 433 δὲ

255 464 464 518 ἐξήλασαν
492 465 567 516 τῆς
594 460 779 516 πόλεως,
831 459 929 510 τούς
953 462 999 501 δὲ
1027 458 1198 508 λοιπούς
1247 453 1400 513 ἤγαγον
1440 459 1500 506 εἰς
1529 459 1690 509 δεσμω-

254 530 377 585 τήρια
405 527 487 569 ὖπὸ
518 531 691 577 κλοιοῖς·
731 524 856 581 καὶῆ
893 526 1013 574 πόλις
1052 520 1180 572 αὖθις
1215 522 1297 565 ὑπὸ
1332 520 1486 580 Βράνῳ
1529 516 1580 575 ἦν
1615 519 1716 565 καί5

253 601 338 643 τοῖς
368 592 592 648 πράττουσι
618 591 669 634 τὰ
696 590 926 645 βασιλίδος.
959 593 1053 632 ,καί
1077 588 1331 632 Ἀπόκαυκον
1367 586 1437 629 τὸν
1465 590 1586 643 σφῶν
1615 581 1692 641 ἅρ-

251 676 382 714 χοντα
432 660 669 711 πέμψαντες
717 653 871 711 ἤγαγον
909 658 955 698 ἐκ
995 656 1223 698 Βουκέλου.
1278 652 1476 707 βασιλεὺς
1514 653 1561 694 δὲ
1602 653 1694 694 ἐπεὶ

252 726 433 768 ἐπύθετο
461 721 510 764 τά
550 724 823 778 γεγενημένα,
873 722 927 762 ου’
951 722 1131 774 μετρίως
1159 714 1336 774 ἤχθετο,
1383 718 1434 759 οὔ
1460 716 1591 770 μόνον
1618 716 1691 770 τῆς

213 788 413 837 Βπόλεως
445 787 687 841 ἀποτυχών,
717 786 822 830 ἀλλὰ
851 787 924 828 καί
952 788 1036 827 τῶν
1065 787 1197 841 φίλων
1225 784 1519 836 ἀπολλυμένων
1546 784 1591 824 ἐκ
1619 784 1693 836 τῆς

253 853 464 908 ἀβουλάις.
521 851 773 902 Ἀπόκαυκος
813 853 859 894 δὲ
892 849 1100 905 Μανουηλ
1142 849 1165 891 ὅ
1204 851 1280 891 τοῦ
1321 847 1502 903 μεγάλου
1543 845 1743 896 δουκὸςιο

251 920 345 968 υἱὸς
395 918 498 975 πρὸς
541 921 716 973 βασιλέα
755 916 899 973 κρύφα
939 919 1138 970 πέμψας,
1190 916 1354 970 πρῶτον
1392 915 1472 967 μὲν
1531 911 1690 967 ἔφασκε

251 985 325 1027 καί
364 983 494 1025 αὐτὸν
534 982 741 1025 ἀκούοντα
779 980 895 1038 παρά
931 998 973 1023 τε
1012 982 1093 1024 τῶν
1131 975 1267 1022 ἄλλων
1297 978 1370 1021 καὶ
1408 980 1484 1021 τοῦ
1511 975 1689 1032 πατρὸς,

253 1051 389 1092 αὐτοῦ
419 1047 549 1090 πολλοὶ
582 1051 656 1091 καί
691 1047 804 1091 δεινὰ
835 1045 1192 1103 κατηγορούντων,
1233 1044 1460 1087 πείθεσθαι
1499 1042 1573 1084 καί
1611 1041 1691 1083 αὖ-

252 1115 325 1157 τὸν
371 1117 442 1156 καί
476 1116 657 1166 νομίζειν
705 1113 886 1161 ἐκείνους
925 1110 1178 1167 ἀληθεύειν·
1224 1108 1366 1166 χρόνῳ
1407 1111 1454 1150 δὲ
1491 1105 1692 1163 πρότερον

252 1182 390 1236 πολλῷ
424 1180 608 1235 ἀκριβῶς
646 1180 727 1221 τῶν
766 1180 990 1232 γινομένων
1021 1175 1097 1225 τὰς
1126 1178 1261 1223 αἰτίας
1293 1175 1555 1226 ἐξετάζοντα,
1588 1173 1742 1215 τοῦ-15

251 1261 321 1287 τον
370 1246 448 1297 μὲν
493 1245 647 1292 ἀδίκως
693 1240 997 1295 πολεμούμενον
1039 1241 1274 1296 εὑρίσκειν,
1322 1241 1501 1287 ἐκείνους
1546 1240 1594 1280 δὲ
1638 1235 1691 1280 τὰ

251 1309 409 1363 ἔσχατα
448 1310 693 1357 ἀδικοῦντας
721 1309 796 1349 οὐκ
825 1307 955 1349 αὐτὸν
991 1304 1145 1359 μόνον,
1193 1303 1298 1346 ἀλλὰ
1342 1306 1415 1345 καί
1449 1304 1694 1357 σύμπαντας

245 1374 481 1428 Ῥωμαίους
509 1370 643 1423 οὕτως
670 1373 1146 1428 ἐξανδραποδιζομένους
1177 1373 1250 1411 καί
1276 1371 1586 1421 ἀπολλυμένους
1617 1363 1695 1422 ἄρ-

252 1442 327 1494 δην
357 1438 428 1480 διὰ
459 1437 535 1493 τήν
562 1437 727 1480 ἐκείνων
755 1440 986 1492 φιλαρχίαν
1016 1438 1088 1476 καί
1126 1432 1442 1488 ἀγνωμοσύνην.
1498 1430 1596 1474 ὅθεν
1623 1432 1698 1474 καί

252 1505 496 1559 ἀγανακτεῖν
525 1503 601 1543 οὐκ
629 1503 810 1550 ἀνεκτῶς
841 1500 945 1557 πρὸς
973 1502 1057 1542 τῶν
1085 1502 1373 1555 πραττομένων
1400 1498 1473 1553 την
1502 1495 1746 1544 ἀτοπίανρο

127 1578 238 1623 2624
252 1572 466 1620 ἐλπίζοντα
498 1569 544 1610 δέ
574 1584 666 1609 τινα
692 1568 851 1620 ταχέως
872 1567 992 1608 λύσιν
1004 1568 1089 1608 ,ταῖν
1107 1567 1244 1607 κακῶν
1261 1566 1507 1619 γενήσεσθαι
1518 1598 1531 1617 ,
1550 1565 1694 1619 φέρειν

253 1634 326 1691 την
361 1636 453 1687 μετ’
480 1634 645 1675 ἐκείνων
680 1633 915 1686 διατριβήν.
979 1633 1074 1673 νυνί
1116 1632 1163 1672 δὲ
1209 1632 1373 1672 ἐκείνων
1413 1633 1490 1683 μὲν
1527 1629 1693 1685 ὁρῶντα

254 1699 330 1754 τὴν
365 1696 594 1751 ἀπόνοιαν,
633 1697 705 1739 καί
730 1697 788 1746 ὠς
814 1697 913 1738 οὐδὲ
945 1698 1027 1738 τῶν
1056 1698 1193 1737 κακῶν
1221 1691 1300 1751 ἤδη
1328 1693 1610 1750 περιστάντων
1639 1692 1692 1736 τὰ

254 1767 398 1807 δέοντα
429 1765 533 1818 περί
553 1779 598 1805 τε
624 1765 745 1819 σφῶν
776 1763 915 1804 αὐτῶν
941 1763 1014 1804 καί
1039 1763 1122 1804 τῶν
1149 1757 1288 1804 ἄλλων
1308 1759 1492 1816 ἔγνωσαν
1517 1755 1693 1814 βουλεύ-

346 1881 396 1905 21.
421 1869 583 1909 ἐλπίζων
603 1870 638 1904 Ρ.

255 1965 375 1998 gressu
411 1955 622 1988 vacillantes
656 1965 735 1987 cum
763 1955 1012 1995 intuerentur,
1041 1953 1220 1987 redeunte
1245 1952 1377 1986 virtute
1401 1951 1440 1985 in
1465 1949 1692 1996 praecordia,

255 2003 360 2034 armis
397 2013 457 2034 eos
494 2001 613 2033 adorti
651 2001 824 2034 facillime
856 2001 1029 2034 vincunt:
1066 2001 1199 2033 multos
1232 2009 1315 2031 orco
1340 1997 1559 2032 demittunt:
1586 2008 1695 2042 quos-

256 2048 336 2081 dam
363 2047 453 2080 urbe
476 2048 639 2091 pellunt:
664 2049 824 2092 reliquos
850 2048 887 2080 in
912 2057 1088 2080 carcerem
1110 2046 1267 2081 collariis
1288 2044 1430 2077 iniectis
1453 2043 1693 2077 contradunt:

255 2106 468 2138 rursumque
494 2096 607 2126 Brano
652 2098 689 2129 et
712 2094 892 2137 Augustae
931 2094 1102 2126 studiosis
1127 2093 1250 2127 urbem
1278 2091 1544 2124 obtinentibus.
1592 2089 1693 2133 Apo—

256 2139 411 2173 cauchus
444 2141 646 2184 praefectus
689 2141 834 2173 Buceilo
859 2139 1056 2173 reducitur.
1116 2139 1213 2172 Haec
1237 2143 1275 2170 ut
1302 2138 1444 2181 accepit
1483 2138 1694 2181 imperator,

255 2197 328 2219 non
351 2187 465 2219 solum
490 2191 638 2231 propter
662 2185 929 2218 frustrationem
958 2187 1137 2224 civitatis,
1164 2184 1227 2218 sed
1252 2185 1362 2216 etiam
1387 2187 1536 2227 propter
1559 2182 1693 2215 amicos

254 2234 489 2276 ipsorummet
524 2233 679 2265 stultitia
709 2232 870 2276 perditos
907 2241 1131 2275 summopere
1154 2230 1283 2264 doluit.
1330 2229 1385 2262 Ad
1410 2240 1519 2275 quem
1542 2228 1694 2263 Manuel

255 2278 487 2323 Apocauchus
513 2279 623 2319 misit,
648 2280 711 2325 qui
737 2279 770 2311 ei
796 2280 870 2311 suis
898 2278 1017 2311 verbis
1045 2279 1192 2316 diceret,
1217 2286 1255 2322 ῳ
1281 2286 1425 2321 quoque
1453 2281 1529 2308 tum
1555 2279 1694 2318 patrem

255 2325 389 2368 ipsum,
424 2330 497 2357 tum
534 2326 621 2358 alios
656 2326 808 2357 multum
846 2331 883 2358 et
921 2325 1072 2368 graviter
1109 2324 1212 2356 illum
1236 2326 1443 2355 accusantes
1481 2321 1691 2356 audientem

255 2370 450 2403 credidisse
477 2383 517 2404 ac
541 2382 624 2404 vera
648 2371 730 2404 illos
756 2372 859 2415 loqui
883 2372 1077 2415 putavisse.
1126 2370 1294 2403 Ceterum
1323 2367 1538 2412 iampridem
1575 2367 1691 2404 cauais

255 2426 373 2449 rerum
399 2422 563 2450 accurate
588 2417 757 2451 discussis
773 2441 782 2457 ,
815 2417 995 2450 invenisse
1024 2418 1142 2461 ipsum
1166 2416 1267 2448 nulla
1295 2425 1358 2447 sua
1384 2415 1488 2458 culpa
1513 2413 1611 2449 bello
1636 2414 1691 2446 la-

257 2463 370 2500 cessi,
407 2464 489 2495 illos
540 2469 660 2496 autem
697 2464 803 2507 longe
841 2463 1089 2508 iniquissimos
1131 2462 1177 2496 ob
1218 2472 1374 2494 amorem
1412 2458 1623 2494 dominandi
1656 2463 1693 2494 et

256 2509 525 2552 improbitatem
561 2520 662 2543 suam
697 2521 771 2542 non
806 2510 923 2553 ipsum
959 2509 1086 2549 modo,
1111 2508 1175 2541 sed
1199 2509 1375 2541 Romanos
1401 2517 1526 2540 omnes
1553 2507 1592 2539 in
1615 2516 1693 2538 oer-

255 2555 408 2588 vitutem
431 2561 467 2587 et
491 2562 688 2589 extremum
723 2557 875 2589 exitium
910 2556 1031 2589 conari
1054 2556 1306 2600 praecipitare.
1354 2554 1407 2587 Ex
1430 2563 1504 2598 quo
1528 2556 1602 2584 tam
1626 2561 1693 2584 ner

256 2600 349 2632 fario
388 2610 508 2633 corum
534 2608 665 2635 conatu
701 2602 770 2634 sibi
806 2602 1026 2635 stomachum
1060 2602 1194 2635 moveri
1220 2599 1546 2634 vehementissime.
1595 2597 1692 2642 Quia

256 2658 340 2679 vero
365 2646 594 2687 confidisset,
620 2650 692 2681 cito
716 2648 818 2681 malis
845 2649 951 2681 finem
977 2648 1160 2687 fututum,
1201 2647 1239 2680 in
1266 2658 1388 2680 eorum
1413 2644 1584 2678 sodalitio
1608 2655 1693 2688 per,-

256 2702 447 2728 sevcrasse.
495 2692 597 2725 Nunc
622 2695 707 2739 quia
733 2705 855 2727 corum
881 2694 1081 2728 vecordiam
1108 2694 1321 2738 perspiciat,
1381 2693 1418 2725 ui
1442 2701 1562 2736 neque
1588 2689 1692 2723 malis

255 2739 327 2773 iam
352 2748 460 2784 supra
482 2743 589 2784 caput
615 2740 843 2775 adstantibus
878 2740 950 2775 sibi
987 2741 1142 2786 aliisque
1182 2739 1356 2775 eonsulcn
1385 2749 1443 2772 um
1479 2738 1693 2778 statuerint,
