<?xml version="1.0" encoding="UTF-8"?>
<!DOCTYPE html PUBLIC "-//W3C//DTD XHTML 1.0 Transitional//EN"
    "http://www.w3.org/TR/xhtml1/DTD/xhtml1-transitional.dtd">
<html xmlns="http://www.w3.org/1999/xhtml" xml:lang="en" lang="en">
 <head>
  <title>
</title>
<meta http-equiv="Content-Type" content="text/html;charset=utf-8" />
  <meta name='ocr-system' content='tesseract 3.04.00' />
  <meta name='ocr-capabilities' content='ocr_page ocr_carea ocr_par ocr_line ocrx_word'/>
</head>
<body>
  <div class='ocr_page' id='page_1' title='image "./corpusscriptorum24niebuoft_0104.png"; bbox 0 0 1812 3132; ppageno 0'>
   <div class='ocr_carea' id='block_1_1' title="bbox 256 165 1153 219">
    <p class='ocr_par' dir='ltr' id='par_1_1' title="bbox 256 165 1153 219">
     <span class='ocr_line' id='line_1_1' title="bbox 256 165 1153 219; baseline -0.002 -8"><span class='ocrx_word' id='word_1_1' title='bbox 256 165 328 219; x_wconf 83' lang='lat'><em>92</em></span> <span class='ocrx_word' id='word_1_2' title='bbox 781 166 1153 211; x_wconf 82' lang='lat' dir='ltr'><strong>CANTACUZENI</strong></span> 
     </span>
    </p>
   </div>
   <div class='ocr_carea' id='block_1_2' title="bbox 61 263 1774 1826">
    <p class='ocr_par' dir='ltr' id='par_1_2' title="bbox 61 263 1767 1826">
     <span class='ocr_line' id='line_1_2' title="bbox 61 263 1718 326; baseline 0.006 -25"><span class='ocrx_word' id='word_1_3' title='bbox 61 265 360 317; x_wconf 28' lang='lat' dir='ltr'><em>A.C.71341Mw;</em></span> <span class='ocrx_word' id='word_1_4' title='bbox 387 265 443 314; x_wconf 78' lang='grc' dir='ltr'><em>ὥς</em></span> <span class='ocrx_word' id='word_1_5' title='bbox 470 263 533 321; x_wconf 80' lang='grc' dir='ltr'><em>εἴη</em></span> <span class='ocrx_word' id='word_1_6' title='bbox 558 265 721 323; x_wconf 81' lang='grc' dir='ltr'><em>χαλεπή</em></span> <span class='ocrx_word' id='word_1_7' title='bbox 746 284 760 297; x_wconf 88' lang='lat'><strong>·</strong></span> <span class='ocrx_word' id='word_1_8' title='bbox 832 266 963 312; x_wconf 78' lang='grc' dir='ltr'><em>ἐδεῖτό</em></span> <span class='ocrx_word' id='word_1_9' title='bbox 1011 286 1054 312; x_wconf 84' lang='grc' dir='ltr'><em>τε</em></span> <span class='ocrx_word' id='word_1_10' title='bbox 1081 271 1186 312; x_wconf 82' lang='grc' dir='ltr'><em>θεοῦ</em></span> <span class='ocrx_word' id='word_1_11' title='bbox 1211 268 1272 324; x_wconf 71' lang='grc' dir='ltr'><em>μὴ</em></span> <span class='ocrx_word' id='word_1_12' title='bbox 1302 270 1504 326; x_wconf 73' lang='grc' dir='ltr'><em>περιιδεῖν</em></span> <span class='ocrx_word' id='word_1_13' title='bbox 1541 267 1718 321; x_wconf 67' lang='grc' dir='ltr'><em>αὐτοὺς.</em></span> 
     </span>
     <span class='ocr_line' id='line_1_3' title="bbox 258 328 1720 390; baseline 0.005 -18"><span class='ocrx_word' id='word_1_14' title='bbox 258 328 448 372; x_wconf 82' lang='grc' dir='ltr'><em>τοιούτου</em></span> <span class='ocrx_word' id='word_1_15' title='bbox 486 333 691 385; x_wconf 86' lang='grc' dir='ltr'><em>βασιλέως</em></span> <span class='ocrx_word' id='word_1_16' title='bbox 728 333 1098 390; x_wconf 73' lang='grc' dir='ltr'><em>ἀποστερηθέντας.</em></span> <span class='ocrx_word' id='word_1_17' title='bbox 1161 336 1202 378; x_wconf 82' lang='grc' dir='ltr'><em>εἰ</em></span> <span class='ocrx_word' id='word_1_18' title='bbox 1240 337 1276 376; x_wconf 83' lang='grc' dir='ltr'><em>δ’</em></span> <span class='ocrx_word' id='word_1_19' title='bbox 1308 330 1392 390; x_wconf 72' lang='grc' dir='ltr'><em>ἄρα</em></span> <span class='ocrx_word' id='word_1_20' title='bbox 1428 353 1470 377; x_wconf 86' lang='grc' dir='ltr'><em>τι</em></span> <span class='ocrx_word' id='word_1_21' title='bbox 1507 333 1720 389; x_wconf 75' lang='grc' dir='ltr'><em>συμβαίη,</em></span> 
     </span>
     <span class='ocr_line' id='line_1_4' title="bbox 127 395 1695 456; baseline 0.001 -18"><span class='ocrx_word' id='word_1_22' title='bbox 127 399 345 447; x_wconf 77' lang='lat' dir='ltr'><strong>V-319tc5v</strong></span> <span class='ocrx_word' id='word_1_23' title='bbox 373 398 757 452; x_wconf 88' lang='grc' dir='ltr'><em>προσδοκωμένων,</em></span> <span class='ocrx_word' id='word_1_24' title='bbox 803 395 910 442; x_wconf 72' lang='grc' dir='ltr'><em>οὕτω</em></span> <span class='ocrx_word' id='word_1_25' title='bbox 949 402 1027 441; x_wconf 83' lang='grc' dir='ltr'><em>τοῦ</em></span> <span class='ocrx_word' id='word_1_26' title='bbox 1066 397 1201 442; x_wconf 79' lang='grc' dir='ltr'><em>πάντα</em></span> <span class='ocrx_word' id='word_1_27' title='bbox 1231 401 1403 450; x_wconf 75' lang='grc' dir='ltr'><strong><em>δικαίως</em></strong></span> <span class='ocrx_word' id='word_1_28' title='bbox 1430 399 1502 442; x_wconf 79' lang='grc' dir='ltr'>καί</span> <span class='ocrx_word' id='word_1_29' title='bbox 1531 415 1695 456; x_wconf 81' lang='grc' dir='ltr'><em>συμφε-</em></span> 
     </span>
     <span class='ocr_line' id='line_1_5' title="bbox 254 459 1695 520; baseline 0.003 -18"><span class='ocrx_word' id='word_1_30' title='bbox 254 459 412 516; x_wconf 87' lang='grc' dir='ltr'><em>ρόντως</em></span> <span class='ocrx_word' id='word_1_31' title='bbox 438 462 758 513; x_wconf 83' lang='grc' dir='ltr'><em>ταλαντεύοντος</em></span> <span class='ocrx_word' id='word_1_32' title='bbox 785 465 1120 519; x_wconf 80' lang='grc' dir='ltr'><em>οἶκονομοῦντος,</em></span> <span class='ocrx_word' id='word_1_33' title='bbox 1148 467 1280 520; x_wconf 75' lang='grc' dir='ltr'><em>μηδὲν</em></span> <span class='ocrx_word' id='word_1_34' title='bbox 1298 464 1427 520; x_wconf 71' lang='grc' dir='ltr'><em>αὐτὴν</em></span> <span class='ocrx_word' id='word_1_35' title='bbox 1447 462 1695 507; x_wconf 81' lang='grc' dir='ltr'><em>ὑποπτεύειν</em></span> 
     </span>
     <span class='ocr_line' id='line_1_6' title="bbox 255 523 1744 586; baseline 0.004 -20"><span class='ocrx_word' id='word_1_36' title='bbox 255 526 382 581; x_wconf 72' lang='grc' dir='ltr'><em>ἀηδὲς</em></span> <span class='ocrx_word' id='word_1_37' title='bbox 423 527 469 568; x_wconf 77' lang='grc' dir='ltr'><em>ἐκ</em></span> <span class='ocrx_word' id='word_1_38' title='bbox 508 528 593 568; x_wconf 75' lang='grc' dir='ltr'><em>τῶν</em></span> <span class='ocrx_word' id='word_1_39' title='bbox 627 526 883 583; x_wconf 78' lang='grc' dir='ltr'><em>πραγμάτων</em></span> <span class='ocrx_word' id='word_1_40' title='bbox 923 533 995 584; x_wconf 72' lang='grc' dir='ltr'><em>τῆς</em></span> <span class='ocrx_word' id='word_1_41' title='bbox 1028 532 1288 586; x_wconf 80' lang='grc' dir='ltr'><em>μεταβολῆς,</em></span> <span class='ocrx_word' id='word_1_42' title='bbox 1333 531 1390 580; x_wconf 79' lang='grc' dir='ltr'><em>ὦς</em></span> <span class='ocrx_word' id='word_1_43' title='bbox 1419 530 1545 572; x_wconf 74' lang='grc' dir='ltr'><em>ου’δὲν</em></span> <span class='ocrx_word' id='word_1_44' title='bbox 1573 523 1744 584; x_wconf 69' lang='grc' dir='ltr'><em>ἧττονόΙ</em></span> 
     </span>
     <span class='ocr_line' id='line_1_7' title="bbox 253 591 1719 651; baseline 0.003 -20"><span class='ocrx_word' id='word_1_45' title='bbox 253 591 451 641; x_wconf 69' lang='grc' dir='ltr'><em>εὐνοϊκῶς</em></span> <span class='ocrx_word' id='word_1_46' title='bbox 479 592 612 634; x_wconf 70' lang='grc' dir='ltr'><em>αὐτοῦ’</em></span> <span class='ocrx_word' id='word_1_47' title='bbox 638 595 899 648; x_wconf 77' lang='grc' dir='ltr'><em>διακειμένου</em></span> <span class='ocrx_word' id='word_1_48' title='bbox 928 595 1033 650; x_wconf 86' lang='grc' dir='ltr'><em>πρὸς</em></span> <span class='ocrx_word' id='word_1_49' title='bbox 1067 594 1221 651; x_wconf 72' lang='grc' dir='ltr'><em>αὐτην,</em></span> <span class='ocrx_word' id='word_1_50' title='bbox 1250 592 1278 650; x_wconf 83' lang='grc' dir='ltr'><em>ἢ</em></span> <span class='ocrx_word' id='word_1_51' title='bbox 1307 597 1346 638; x_wconf 87' lang='grc' dir='ltr'><em>εἰ</em></span> <span class='ocrx_word' id='word_1_52' title='bbox 1371 595 1444 638; x_wconf 86' lang='grc' dir='ltr'><em>καί</em></span> <span class='ocrx_word' id='word_1_53' title='bbox 1469 593 1596 644; x_wconf 78' lang='grc' dir='ltr'><em>αὐτὸς</em></span> <span class='ocrx_word' id='word_1_54' title='bbox 1626 609 1719 649; x_wconf 65' lang='grc' dir='ltr'><em>γε-,4</em></span> 
     </span>
     <span class='ocr_line' id='line_1_8' title="bbox 252 655 1698 716; baseline 0.002 -19"><span class='ocrx_word' id='word_1_55' title='bbox 252 655 418 712; x_wconf 87' lang='grc' dir='ltr'><em>γέννητο</em></span> <span class='ocrx_word' id='word_1_56' title='bbox 437 657 481 708; x_wconf 81' lang='grc' dir='ltr'><em>ἐξ</em></span> <span class='ocrx_word' id='word_1_57' title='bbox 501 655 643 712; x_wconf 69' lang='grc' dir='ltr'><em>αὐτῆς.</em></span> <span class='ocrx_word' id='word_1_58' title='bbox 675 656 781 702; x_wconf 75' lang='grc' dir='ltr'><em>οὕτω</em></span> <span class='ocrx_word' id='word_1_59' title='bbox 803 662 849 702; x_wconf 81' lang='grc' dir='ltr'><em>δὲ</em></span> <span class='ocrx_word' id='word_1_60' title='bbox 872 660 1028 715; x_wconf 76' lang='grc' dir='ltr'><em>ἐκείνης</em></span> <span class='ocrx_word' id='word_1_61' title='bbox 1055 659 1157 716; x_wconf 84' lang='grc' dir='ltr'><em>πρὸς</em></span> <span class='ocrx_word' id='word_1_62' title='bbox 1183 659 1314 716; x_wconf 77' lang='grc' dir='ltr'><em>ὄργὴν</em></span> <span class='ocrx_word' id='word_1_63' title='bbox 1340 663 1602 716; x_wconf 86' lang='grc' dir='ltr'><em>κεκινημένης</em></span> <span class='ocrx_word' id='word_1_64' title='bbox 1612 693 1625 713; x_wconf 97' lang='grc'><em>,</em></span> <span class='ocrx_word' id='word_1_65' title='bbox 1654 656 1698 700; x_wconf 80' lang='grc' dir='ltr'><em>οἳ</em></span> 
     </span>
     <span class='ocr_line' id='line_1_9' title="bbox 254 720 1721 781; baseline 0.003 -19"><span class='ocrx_word' id='word_1_66' title='bbox 254 720 387 763; x_wconf 76' lang='grc' dir='ltr'><em>πάλαι</em></span> <span class='ocrx_word' id='word_1_67' title='bbox 413 738 457 764; x_wconf 87' lang='grc' dir='ltr'><em>τε</em></span> <span class='ocrx_word' id='word_1_68' title='bbox 485 721 566 764; x_wconf 77' lang='grc' dir='ltr'><em>ὑπὸ</em></span> <span class='ocrx_word' id='word_1_69' title='bbox 596 722 756 780; x_wconf 83' lang='grc' dir='ltr'><em>φθόνου</em></span> <span class='ocrx_word' id='word_1_70' title='bbox 783 723 888 781; x_wconf 86' lang='grc' dir='ltr'><em>πρὸς</em></span> <span class='ocrx_word' id='word_1_71' title='bbox 916 723 990 779; x_wconf 75' lang='grc' dir='ltr'><em>τὴν</em></span> <span class='ocrx_word' id='word_1_72' title='bbox 1019 720 1206 767; x_wconf 68' lang='grc' dir='ltr'><em>εὔκλειαν</em></span> <span class='ocrx_word' id='word_1_73' title='bbox 1235 723 1479 779; x_wconf 79' lang='grc' dir='ltr'><em>δακνόμενοι</em></span> <span class='ocrx_word' id='word_1_74' title='bbox 1516 727 1594 767; x_wconf 77' lang='grc' dir='ltr'><em>τοῦ</em></span> <span class='ocrx_word' id='word_1_75' title='bbox 1619 739 1721 778; x_wconf 34' lang='lat' dir='ltr'><strong>pce--</strong></span> 
     </span>
     <span class='ocr_line' id='line_1_10' title="bbox 254 783 1697 848; baseline 0.003 -20"><span class='ocrx_word' id='word_1_76' title='bbox 254 787 385 842; x_wconf 79' lang='grc' dir='ltr'><em>γάλου</em></span> <span class='ocrx_word' id='word_1_77' title='bbox 415 789 660 842; x_wconf 89' lang='grc' dir='ltr'><em>δομεστίκου</em></span> <span class='ocrx_word' id='word_1_78' title='bbox 706 789 781 832; x_wconf 78' lang='grc' dir='ltr'><em>καὶ</em></span> <span class='ocrx_word' id='word_1_79' title='bbox 815 791 910 831; x_wconf 89' lang='grc' dir='ltr'><em>τότε</em></span> <span class='ocrx_word' id='word_1_80' title='bbox 927 792 1084 843; x_wconf 81' lang='grc' dir='ltr'><em>μᾶλλον</em></span> <span class='ocrx_word' id='word_1_81' title='bbox 1103 790 1208 846; x_wconf 82' lang='grc' dir='ltr'><em>πρὸς</em></span> <span class='ocrx_word' id='word_1_82' title='bbox 1235 790 1281 834; x_wconf 85' lang='grc' dir='ltr'>τὸ</span> <span class='ocrx_word' id='word_1_83' title='bbox 1315 790 1452 841; x_wconf 78' lang='grc' dir='ltr'><em>πάθος</em></span> <span class='ocrx_word' id='word_1_84' title='bbox 1490 783 1697 848; x_wconf 78' lang='grc' dir='ltr'><em>ἐξαφθέν-</em></span> 
     </span>
     <span class='ocr_line' id='line_1_11' title="bbox 255 855 1767 913; baseline 0.004 -19"><span class='ocrx_word' id='word_1_85' title='bbox 255 869 320 902; x_wconf 85' lang='grc' dir='ltr'><em>τες</em></span> <span class='ocrx_word' id='word_1_86' title='bbox 344 884 357 907; x_wconf 82' lang='grc'><em>,</em></span> <span class='ocrx_word' id='word_1_87' title='bbox 396 856 542 911; x_wconf 75' lang='grc' dir='ltr'><em>σαφῶς</em></span> <span class='ocrx_word' id='word_1_88' title='bbox 589 855 743 905; x_wconf 81' lang='grc' dir='ltr'><em>ἰδόντες</em></span> <span class='ocrx_word' id='word_1_89' title='bbox 789 856 929 912; x_wconf 79' lang='grc' dir='ltr'><em>κύριον</em></span> <span class='ocrx_word' id='word_1_90' title='bbox 976 856 1242 913; x_wconf 77' lang='grc' dir='ltr'><em>γεγενημένον</em></span> <span class='ocrx_word' id='word_1_91' title='bbox 1280 859 1364 899; x_wconf 76' lang='grc' dir='ltr'><em>τῶν</em></span> <span class='ocrx_word' id='word_1_92' title='bbox 1408 856 1767 912; x_wconf 65' lang='grc' dir='ltr'><em>τιραγ,ιιοίτιιιν·ιοἶ</em></span> 
     </span>
     <span class='ocr_line' id='line_1_12' title="bbox 130 915 1721 977; baseline 0.004 -20"><span class='ocrx_word' id='word_1_93' title='bbox 130 920 165 954; x_wconf 90' lang='grc' dir='ltr'><em>Ρ.</em></span> <span class='ocrx_word' id='word_1_94' title='bbox 181 919 247 965; x_wconf 67' lang='grc'><em>394</em></span> <span class='ocrx_word' id='word_1_95' title='bbox 263 919 306 960; x_wconf 81' lang='grc' dir='ltr'><em>ἐν</em></span> <span class='ocrx_word' id='word_1_96' title='bbox 340 915 402 969; x_wconf 83' lang='grc' dir='ltr'><em>οἷς</em></span> <span class='ocrx_word' id='word_1_97' title='bbox 446 915 562 962; x_wconf 74' lang='grc' dir='ltr'><em>ἄλλοι</em></span> <span class='ocrx_word' id='word_1_98' title='bbox 604 936 646 961; x_wconf 85' lang='grc' dir='ltr'><em>τε</em></span> <span class='ocrx_word' id='word_1_99' title='bbox 679 920 826 962; x_wconf 78' lang='grc' dir='ltr'><em>πολλοὶ</em></span> <span class='ocrx_word' id='word_1_100' title='bbox 862 923 933 963; x_wconf 83' lang='grc' dir='ltr'>καί</span> <span class='ocrx_word' id='word_1_101' title='bbox 973 918 993 963; x_wconf 85' lang='grc' dir='ltr'><strong>ὅ</strong></span> <span class='ocrx_word' id='word_1_102' title='bbox 1031 920 1402 977; x_wconf 78' lang='grc' dir='ltr'><em>παρακοιμώμενος</em></span> <span class='ocrx_word' id='word_1_103' title='bbox 1438 920 1721 972; x_wconf 74' lang='grc' dir='ltr'><em>Ἀπόκαυκος</em></span> 
     </span>
     <span class='ocr_line' id='line_1_13' title="bbox 258 981 1697 1043; baseline 0.003 -18"><span class='ocrx_word' id='word_1_104' title='bbox 258 985 532 1039; x_wconf 79' lang='grc' dir='ltr'><em>ἐξητασμένος</em></span> <span class='ocrx_word' id='word_1_105' title='bbox 560 981 638 1040; x_wconf 73' lang='grc' dir='ltr'><em>ἦν,</em></span> <span class='ocrx_word' id='word_1_106' title='bbox 655 984 887 1041; x_wconf 80' lang='grc' dir='ltr'><em>Συργιάννη</em></span> <span class='ocrx_word' id='word_1_107' title='bbox 917 984 1021 1041; x_wconf 78' lang='grc' dir='ltr'><em>πρὸς</em></span> <span class='ocrx_word' id='word_1_108' title='bbox 1048 985 1124 1040; x_wconf 64' lang='grc' dir='ltr'><em>τήν</em></span> <span class='ocrx_word' id='word_1_109' title='bbox 1152 989 1304 1042; x_wconf 80' lang='grc' dir='ltr'><em>πρᾶξιν</em></span> <span class='ocrx_word' id='word_1_110' title='bbox 1334 988 1593 1043; x_wconf 79' lang='grc' dir='ltr'><em>ἡγουμένου·</em></span> <span class='ocrx_word' id='word_1_111' title='bbox 1620 985 1697 1043; x_wconf 79' lang='grc' dir='ltr'><em>τὴν</em></span> 
     </span>
     <span class='ocr_line' id='line_1_14' title="bbox 255 1048 1697 1107; baseline 0.003 -17"><span class='ocrx_word' id='word_1_112' title='bbox 255 1051 470 1103; x_wconf 82' lang='grc' dir='ltr'><em>βασιλίδος</em></span> <span class='ocrx_word' id='word_1_113' title='bbox 500 1049 629 1106; x_wconf 75' lang='grc' dir='ltr'><em>ὄργὴν</em></span> <span class='ocrx_word' id='word_1_114' title='bbox 668 1053 908 1104; x_wconf 89' lang='grc' dir='ltr'><em>νομίσαντες</em></span> <span class='ocrx_word' id='word_1_115' title='bbox 949 1048 1001 1094; x_wconf 70' lang='grc' dir='ltr'><em>ἄν</em></span> <span class='ocrx_word' id='word_1_116' title='bbox 1029 1053 1170 1101; x_wconf 74' lang='grc' dir='ltr'><em>αὐτοῖς</em></span> <span class='ocrx_word' id='word_1_117' title='bbox 1195 1051 1245 1094; x_wconf 80' lang='grc' dir='ltr'><em>τοὶ</em></span> <span class='ocrx_word' id='word_1_118' title='bbox 1274 1054 1453 1107; x_wconf 87' lang='grc' dir='ltr'><em>μέγιστα</em></span> <span class='ocrx_word' id='word_1_119' title='bbox 1483 1054 1697 1107; x_wconf 83' lang='grc' dir='ltr'><em>συμβαλέ-</em></span> 
     </span>
     <span class='ocr_line' id='line_1_15' title="bbox 255 1114 1699 1175; baseline 0.003 -19"><span class='ocrx_word' id='word_1_120' title='bbox 255 1118 360 1156; x_wconf 86' lang='grc' dir='ltr'><em>σθαι</em></span> <span class='ocrx_word' id='word_1_121' title='bbox 387 1114 494 1171; x_wconf 81' lang='grc' dir='ltr'><em>πρὸς</em></span> <span class='ocrx_word' id='word_1_122' title='bbox 534 1116 582 1157; x_wconf 89' lang='grc' dir='ltr'>τὸ</span> <span class='ocrx_word' id='word_1_123' title='bbox 611 1118 687 1158; x_wconf 82' lang='grc' dir='ltr'><em>τοῦ</em></span> <span class='ocrx_word' id='word_1_124' title='bbox 722 1114 905 1175; x_wconf 71' lang='grc' dir='ltr'><em>μεγάλου</em></span> <span class='ocrx_word' id='word_1_125' title='bbox 937 1119 1179 1170; x_wconf 81' lang='grc' dir='ltr'><em>δομεστίκου</em></span> <span class='ocrx_word' id='word_1_126' title='bbox 1208 1121 1498 1174; x_wconf 82' lang='grc' dir='ltr'><em>περιγενέσθαι</em></span> <span class='ocrx_word' id='word_1_127' title='bbox 1525 1117 1598 1160; x_wconf 83' lang='grc' dir='ltr'>καί</span> <span class='ocrx_word' id='word_1_128' title='bbox 1622 1133 1699 1160; x_wconf 87' lang='grc' dir='ltr'><em>κα-</em></span> 
     </span>
     <span class='ocr_line' id='line_1_16' title="bbox 254 1179 1766 1239; baseline 0.001 -17"><span class='ocrx_word' id='word_1_129' title='bbox 254 1183 434 1227; x_wconf 82' lang='grc' dir='ltr'><em>ταλῦσαι</em></span> <span class='ocrx_word' id='word_1_130' title='bbox 470 1179 545 1236; x_wconf 75' lang='grc' dir='ltr'><em>τὴν</em></span> <span class='ocrx_word' id='word_1_131' title='bbox 577 1179 743 1237; x_wconf 71' lang='grc' dir='ltr'><em>ἀρχὴν,</em></span> <span class='ocrx_word' id='word_1_132' title='bbox 783 1184 928 1225; x_wconf 70' lang='grc' dir='ltr'><em>πολλοὶ</em></span> <span class='ocrx_word' id='word_1_133' title='bbox 963 1181 1069 1238; x_wconf 77' lang='grc' dir='ltr'><em>πρὸς</em></span> <span class='ocrx_word' id='word_1_134' title='bbox 1095 1184 1293 1236; x_wconf 86' lang='grc' dir='ltr'><em>βασιλίδα</em></span> <span class='ocrx_word' id='word_1_135' title='bbox 1322 1184 1569 1239; x_wconf 74' lang='grc' dir='ltr'><em>ἀφιγμένοι,</em></span> <span class='ocrx_word' id='word_1_136' title='bbox 1607 1180 1766 1229; x_wconf 62' lang='grc' dir='ltr'><em>έπεὶ15</em></span> 
     </span>
     <span class='ocr_line' id='line_1_17' title="bbox 254 1240 1698 1303; baseline 0.002 -16"><span class='ocrx_word' id='word_1_137' title='bbox 254 1243 372 1303; x_wconf 71' lang='grc' dir='ltr'><em>ῥᾴων</em></span> <span class='ocrx_word' id='word_1_138' title='bbox 396 1240 451 1301; x_wconf 25' lang='grc' dir='ltr'><em>Λῆν</em></span> <span class='ocrx_word' id='word_1_139' title='bbox 480 1246 504 1288; x_wconf 78' lang='grc' dir='ltr'><em>ὅ</em></span> <span class='ocrx_word' id='word_1_140' title='bbox 530 1245 732 1300; x_wconf 73' lang='grc' dir='ltr'><em>βασιλευς</em></span> <span class='ocrx_word' id='word_1_141' title='bbox 769 1246 843 1290; x_wconf 82' lang='grc' dir='ltr'><em>καί</em></span> <span class='ocrx_word' id='word_1_142' title='bbox 878 1246 1112 1301; x_wconf 73' lang='grc' dir='ltr'><em>ἀπήλλακτο</em></span> <span class='ocrx_word' id='word_1_143' title='bbox 1149 1251 1220 1303; x_wconf 78' lang='grc' dir='ltr'><em>τῆς</em></span> <span class='ocrx_word' id='word_1_144' title='bbox 1260 1245 1415 1302; x_wconf 82' lang='grc' dir='ltr'><em>νόσου,</em></span> <span class='ocrx_word' id='word_1_145' title='bbox 1457 1249 1698 1303; x_wconf 84' lang='grc' dir='ltr'><em>α’γανακτεῖν</em></span> 
     </span>
     <span class='ocr_line' id='line_1_18' title="bbox 253 1308 1698 1369; baseline 0.002 -17"><span class='ocrx_word' id='word_1_146' title='bbox 253 1310 361 1366; x_wconf 74' lang='grc' dir='ltr'><em>ὑπὲρ</em></span> <span class='ocrx_word' id='word_1_147' title='bbox 393 1308 526 1366; x_wconf 79' lang='grc' dir='ltr'><em>αὕτῆς</em></span> <span class='ocrx_word' id='word_1_148' title='bbox 552 1314 872 1367; x_wconf 78' lang='grc' dir='ltr'><em>προσεποιοῦντο</em></span> <span class='ocrx_word' id='word_1_149' title='bbox 910 1312 985 1354; x_wconf 82' lang='grc' dir='ltr'><em>καί</em></span> <span class='ocrx_word' id='word_1_150' title='bbox 1027 1311 1182 1367; x_wconf 75' lang='grc' dir='ltr'><em>πολλὴν</em></span> <span class='ocrx_word' id='word_1_151' title='bbox 1202 1313 1497 1369; x_wconf 76' lang='grc' dir='ltr'><em>ἀγνωμοσύνην</em></span> <span class='ocrx_word' id='word_1_152' title='bbox 1522 1316 1597 1356; x_wconf 78' lang='grc' dir='ltr'><em>τοῦ</em></span> <span class='ocrx_word' id='word_1_153' title='bbox 1622 1329 1698 1367; x_wconf 68' lang='grc' dir='ltr'><em>με-</em></span> 
     </span>
     <span class='ocr_line' id='line_1_19' title="bbox 251 1373 1695 1432; baseline 0 -13"><span class='ocrx_word' id='word_1_154' title='bbox 251 1373 381 1431; x_wconf 78' lang='grc' dir='ltr'><em>γάλου</em></span> <span class='ocrx_word' id='word_1_155' title='bbox 416 1378 663 1430; x_wconf 89' lang='grc' dir='ltr'><em>δομεστίκου</em></span> <span class='ocrx_word' id='word_1_156' title='bbox 691 1380 1012 1432; x_wconf 83' lang='grc' dir='ltr'><em>κατεγίνωσκον,</em></span> <span class='ocrx_word' id='word_1_157' title='bbox 1054 1374 1120 1421; x_wconf 76' lang='grc' dir='ltr'><em>ὅτι</em></span> <span class='ocrx_word' id='word_1_158' title='bbox 1155 1381 1363 1432; x_wconf 87' lang='grc' dir='ltr'><em>βασιλέως</em></span> <span class='ocrx_word' id='word_1_159' title='bbox 1404 1380 1695 1432; x_wconf 70' lang='grc' dir='ltr'><em>τελευτῶντος,</em></span> 
     </span>
     <span class='ocr_line' id='line_1_20' title="bbox 255 1437 1696 1500; baseline 0.002 -18"><span class='ocrx_word' id='word_1_160' title='bbox 255 1437 312 1483; x_wconf 77' lang='grc' dir='ltr'><em>ὅτ’</em></span> <span class='ocrx_word' id='word_1_161' title='bbox 340 1440 492 1496; x_wconf 76' lang='grc' dir='ltr'><em>αιῖτόν,</em></span> <span class='ocrx_word' id='word_1_162' title='bbox 543 1442 583 1486; x_wconf 84' lang='grc' dir='ltr'><em>εἰ</em></span> <span class='ocrx_word' id='word_1_163' title='bbox 617 1443 767 1498; x_wconf 87' lang='grc' dir='ltr'><em>μέτρια</em></span> <span class='ocrx_word' id='word_1_164' title='bbox 808 1444 1030 1495; x_wconf 86' lang='grc' dir='ltr'><em>διενοεῖτο,</em></span> <span class='ocrx_word' id='word_1_165' title='bbox 1068 1449 1157 1493; x_wconf 75' lang='grc' dir='ltr'><em>’ταῖς</em></span> <span class='ocrx_word' id='word_1_166' title='bbox 1183 1445 1395 1497; x_wconf 84' lang='grc' dir='ltr'><em>βασιλίσιν</em></span> <span class='ocrx_word' id='word_1_167' title='bbox 1435 1445 1696 1500; x_wconf 82' lang='grc' dir='ltr'><em>αμφοτέραις</em></span> 
     </span>
     <span class='ocr_line' id='line_1_21' title="bbox 253 1505 1774 1565; baseline 0.002 -17"><span class='ocrx_word' id='word_1_168' title='bbox 253 1506 339 1549; x_wconf 76' lang='grc' dir='ltr'><em>ἔδει</em></span> <span class='ocrx_word' id='word_1_169' title='bbox 366 1505 439 1562; x_wconf 75' lang='grc' dir='ltr'><em>τήν</em></span> <span class='ocrx_word' id='word_1_170' title='bbox 468 1506 603 1563; x_wconf 77' lang='grc' dir='ltr'><em>α’ργην</em></span> <span class='ocrx_word' id='word_1_171' title='bbox 630 1507 932 1559; x_wconf 78' lang='grc' dir='ltr'><em>συνδιασώζειν</em></span> <span class='ocrx_word' id='word_1_172' title='bbox 979 1525 1049 1550; x_wconf 88' lang='grc' dir='ltr'><em>και</em></span> <span class='ocrx_word' id='word_1_173' title='bbox 1102 1509 1288 1561; x_wconf 79' lang='grc' dir='ltr'><em>μάλιστα</em></span> <span class='ocrx_word' id='word_1_174' title='bbox 1319 1510 1475 1565; x_wconf 80' lang='grc' dir='ltr'><em>εκείνῃ,</em></span> <span class='ocrx_word' id='word_1_175' title='bbox 1522 1505 1585 1551; x_wconf 84' lang='grc' dir='ltr'><em>ότι</em></span> <span class='ocrx_word' id='word_1_176' title='bbox 1617 1509 1774 1562; x_wconf 55' lang='lat' dir='ltr'><strong>&amp;pt-20</strong></span> 
     </span>
     <span class='ocr_line' id='line_1_22' title="bbox 254 1571 1695 1630; baseline 0.003 -18"><span class='ocrx_word' id='word_1_177' title='bbox 254 1572 492 1627; x_wconf 83' lang='grc' dir='ltr'><em>φοτέρωθεν</em></span> <span class='ocrx_word' id='word_1_178' title='bbox 526 1571 571 1618; x_wconf 76' lang='grc' dir='ltr'><em>ἔκ</em></span> <span class='ocrx_word' id='word_1_179' title='bbox 610 1588 656 1614; x_wconf 89' lang='grc' dir='ltr'><em>τε</em></span> <span class='ocrx_word' id='word_1_180' title='bbox 695 1572 846 1622; x_wconf 82' lang='grc' dir='ltr'><em>παιδὸς</em></span> <span class='ocrx_word' id='word_1_181' title='bbox 887 1590 957 1614; x_wconf 91' lang='grc' dir='ltr'><em>και</em></span> <span class='ocrx_word' id='word_1_182' title='bbox 987 1576 1060 1616; x_wconf 81' lang='grc' dir='ltr'><em>τοῦ</em></span> <span class='ocrx_word' id='word_1_183' title='bbox 1089 1576 1280 1615; x_wconf 88' lang='grc' dir='ltr'><em>συνοίκου</em></span> <span class='ocrx_word' id='word_1_184' title='bbox 1311 1576 1518 1628; x_wconf 86' lang='grc' dir='ltr'><em>βασιλέως</em></span> <span class='ocrx_word' id='word_1_185' title='bbox 1544 1573 1570 1630; x_wconf 79' lang='grc' dir='ltr'><em>ἦ</em></span> <span class='ocrx_word' id='word_1_186' title='bbox 1590 1574 1695 1616; x_wconf 89' lang='grc' dir='ltr'><em>Ῥω-</em></span> 
     </span>
     <span class='ocr_line' id='line_1_23' title="bbox 215 1634 1699 1693; baseline 0.003 -15"><span class='ocrx_word' id='word_1_187' title='bbox 215 1641 391 1691; x_wconf 85' lang='grc' dir='ltr'><em>Βμαίων</em></span> <span class='ocrx_word' id='word_1_188' title='bbox 437 1640 616 1693; x_wconf 76' lang='grc' dir='ltr'><em>προσῆκε</em></span> <span class='ocrx_word' id='word_1_189' title='bbox 655 1639 875 1691; x_wconf 82' lang='grc' dir='ltr'><em>βασιλεία,</em></span> <span class='ocrx_word' id='word_1_190' title='bbox 933 1634 999 1680; x_wconf 77' lang='grc' dir='ltr'><em>ὅδ’</em></span> <span class='ocrx_word' id='word_1_191' title='bbox 1027 1638 1165 1693; x_wconf 80' lang='grc' dir='ltr'><em>ὀλίγον</em></span> <span class='ocrx_word' id='word_1_192' title='bbox 1208 1655 1278 1684; x_wconf 77' lang='grc' dir='ltr'><em>και</em></span> <span class='ocrx_word' id='word_1_193' title='bbox 1309 1642 1384 1681; x_wconf 84' lang='grc' dir='ltr'><em>τοῦ</em></span> <span class='ocrx_word' id='word_1_194' title='bbox 1423 1641 1588 1683; x_wconf 80' lang='grc' dir='ltr'><em>δικαίου</em></span> <span class='ocrx_word' id='word_1_195' title='bbox 1625 1656 1699 1682; x_wconf 85' lang='grc' dir='ltr'><em>και</em></span> 
     </span>
     <span class='ocr_line' id='line_1_24' title="bbox 255 1701 1696 1760; baseline 0.001 -16"><span class='ocrx_word' id='word_1_196' title='bbox 255 1705 332 1744; x_wconf 79' lang='grc' dir='ltr'><em>τοῦ</em></span> <span class='ocrx_word' id='word_1_197' title='bbox 357 1701 637 1760; x_wconf 73' lang='grc' dir='ltr'><em>προσήκοντος</em></span> <span class='ocrx_word' id='word_1_198' title='bbox 665 1706 916 1760; x_wconf 84' lang='grc' dir='ltr'><em>φροντίσας,</em></span> <span class='ocrx_word' id='word_1_199' title='bbox 941 1705 1079 1746; x_wconf 79' lang='grc' dir='ltr'><em>πᾶσαν</em></span> <span class='ocrx_word' id='word_1_200' title='bbox 1106 1721 1179 1760; x_wconf 86' lang='grc' dir='ltr'><em>την</em></span> <span class='ocrx_word' id='word_1_201' title='bbox 1207 1703 1344 1760; x_wconf 79' lang='grc' dir='ltr'><em>α’ρχὴν</em></span> <span class='ocrx_word' id='word_1_202' title='bbox 1362 1703 1608 1759; x_wconf 77' lang='grc' dir='ltr'><em>περιήγαγεν</em></span> <span class='ocrx_word' id='word_1_203' title='bbox 1635 1720 1696 1755; x_wconf 88' lang='grc' dir='ltr'><em>εις</em></span> 
     </span>
     <span class='ocr_line' id='line_1_25' title="bbox 256 1764 1720 1826; baseline 0.003 -17"><span class='ocrx_word' id='word_1_204' title='bbox 256 1764 430 1823; x_wconf 86' lang='grc' dir='ltr'><em>εαυτὸν,</em></span> <span class='ocrx_word' id='word_1_205' title='bbox 472 1765 611 1824; x_wconf 75' lang='grc' dir='ltr'><em>ὥσπερ</em></span> <span class='ocrx_word' id='word_1_206' title='bbox 657 1786 697 1812; x_wconf 88' lang='grc' dir='ltr'><em>τι</em></span> <span class='ocrx_word' id='word_1_207' title='bbox 733 1772 1039 1826; x_wconf 83' lang='grc' dir='ltr'><em>παραπέτασμα</em></span> <span class='ocrx_word' id='word_1_208' title='bbox 1067 1772 1140 1826; x_wconf 82' lang='grc' dir='ltr'><em>τῆς</em></span> <span class='ocrx_word' id='word_1_209' title='bbox 1169 1772 1421 1826; x_wconf 83' lang='grc' dir='ltr'><em>κακουργίας</em></span> <span class='ocrx_word' id='word_1_210' title='bbox 1438 1764 1595 1814; x_wconf 71' lang='grc' dir='ltr'><em>’Ἅνναν</em></span> <span class='ocrx_word' id='word_1_211' title='bbox 1619 1771 1720 1825; x_wconf 79' lang='grc' dir='ltr'><em>τὴν,</em></span> 
     </span>
    </p>
   </div>
   <div class='ocr_carea' id='block_1_3' title="bbox 347 1867 1696 1962">
    <p class='ocr_par' dir='ltr' id='par_1_3' title="bbox 347 1867 1696 1962">
     <span class='ocr_line' id='line_1_26' title="bbox 348 1867 1696 1915; baseline 0.001 -13"><span class='ocrx_word' id='word_1_212' title='bbox 348 1869 382 1902; x_wconf 86' lang='grc'><em>6.</em></span> <span class='ocrx_word' id='word_1_213' title='bbox 409 1867 699 1915; x_wconf 82' lang='grc' dir='ltr'><em>διακεισομένου</em></span> <span class='ocrx_word' id='word_1_214' title='bbox 724 1870 759 1904; x_wconf 91' lang='lat' dir='ltr'><em>P.</em></span> <span class='ocrx_word' id='word_1_215' title='bbox 854 1868 1032 1914; x_wconf 83' lang='grc' dir='ltr'><em>γεγένητο</em></span> <span class='ocrx_word' id='word_1_216' title='bbox 1059 1869 1092 1902; x_wconf 79' lang='grc' dir='ltr'><em>Ρ.</em></span> <span class='ocrx_word' id='word_1_217' title='bbox 1201 1870 1233 1904; x_wconf 88' lang='grc'><em>8.</em></span> <span class='ocrx_word' id='word_1_218' title='bbox 1257 1870 1326 1903; x_wconf 66' lang='grc' dir='ltr'><em>τοῦ</em></span> <span class='ocrx_word' id='word_1_219' title='bbox 1347 1869 1418 1911; x_wconf 87' lang='grc' dir='ltr'><em>Μ.,</em></span> <span class='ocrx_word' id='word_1_220' title='bbox 1440 1867 1508 1911; x_wconf 73' lang='grc' dir='ltr'><em>τὴν</em></span> <span class='ocrx_word' id='word_1_221' title='bbox 1531 1870 1566 1903; x_wconf 89' lang='grc' dir='ltr'><em>Ρ.</em></span> <span class='ocrx_word' id='word_1_222' title='bbox 1643 1880 1696 1904; x_wconf 82' lang='grc' dir='ltr'><em>ια.</em></span> 
     </span>
     <span class='ocr_line' id='line_1_27' title="bbox 347 1915 1080 1962; baseline -0.003 -12"><span class='ocrx_word' id='word_1_223' title='bbox 347 1916 613 1962; x_wconf 78' lang='grc' dir='ltr'><em>γεγενημένων</em></span> <span class='ocrx_word' id='word_1_224' title='bbox 634 1916 672 1952; x_wconf 88' lang='lat' dir='ltr'>P</span> <span class='ocrx_word' id='word_1_225' title='bbox 772 1915 824 1959; x_wconf 78' lang='grc'><em>14</em></span> <span class='ocrx_word' id='word_1_226' title='bbox 836 1919 906 1950; x_wconf 77' lang='grc' dir='ltr'><em>τοῦ</em></span> <span class='ocrx_word' id='word_1_227' title='bbox 933 1915 1015 1949; x_wconf 84' lang='lat' dir='ltr'><strong>add.</strong></span> <span class='ocrx_word' id='word_1_228' title='bbox 1031 1915 1080 1949; x_wconf 91' lang='grc' dir='ltr'><em>Μ.</em></span> 
     </span>
    </p>
   </div>
   <div class='ocr_carea' id='block_1_4' title="bbox 255 1994 1718 2750">
    <p class='ocr_par' dir='ltr' id='par_1_4' title="bbox 255 1994 1718 2517">
     <span class='ocr_line' id='line_1_28' title="bbox 255 1994 1696 2057; baseline -0.002 -12"><span class='ocrx_word' id='word_1_229' title='bbox 255 2015 422 2057; x_wconf 82' lang='lat' dir='ltr'><strong>peratore</strong></span> <span class='ocrx_word' id='word_1_230' title='bbox 447 1994 565 2048; x_wconf 76' lang='lat' dir='ltr'><strong>orbari</strong></span> <span class='ocrx_word' id='word_1_231' title='bbox 590 2011 734 2046; x_wconf 85' lang='lat' dir='ltr'><strong>sineret.</strong></span> <span class='ocrx_word' id='word_1_232' title='bbox 782 2009 848 2044; x_wconf 89' lang='lat' dir='ltr'><em>Sin</em></span> <span class='ocrx_word' id='word_1_233' title='bbox 872 2009 962 2056; x_wconf 87' lang='lat' dir='ltr'><strong>quid</strong></span> <span class='ocrx_word' id='word_1_234' title='bbox 997 2021 1145 2051; x_wconf 77' lang='lat' dir='ltr'><strong>eorum,</strong></span> <span class='ocrx_word' id='word_1_235' title='bbox 1180 2020 1274 2054; x_wconf 87' lang='lat' dir='ltr'><strong>quae</strong></span> <span class='ocrx_word' id='word_1_236' title='bbox 1309 2012 1575 2052; x_wconf 88' lang='lat' dir='ltr'><strong>metuerentur,</strong></span> <span class='ocrx_word' id='word_1_237' title='bbox 1610 2019 1696 2044; x_wconf 87' lang='lat' dir='ltr'><strong>eve-</strong></span> 
     </span>
     <span class='ocr_line' id='line_1_29' title="bbox 256 2056 1696 2102; baseline 0 -12"><span class='ocrx_word' id='word_1_238' title='bbox 256 2059 373 2098; x_wconf 85' lang='lat' dir='ltr'><strong>niret,</strong></span> <span class='ocrx_word' id='word_1_239' title='bbox 406 2058 457 2094; x_wconf 81' lang='lat' dir='ltr'><em>sic</em></span> <span class='ocrx_word' id='word_1_240' title='bbox 483 2057 718 2097; x_wconf 84' lang='lat' dir='ltr'>moderante,</span> <span class='ocrx_word' id='word_1_241' title='bbox 752 2056 815 2101; x_wconf 86' lang='lat' dir='ltr'><strong>qui</strong></span> <span class='ocrx_word' id='word_1_242' title='bbox 852 2059 974 2093; x_wconf 83' lang='lat' dir='ltr'><strong>omnia</strong></span> <span class='ocrx_word' id='word_1_243' title='bbox 1005 2058 1098 2092; x_wconf 84' lang='lat' dir='ltr'><strong>iuste</strong></span> <span class='ocrx_word' id='word_1_244' title='bbox 1123 2056 1334 2102; x_wconf 85' lang='lat' dir='ltr'>utiliterque</span> <span class='ocrx_word' id='word_1_245' title='bbox 1367 2067 1429 2090; x_wconf 90' lang='lat' dir='ltr'><em>seu</em></span> <span class='ocrx_word' id='word_1_246' title='bbox 1465 2067 1528 2100; x_wconf 85' lang='lat' dir='ltr'><em>per</em></span> <span class='ocrx_word' id='word_1_247' title='bbox 1561 2056 1696 2090; x_wconf 85' lang='lat' dir='ltr'><strong>libram</strong></span> 
     </span>
     <span class='ocr_line' id='line_1_30' title="bbox 258 2101 1698 2149; baseline -0.001 -11"><span class='ocrx_word' id='word_1_248' title='bbox 258 2105 466 2149; x_wconf 78' lang='lat' dir='ltr'><strong>dispensat,</strong></span> <span class='ocrx_word' id='word_1_249' title='bbox 495 2103 590 2137; x_wconf 86' lang='lat' dir='ltr'><strong>nihil</strong></span> <span class='ocrx_word' id='word_1_250' title='bbox 614 2104 692 2146; x_wconf 87' lang='lat' dir='ltr'><strong>ipsa</strong></span> <span class='ocrx_word' id='word_1_251' title='bbox 715 2103 856 2137; x_wconf 77' lang='lat' dir='ltr'><strong>tristius</strong></span> <span class='ocrx_word' id='word_1_252' title='bbox 885 2113 929 2136; x_wconf 80' lang='lat' dir='ltr'><em>ex</em></span> <span class='ocrx_word' id='word_1_253' title='bbox 954 2114 1074 2136; x_wconf 90' lang='lat' dir='ltr'><strong>rerum</strong></span> <span class='ocrx_word' id='word_1_254' title='bbox 1107 2104 1308 2139; x_wconf 77' lang='lat' dir='ltr'><strong>mutatione</strong></span> <span class='ocrx_word' id='word_1_255' title='bbox 1337 2103 1500 2144; x_wconf 83' lang='lat' dir='ltr'><strong>timeret;</strong></span> <span class='ocrx_word' id='word_1_256' title='bbox 1535 2101 1698 2147; x_wconf 83' lang='lat' dir='ltr'><strong>quando-</strong></span> 
     </span>
     <span class='ocr_line' id='line_1_31' title="bbox 256 2147 1697 2195; baseline -0.003 -11"><span class='ocrx_word' id='word_1_257' title='bbox 256 2151 406 2195; x_wconf 86' lang='lat' dir='ltr'><strong>quidem</strong></span> <span class='ocrx_word' id='word_1_258' title='bbox 433 2160 507 2189; x_wconf 84' lang='lat' dir='ltr'><em>non</em></span> <span class='ocrx_word' id='word_1_259' title='bbox 532 2151 650 2185; x_wconf 76' lang='lat' dir='ltr'><strong>minus</strong></span> <span class='ocrx_word' id='word_1_260' title='bbox 677 2159 754 2182; x_wconf 83' lang='lat' dir='ltr'><em>eam</em></span> <span class='ocrx_word' id='word_1_261' title='bbox 783 2159 892 2194; x_wconf 88' lang='lat' dir='ltr'><strong>quam</strong></span> <span class='ocrx_word' id='word_1_262' title='bbox 917 2154 1103 2192; x_wconf 75' lang='lat' dir='ltr'><strong>parentem</strong></span> <span class='ocrx_word' id='word_1_263' title='bbox 1130 2160 1227 2182; x_wconf 85' lang='lat' dir='ltr'><strong>suam</strong></span> <span class='ocrx_word' id='word_1_264' title='bbox 1251 2153 1397 2184; x_wconf 74' lang='lat' dir='ltr'><strong>amaret.</strong></span> <span class='ocrx_word' id='word_1_265' title='bbox 1455 2147 1544 2181; x_wconf 88' lang='lat' dir='ltr'><em>Cum</em></span> <span class='ocrx_word' id='word_1_266' title='bbox 1568 2148 1632 2181; x_wconf 89' lang='lat' dir='ltr'><strong>illa</strong></span> <span class='ocrx_word' id='word_1_267' title='bbox 1656 2149 1697 2184; x_wconf 84' lang='lat' dir='ltr'><em>in</em></span> 
     </span>
     <span class='ocr_line' id='line_1_32' title="bbox 255 2193 1697 2240; baseline -0.001 -10"><span class='ocrx_word' id='word_1_268' title='bbox 255 2197 346 2230; x_wconf 84' lang='lat' dir='ltr'><strong>iram</strong></span> <span class='ocrx_word' id='word_1_269' title='bbox 385 2208 423 2230; x_wconf 88' lang='lat' dir='ltr'><em>se</em></span> <span class='ocrx_word' id='word_1_270' title='bbox 454 2195 673 2235; x_wconf 77' lang='lat' dir='ltr'><strong>effunderet,</strong></span> <span class='ocrx_word' id='word_1_271' title='bbox 703 2194 836 2240; x_wconf 89' lang='lat' dir='ltr'><strong>quibus</strong></span> <span class='ocrx_word' id='word_1_272' title='bbox 870 2194 1014 2240; x_wconf 79' lang='lat' dir='ltr'><strong>pridem</strong></span> <span class='ocrx_word' id='word_1_273' title='bbox 1050 2206 1094 2228; x_wconf 77' lang='lat' dir='ltr'><em>ex</em></span> <span class='ocrx_word' id='word_1_274' title='bbox 1125 2195 1317 2239; x_wconf 80' lang='lat' dir='ltr'><strong>splendore</strong></span> <span class='ocrx_word' id='word_1_275' title='bbox 1350 2195 1470 2239; x_wconf 77' lang='lat' dir='ltr'><strong>magni</strong></span> <span class='ocrx_word' id='word_1_276' title='bbox 1504 2193 1697 2229; x_wconf 77' lang='lat' dir='ltr'><strong>domestici</strong></span> 
     </span>
     <span class='ocr_line' id='line_1_33' title="bbox 260 2240 1696 2286; baseline -0.001 -10"><span class='ocrx_word' id='word_1_277' title='bbox 260 2242 437 2279; x_wconf 83' lang='lat' dir='ltr'><strong>dolebant</strong></span> <span class='ocrx_word' id='word_1_278' title='bbox 459 2242 577 2282; x_wconf 89' lang='lat' dir='ltr'><strong>oculi,</strong></span> <span class='ocrx_word' id='word_1_279' title='bbox 618 2241 700 2286; x_wconf 87' lang='lat' dir='ltr'><strong>(qui</strong></span> <span class='ocrx_word' id='word_1_280' title='bbox 725 2241 925 2286; x_wconf 80' lang='lat' dir='ltr'><strong>complures</strong></span> <span class='ocrx_word' id='word_1_281' title='bbox 961 2247 1081 2283; x_wconf 85' lang='lat' dir='ltr'><strong>erant,</strong></span> <span class='ocrx_word' id='word_1_282' title='bbox 1117 2246 1153 2276; x_wconf 91' lang='lat' dir='ltr'><em>et</em></span> <span class='ocrx_word' id='word_1_283' title='bbox 1183 2243 1222 2274; x_wconf 88' lang='lat' dir='ltr'><em>in</em></span> <span class='ocrx_word' id='word_1_284' title='bbox 1253 2241 1312 2275; x_wconf 77' lang='lat' dir='ltr'><em>his</em></span> <span class='ocrx_word' id='word_1_285' title='bbox 1342 2240 1560 2274; x_wconf 79' lang='lat' dir='ltr'><strong>certissimus</strong></span> <span class='ocrx_word' id='word_1_286' title='bbox 1594 2241 1696 2285; x_wconf 81' lang='lat' dir='ltr'><strong>Apo-</strong></span> 
     </span>
     <span class='ocr_line' id='line_1_34' title="bbox 256 2284 1718 2334; baseline -0.002 -12"><span class='ocrx_word' id='word_1_287' title='bbox 256 2289 409 2324; x_wconf 86' lang='lat' dir='ltr'><strong>cauchus</strong></span> <span class='ocrx_word' id='word_1_288' title='bbox 442 2293 479 2322; x_wconf 90' lang='lat' dir='ltr'><em>et</em></span> <span class='ocrx_word' id='word_1_289' title='bbox 509 2288 762 2332; x_wconf 80' lang='lat' dir='ltr'><strong>antesignanus</strong></span> <span class='ocrx_word' id='word_1_290' title='bbox 799 2292 906 2333; x_wconf 81' lang='lat' dir='ltr'><strong>atque</strong></span> <span class='ocrx_word' id='word_1_291' title='bbox 947 2287 1112 2321; x_wconf 88' lang='lat' dir='ltr'><strong>incentor</strong></span> <span class='ocrx_word' id='word_1_292' title='bbox 1146 2288 1290 2323; x_wconf 84' lang='lat' dir='ltr'><strong>sceleris</strong></span> <span class='ocrx_word' id='word_1_293' title='bbox 1326 2287 1578 2334; x_wconf 73' lang='lat' dir='ltr'><strong>Syrgianne8,)</strong></span> <span class='ocrx_word' id='word_1_294' title='bbox 1608 2284 1718 2321; x_wconf 74' lang='lat' dir='ltr'><em>tuncv</em></span> 
     </span>
     <span class='ocr_line' id='line_1_35' title="bbox 255 2332 1698 2380; baseline -0.002 -11"><span class='ocrx_word' id='word_1_295' title='bbox 255 2332 394 2374; x_wconf 74' lang='lat' dir='ltr'><strong>maiore</strong></span> <span class='ocrx_word' id='word_1_296' title='bbox 420 2335 560 2368; x_wconf 82' lang='lat' dir='ltr'><strong>accensi</strong></span> <span class='ocrx_word' id='word_1_297' title='bbox 587 2334 744 2373; x_wconf 84' lang='lat' dir='ltr'><strong>invidia,</strong></span> <span class='ocrx_word' id='word_1_298' title='bbox 768 2333 867 2380; x_wconf 91' lang='lat' dir='ltr'><strong>quod</strong></span> <span class='ocrx_word' id='word_1_299' title='bbox 891 2335 1081 2378; x_wconf 87' lang='lat' dir='ltr'><strong>perspicue</strong></span> <span class='ocrx_word' id='word_1_300' title='bbox 1109 2333 1274 2370; x_wconf 82' lang='lat' dir='ltr'><strong>viderent</strong></span> <span class='ocrx_word' id='word_1_301' title='bbox 1309 2344 1428 2366; x_wconf 86' lang='lat' dir='ltr'><strong>rerum</strong></span> <span class='ocrx_word' id='word_1_302' title='bbox 1462 2344 1539 2366; x_wconf 87' lang='lat' dir='ltr'><strong>esse</strong></span> <span class='ocrx_word' id='word_1_303' title='bbox 1579 2332 1698 2369; x_wconf 74' lang='lat' dir='ltr'><strong>domi-</strong></span> 
     </span>
     <span class='ocr_line' id='line_1_36' title="bbox 255 2379 1698 2433; baseline -0.001 -19"><span class='ocrx_word' id='word_1_304' title='bbox 255 2393 369 2421; x_wconf 83' lang='lat' dir='ltr'><strong>num,</strong></span> <span class='ocrx_word' id='word_1_305' title='bbox 392 2382 631 2426; x_wconf 71' lang='lat' dir='ltr'><strong>imperatricis</strong></span> <span class='ocrx_word' id='word_1_306' title='bbox 657 2379 783 2416; x_wconf 83' lang='lat' dir='ltr'><strong>Xenae</strong></span> <span class='ocrx_word' id='word_1_307' title='bbox 807 2380 1029 2417; x_wconf 78' lang='lat' dir='ltr'><strong>iracundiam</strong></span> <span class='ocrx_word' id='word_1_308' title='bbox 1053 2379 1099 2412; x_wconf 90' lang='lat' dir='ltr'><strong>ad</strong></span> <span class='ocrx_word' id='word_1_309' title='bbox 1124 2379 1399 2433; x_wconf 81' lang='lat' dir='ltr'><strong>opprimendum</strong></span> <span class='ocrx_word' id='word_1_310' title='bbox 1426 2390 1591 2424; x_wconf 80' lang='lat' dir='ltr'><strong>magnum</strong></span> <span class='ocrx_word' id='word_1_311' title='bbox 1631 2379 1698 2412; x_wconf 88' lang='lat' dir='ltr'><strong>do—</strong></span> 
     </span>
     <span class='ocr_line' id='line_1_37' title="bbox 257 2425 1699 2471; baseline -0.002 -11"><span class='ocrx_word' id='word_1_312' title='bbox 257 2428 447 2466; x_wconf 84' lang='lat' dir='ltr'><strong>mesticum</strong></span> <span class='ocrx_word' id='word_1_313' title='bbox 478 2433 516 2461; x_wconf 90' lang='lat' dir='ltr'><em>et</em></span> <span class='ocrx_word' id='word_1_314' title='bbox 550 2428 627 2461; x_wconf 87' lang='lat' dir='ltr'><strong>eius</strong></span> <span class='ocrx_word' id='word_1_315' title='bbox 650 2427 861 2463; x_wconf 81' lang='lat' dir='ltr'><strong>vicariatum</strong></span> <span class='ocrx_word' id='word_1_316' title='bbox 898 2426 1151 2465; x_wconf 81' lang='lat' dir='ltr'><strong>evertendum,</strong></span> <span class='ocrx_word' id='word_1_317' title='bbox 1184 2426 1340 2471; x_wconf 81' lang='lat' dir='ltr'><strong>plurimo</strong></span> <span class='ocrx_word' id='word_1_318' title='bbox 1376 2425 1447 2459; x_wconf 86' lang='lat' dir='ltr'><strong>sibi</strong></span> <span class='ocrx_word' id='word_1_319' title='bbox 1486 2425 1699 2460; x_wconf 75' lang='lat' dir='ltr'><strong>adiumento</strong></span> 
     </span>
     <span class='ocr_line' id='line_1_38' title="bbox 258 2472 1699 2517; baseline -0.002 -11"><span class='ocrx_word' id='word_1_320' title='bbox 258 2474 418 2507; x_wconf 82' lang='lat' dir='ltr'><strong>futuram</strong></span> <span class='ocrx_word' id='word_1_321' title='bbox 442 2473 685 2513; x_wconf 84' lang='lat' dir='ltr'><strong>confidentes,</strong></span> <span class='ocrx_word' id='word_1_322' title='bbox 725 2483 805 2508; x_wconf 86' lang='lat' dir='ltr'><strong>cum</strong></span> <span class='ocrx_word' id='word_1_323' title='bbox 836 2473 908 2512; x_wconf 79' lang='lat' dir='ltr'><strong>iam</strong></span> <span class='ocrx_word' id='word_1_324' title='bbox 942 2472 1028 2517; x_wconf 79' lang='lat' dir='ltr'><strong>imp,</strong></span> <span class='ocrx_word' id='word_1_325' title='bbox 1066 2472 1192 2506; x_wconf 83' lang='lat' dir='ltr'><strong>morbo</strong></span> <span class='ocrx_word' id='word_1_326' title='bbox 1233 2473 1372 2507; x_wconf 84' lang='lat' dir='ltr'><strong>solutus</strong></span> <span class='ocrx_word' id='word_1_327' title='bbox 1409 2473 1699 2512; x_wconf 83' lang='lat' dir='ltr'><strong>convalesceret,</strong></span> 
     </span>
    </p>

    <p class='ocr_par' dir='ltr' id='par_1_5' title="bbox 258 2518 1698 2750">
     <span class='ocr_line' id='line_1_39' title="bbox 258 2518 1698 2574; baseline -0.001 -22"><span class='ocrx_word' id='word_1_328' title='bbox 258 2519 467 2566; x_wconf 69' lang='lat' dir='ltr'><strong>frequentes</strong></span> <span class='ocrx_word' id='word_1_329' title='bbox 502 2531 580 2554; x_wconf 88' lang='lat' dir='ltr'><em>eam</em></span> <span class='ocrx_word' id='word_1_330' title='bbox 613 2519 855 2574; x_wconf 69' lang='lat' dir='ltr'><strong>conveniunt3</strong></span> <span class='ocrx_word' id='word_1_331' title='bbox 891 2519 969 2554; x_wconf 86' lang='lat' dir='ltr'><strong>eius</strong></span> <span class='ocrx_word' id='word_1_332' title='bbox 1003 2519 1117 2553; x_wconf 84' lang='lat' dir='ltr'><strong>vicem</strong></span> <span class='ocrx_word' id='word_1_333' title='bbox 1148 2529 1186 2551; x_wconf 87' lang='lat' dir='ltr'><em>sc</em></span> <span class='ocrx_word' id='word_1_334' title='bbox 1228 2519 1352 2556; x_wconf 83' lang='lat' dir='ltr'><strong>dolere</strong></span> <span class='ocrx_word' id='word_1_335' title='bbox 1392 2518 1586 2558; x_wconf 75' lang='lat' dir='ltr'><strong>simulant,</strong></span> <span class='ocrx_word' id='word_1_336' title='bbox 1619 2528 1698 2550; x_wconf 84' lang='lat' dir='ltr'><strong>ma·-</strong></span> 
     </span>
     <span class='ocr_line' id='line_1_40' title="bbox 259 2563 1698 2610; baseline -0.001 -12"><span class='ocrx_word' id='word_1_337' title='bbox 259 2577 369 2610; x_wconf 82' lang='lat' dir='ltr'><strong>gnum</strong></span> <span class='ocrx_word' id='word_1_338' title='bbox 388 2566 622 2600; x_wconf 88' lang='lat' dir='ltr'><strong>domesticum</strong></span> <span class='ocrx_word' id='word_1_339' title='bbox 645 2576 710 2610; x_wconf 86' lang='lat' dir='ltr'><strong>pro</strong></span> <span class='ocrx_word' id='word_1_340' title='bbox 735 2565 963 2610; x_wconf 80' lang='lat' dir='ltr'><strong>iniquissimo</strong></span> <span class='ocrx_word' id='word_1_341' title='bbox 987 2570 1164 2604; x_wconf 84' lang='lat' dir='ltr'><strong>accusant,</strong></span> <span class='ocrx_word' id='word_1_342' title='bbox 1218 2564 1291 2598; x_wconf 90' lang='lat' dir='ltr'><strong>uod</strong></span> <span class='ocrx_word' id='word_1_343' title='bbox 1306 2565 1523 2609; x_wconf 85' lang='lat' dir='ltr'><strong>imperatore</strong></span> <span class='ocrx_word' id='word_1_344' title='bbox 1540 2563 1698 2597; x_wconf 76' lang='lat' dir='ltr'><strong>animam</strong></span> 
     </span>
     <span class='ocr_line' id='line_1_41' title="bbox 261 2576 1696 2663; baseline -0.001 -19"><span class='ocrx_word' id='word_1_345' title='bbox 261 2618 412 2657; x_wconf 73' lang='lat' dir='ltr'><strong>agente,</strong></span> <span class='ocrx_word' id='word_1_346' title='bbox 442 2612 588 2658; x_wconf 82' lang='lat' dir='ltr'><strong>quando</strong></span> <span class='ocrx_word' id='word_1_347' title='bbox 619 2613 737 2657; x_wconf 85' lang='lat' dir='ltr'><strong>ipsum</strong></span> <span class='ocrx_word' id='word_1_348' title='bbox 770 2610 941 2647; x_wconf 72' lang='lat' dir='ltr'><strong>ambabus</strong></span> <span class='ocrx_word' id='word_1_349' title='bbox 977 2576 1286 2656; x_wconf 63' lang='lat' dir='ltr'><strong>imperati-icilius,</strong></span> <span class='ocrx_word' id='word_1_350' title='bbox 1325 2612 1356 2644; x_wconf 89' lang='lat' dir='ltr'><em>si</em></span> <span class='ocrx_word' id='word_1_351' title='bbox 1381 2609 1478 2663; x_wconf 92' lang='lat' dir='ltr'><strong>quid</strong></span> <span class='ocrx_word' id='word_1_352' title='bbox 1493 2608 1696 2645; x_wconf 81' lang='lat' dir='ltr'><strong>modestum</strong></span> 
     </span>
     <span class='ocr_line' id='line_1_42' title="bbox 263 2655 1696 2710; baseline -0.002 -19"><span class='ocrx_word' id='word_1_353' title='bbox 263 2664 301 2697; x_wconf 71' lang='lat' dir='ltr'><em>et</em></span> <span class='ocrx_word' id='word_1_354' title='bbox 322 2658 516 2698; x_wconf 82' lang='lat' dir='ltr'><strong>humanum</strong></span> <span class='ocrx_word' id='word_1_355' title='bbox 542 2658 738 2703; x_wconf 72' lang='lat' dir='ltr'><strong>cogitaret,</strong></span> <span class='ocrx_word' id='word_1_356' title='bbox 772 2658 961 2702; x_wconf 78' lang='lat' dir='ltr'><strong>imperium</strong></span> <span class='ocrx_word' id='word_1_357' title='bbox 986 2668 1124 2693; x_wconf 83' lang='lat' dir='ltr'><strong>servare</strong></span> <span class='ocrx_word' id='word_1_358' title='bbox 1149 2657 1363 2702; x_wconf 76' lang='lat' dir='ltr'><strong>oportebat,</strong></span> <span class='ocrx_word' id='word_1_359' title='bbox 1400 2662 1437 2690; x_wconf 89' lang='lat' dir='ltr'><em>et</em></span> <span class='ocrx_word' id='word_1_360' title='bbox 1468 2655 1523 2689; x_wconf 88' lang='lat' dir='ltr'><strong>illi</strong></span> <span class='ocrx_word' id='word_1_361' title='bbox 1549 2657 1696 2710; x_wconf 69' lang='lat' dir='ltr'><strong>potius3</strong></span> 
     </span>
     <span class='ocr_line' id='line_1_43' title="bbox 264 2684 1696 2750; baseline -0.003 -12"><span class='ocrx_word' id='word_1_362' title='bbox 264 2704 322 2738; x_wconf 81' lang='lat' dir='ltr'><em>oui</em></span> <span class='ocrx_word' id='word_1_363' title='bbox 346 2706 528 2750; x_wconf 85' lang='lat' dir='ltr'><strong>utrimque</strong></span> <span class='ocrx_word' id='word_1_364' title='bbox 553 2684 607 2738; x_wconf 59' lang='lat' dir='ltr'><em>eto</em></span> <span class='ocrx_word' id='word_1_365' title='bbox 613 2715 656 2737; x_wconf 80' lang='lat' dir='ltr'><em>ex</em></span> <span class='ocrx_word' id='word_1_366' title='bbox 681 2705 757 2738; x_wconf 85' lang='lat' dir='ltr'><strong>filio</strong></span> <span class='ocrx_word' id='word_1_367' title='bbox 790 2709 827 2738; x_wconf 88' lang='lat' dir='ltr'><em>et</em></span> <span class='ocrx_word' id='word_1_368' title='bbox 850 2714 894 2737; x_wconf 83' lang='lat' dir='ltr'><em>ex</em></span> <span class='ocrx_word' id='word_1_369' title='bbox 928 2705 1054 2738; x_wconf 85' lang='lat' dir='ltr'><strong>marito</strong></span> <span class='ocrx_word' id='word_1_370' title='bbox 1091 2703 1303 2743; x_wconf 87' lang='lat' dir='ltr'><strong>deberetur,</strong></span> <span class='ocrx_word' id='word_1_371' title='bbox 1340 2703 1404 2736; x_wconf 85' lang='lat' dir='ltr'><strong>ille</strong></span> <span class='ocrx_word' id='word_1_372' title='bbox 1437 2713 1560 2747; x_wconf 85' lang='lat' dir='ltr'><strong>parurn</strong></span> <span class='ocrx_word' id='word_1_373' title='bbox 1591 2702 1696 2747; x_wconf 81' lang='lat' dir='ltr'><strong>pensi</strong></span> 
     </span>
    </p>
   </div>
   <div class='ocr_carea' id='block_1_5' title="bbox 264 2748 1697 2801">
    <p class='ocr_par' dir='ltr' id='par_1_6' title="bbox 264 2748 1697 2801">
     <span class='ocr_line' id='line_1_44' title="bbox 264 2748 1697 2801; baseline -0.002 -16"><span class='ocrx_word' id='word_1_374' title='bbox 264 2750 422 2796; x_wconf 68' lang='lat' dir='ltr'><strong>habeus,</strong></span> <span class='ocrx_word' id='word_1_375' title='bbox 460 2751 550 2799; x_wconf 90' lang='lat' dir='ltr'><strong>quid</strong></span> <span class='ocrx_word' id='word_1_376' title='bbox 577 2753 740 2799; x_wconf 63' lang='lat' dir='ltr'><strong>aequitas</strong></span> <span class='ocrx_word' id='word_1_377' title='bbox 765 2751 977 2801; x_wconf 72' lang='lat' dir='ltr'><strong>utilitasque</strong></span> <span class='ocrx_word' id='word_1_378' title='bbox 1005 2750 1455 2797; x_wconf 65' lang='lat' dir='ltr'><strong>flagitarent21mpcrium</strong></span> <span class='ocrx_word' id='word_1_379' title='bbox 1491 2748 1697 2787; x_wconf 76' lang='lat' dir='ltr'><strong>universum</strong></span> 
     </span>
    </p>
   </div>
  </div>
 </body>
</html>
