1800 3138
276 168 391 242 274
806 178 1175 222 CANTACUZENI

80 287 263 332 A.c.1342
275 285 347 327 καί
373 280 523 340 Κράλη
551 284 629 334 μὲν
659 278 787 322 αὐτόν
816 276 1163 331 ἀντιποιουμένου
1191 277 1261 319 διὰ
1292 275 1338 319 τὸ
1369 275 1607 333 ὁμόφυλον,
1635 280 1714 331 βα-

275 353 421 398 σιλέως
437 350 483 390 δὲ
512 346 569 396 ὥς
592 345 652 389 ἔτι
674 345 937 400 Ἀνδρονίκου
967 342 1176 400 περιόντος
1202 345 1275 385 τοῦ
1302 345 1507 396 βασιλέως
1533 343 1713 395 αιῖτομο-

275 414 436 470 λήσειεν
466 413 802 468 ἰσχυριζομένου,
837 413 910 453 καί
942 411 1016 452 νῦν
1044 411 1097 450 ου’
1121 406 1248 462 μόνον
1279 407 1360 449 ὑπὸ
1394 406 1469 463 τὴν
1496 405 1714 460 Ῥωμαίων

273 481 410 535 τελοιή
451 479 700 534 ἡγεμονίαν,
745 475 852 518 ἀλλὰ
889 477 963 517 καί
998 476 1116 523 ἰδίως
1160 475 1273 531 αὐτῷ’
1310 474 1605 528 προσχωρήσοι
1643 475 1717 515 καί

275 549 406 588 ἕλοιτο
436 542 630 598 πράττειν
654 541 706 584 τὰ
736 543 887 596 αὐτοῦ,
918 544 1084 596 προσέτι
1115 538 1254 581 δὲκαὶ
1279 536 1424 593 ὅρκους
1446 537 1740 580 ὗποδεικνόν-5

272 627 357 663 τος,
389 611 445 651 δι’
472 604 533 651 ὧν
564 610 763 650 συνέθετο
804 606 826 648 ὅ
857 609 1022 662 Χρέλης
1051 606 1264 647 δουλεύειν
1294 604 1625 659 Καντακουζηνῷ
1655 603 1714 660 τῷ

272 679 463 729 βασιλεῖ,
509 673 599 715 ἐπεὶ
636 675 777 714 δίκαια
817 671 951 714 ἐδόκει
983 674 1139 726 λέγειν,
1169 672 1364 712 συνέθετο
1393 668 1465 711 καί
1490 666 1511 710 ὃ
1539 667 1715 723 Κράλης

274 740 348 782 καί
388 737 699 795 προσεγράφετο
737 738 811 780 καί
845 736 976 786 αὐτὸς
1006 743 1091 786 τοῖς
1120 732 1270 791 ὅρκοις.
1325 732 1364 776 οἱ
1390 735 1468 788 μὲν
1495 728 1569 776 οὖν
1596 729 1714 787 ὅρκοι

231 811 258 844 Β
280 803 415 854 οὕτως
451 804 692 860 ἐγράφοντο.
760 801 846 844 ἔδει
884 805 930 844 δὲ
958 804 1031 843 καί
1055 801 1127 843 τὸν
1156 801 1476 857 ἀρχιεπίσκοπον
1501 802 1582 842 τῶν
1614 802 1714 854 Τρι-

272 872 413 925 βαλῶν
438 875 663 925 παρεῖναι,
690 868 747 917 ὥς
772 870 1052 923 γενησομένων
1080 869 1146 908 ἐπ’
1174 862 1308 909 αὐτοῦ
1326 868 1409 908 ταῖν
1439 861 1590 919 ὅρκων.
1643 866 1717 906 καί
1722 885 1768 911 ιο

272 936 655 990 μεταπεμψαμένου
684 937 759 975 τοῦ
786 933 952 988 Κράλη,
983 936 1121 989 παρῆν
1146 931 1220 974 καί
1245 930 1368 981 αὐτὸς
1396 929 1470 973 οὔκ
1491 932 1536 972 ἐν
1550 933 1714 988 μακρῷ.

272 1002 365 1042 ἐπεὶ
393 1001 439 1040 δὲ
468 1001 607 1053 παρῆν
630 999 676 1042 ἒν
702 1002 755 1056 τῇ
780 997 887 1056 οἰκία
919 996 1095 1054 Κράλη,
1128 998 1280 1046 ἐκεῖνος
1307 999 1384 1050 μὲν
1413 992 1515 1051 ἄχρι
1542 998 1616 1038 τοῦ
1639 996 1716 1048 μέ-

271 1081 349 1107 σου
378 1064 595 1120 προελθών
621 1067 696 1119 τῆς
725 1064 870 1118 αὐλῆς,
901 1064 1119 1117 ἐπελάβετό
1147 1079 1193 1111 τε
1220 1065 1303 1106 τῶν
1327 1065 1512 1117 χαλινῶν
1539 1063 1616 1104 τοῦ
1644 1061 1714 1103 ἵπ-

270 1146 366 1182 που,
396 1125 430 1185 ᾧ
459 1129 610 1183 ὠχεῖτο
640 1129 663 1170 ὅ
692 1125 1029 1183 ἇρχιεπίσκοπος,
1059 1130 1132 1170 καί
1156 1126 1387 1185 προήγαγεν
1409 1125 1512 1184 ἄχρι
1540 1123 1592 1169 οὗ
1617 1124 1714 1169 εἰώ-

139 1204 261 1249 V,402
274 1199 342 1237 θει
374 1192 638 1247 ἀποβαίνειν,
695 1193 839 1236 ἔπειτα
869 1192 1218 1250 προσαγορεύσας,
1246 1194 1451 1249 εὖλογεῖτο
1477 1195 1578 1248 παρ’
1607 1191 1766 1237 ἐκεί-15

266 1275 356 1302 νου.
411 1260 588 1311 βασιλέα
628 1261 675 1300 δὲ
716 1261 792 1300 οὐκ
831 1257 947 1300 εἴασε
975 1261 1056 1300 τῶν
1081 1257 1313 1313 οἰκημάτων
1340 1261 1575 1311 προελθεῖν,
1605 1256 1711 1299 ἀλλὰ

266 1323 374 1366 κατὰ
405 1322 451 1364 τό
481 1321 699 1376 Ῥωμαίων
726 1324 932 1377 βασιλέων
974 1323 1071 1372 ἔθος
1107 1321 1266 1378 ὖπὴντα
1305 1339 1348 1365 τε
1386 1322 1505 1365 ἔνδον
1541 1325 1614 1365 τοῦ
1649 1324 1711 1364 οἰ·-

267 1387 454 1443 κήματος
482 1391 555 1430 καί
581 1388 928 1443 προσαγορεύσας
961 1389 1170 1442 εὕλογεῖτο
1198 1391 1269 1430 καί
1286 1386 1423 1436 αὐτός.
1477 1388 1713 1441 μελλόντων

267 1456 314 1495 δὲ
354 1448 433 1508 ἤδη
474 1454 532 1502 εἷς
568 1452 644 1508 τὴν
682 1453 906 1508 ὑστεραίαν
946 1450 1116 1506 ὀμνύειν
1159 1452 1257 1501 τοὺς
1285 1450 1456 1507 ὅρκους,
1488 1455 1658 1505 πέμψας
1686 1447 1709 1493 ὅ

273 1520 439 1573 Χρέλης
478 1515 581 1572 πρὸς
610 1516 808 1573 Κράλην,
849 1519 1005 1566 πίστεις
1031 1511 1135 1574 ᾔτει,
1169 1517 1227 1566 ὥς
1256 1516 1381 1566 αὐτός
1406 1534 1449 1560 τε
1476 1517 1765 1560 δουλεύσωναο

271 1579 399 1630 αὖθις
431 1585 503 1623 καί
531 1583 762 1623 Μελενίκον
790 1584 1068 1637 παραδώσων.
1126 1585 1293 1638 Χρέλης
1317 1582 1397 1637 γὰρ
1424 1583 1607 1635 μάλιστα
1631 1585 1709 1635 μὲν

228 1646 470 1702 ῦῆβούλετο
499 1649 680 1700 βασιλέα
707 1645 775 1689 τὸν
803 1646 1151 1703 Καντακουζηνὸν
1178 1646 1485 1702 τῆνῬωμαίων
1504 1647 1616 1702 ἔχειν
1633 1650 1710 1704 029-

351 1775 415 1819 ι13.
429 1783 468 1809 τε
493 1773 573 1808 add.
592 1773 644 1819 Μ,

267 1886 334 1920 pro
363 1874 467 1908 hoste
497 1873 668 1913 duceret,
702 1874 767 1917 qui
792 1873 830 1906 in
856 1884 937 1907 eum
965 1873 1234 1919 expeditionem
1257 1879 1407 1917 pararet.
1455 1874 1571 1908 Multa
1597 1877 1708 1910 etiam

267 1921 376 1955 verba
410 1921 502 1953 sacta
533 1920 578 1953 de
607 1919 738 1953 Chi-ele
771 1919 959 1954 Triballo:
998 1931 1106 1966 quem
1140 1933 1220 1954 eum
1246 1921 1364 1954 Crales
1400 1919 1470 1954 sibi
1507 1921 1708 1958 vindicaret

265 1972 415 2014 propter
439 1967 728 2000 communionem
753 1966 888 2009 gentis,
913 1967 1127 2011 imperator,
1158 1966 1256 2013 quod
1281 1966 1398 1999 adhuc
1420 1968 1562 2000 vivente
1591 1969 1718 2013 impe-A

265 2019 386 2047 rator-e
411 2012 617 2045 Andronico
642 2012 880 2054 transfugisse
907 2012 954 2045 ad
979 2014 1155 2047 Romanos
1180 2012 1389 2051 affirmaret,
1414 2019 1451 2046 et
1474 2014 1512 2047 in
1536 2023 1706 2058 praesens

267 2071 343 2092 non
370 2059 487 2092 solum
512 2057 578 2090 sub
606 2058 758 2103 imperio
783 2059 942 2091 Romano
966 2059 1284 2100 adnumeraretur,
1325 2060 1388 2092 sed
1412 2061 1521 2093 etiam
1547 2061 1617 2095 sibi
1641 2072 1708 2106 pe-

269 2106 440 2138 culiarem
466 2116 503 2137 se
529 2103 744 2146 addixisset3
773 2109 810 2136 et
833 2104 982 2150 insuper
1006 2107 1245 2138 iuramentum
1274 2106 1471 2149 proferret,
1500 2117 1572 2153 quo
1595 2107 1708 2142 Chre*-

266 2152 319 2184 les
349 2151 600 2184 Cantacuzeno
626 2150 731 2183 fidem
758 2149 1077 2197 obedientiamque
1100 2162 1199 2185 suam
1229 2151 1432 2197 obligasset,
1458 2155 1630 2197 quoniam
1649 2154 1707 2187 in-

268 2202 324 2230 sta
359 2196 479 2230 dicere
513 2195 726 2236 videbatur,
762 2195 883 2230 Crales
907 2199 1037 2230 annuit
1059 2202 1096 2230 et
1118 2198 1318 2232 iuramento
1344 2198 1565 2244 subscripsit.
1612 2201 1706 2234 Cum

264 2243 322 2276 his
349 2243 460 2285 igitur
485 2242 757 2275 conditionibus
782 2253 905 2287 regum
929 2248 1150 2278 sacramenta
1174 2246 1375 2289 conscripta
1395 2250 1488 2279 sunt.
1534 2246 1705 2281 Ceterum

266 2295 303 2322 et
327 2288 636 2333 archiepiscopum
660 2288 905 2323 Triballorum
931 2289 1055 2324 adesse
1079 2289 1288 2333 oportebat,
1316 2293 1354 2325 in
1379 2294 1480 2325 cuius
1501 2293 1705 2337 praesentia

265 2335 458 2371 iuraretur,
514 2335 545 2367 Is
578 2346 599 2368 a
624 2334 728 2367 Crale
761 2341 949 2376 evocatus,
987 2346 1070 2368 mox
1103 2337 1228 2369 affuit:
1272 2339 1330 2371 cui
1363 2339 1407 2371 ad
1439 2339 1598 2372 medium
1621 2339 1707 2372 atrii

264 2380 463 2424 procedens
489 2379 632 2413 obviam
657 2380 802 2422 Crales,
840 2382 981 2415 frenum
1019 2382 1115 2426 equi,
1141 2393 1213 2428 quo
1229 2383 1439 2425 vehebatur,
1463 2384 1706 2430 apprehendit

266 2432 303 2459 et
341 2426 385 2459 ad
410 2428 552 2466 locum,
585 2436 656 2471 quo
680 2426 899 2461 descendere
923 2427 1087 2469 solebat,
1123 2429 1303 2472 perduxit,
1351 2430 1467 2475 Quem
1491 2431 1624 2466 deinde
1647 2442 1704 2465 sa-

263 2472 407 2511 lutans,
443 2473 559 2505 fausta
584 2472 630 2503 ab
657 2473 785 2506 eodem
810 2475 1099 2518 comprecatione
1124 2475 1295 2508 lustratus
1321 2483 1385 2510 est.
1434 2477 1702 2511 Cautacuzenus

265 2527 309 2549 ex
338 2518 488 2551 aedibus
514 2519 660 2562 prodire
687 2531 761 2552 non
786 2525 841 2558 est—
862 2520 1075 2564 pmmisws,
1109 2521 1170 2554 sed
1199 2533 1261 2566 pro
1292 2524 1546 2567 imperatorum
1572 2525 1704 2558 Roma-

263 2573 392 2596 norum
420 2564 681 2597 consuetudine
706 2567 800 2598 Intra
825 2565 931 2599 aedes
958 2574 1146 2600 occurrens
1169 2573 1205 2600 et
1223 2569 1391 2611 salutans,
1414 2569 1581 2604 similiter
1595 2570 1701 2604 bonis

263 2609 433 2653 precibus
465 2610 510 2641 ab
536 2621 578 2643 eo
604 2611 769 2654 dignatus
794 2615 859 2646 est.
907 2612 997 2645 Cum
1023 2623 1120 2655 reges
1144 2619 1288 2657 postero
1316 2615 1376 2648 die
1400 2621 1617 2649 sacramenta
1643 2616 1701 2649 di·

265 2655 358 2688 nturi
383 2661 514 2695 essent,
540 2656 688 2689 Chreles
712 2656 757 2689 ad
783 2657 922 2690 Cralem
949 2659 1110 2698 mittens,
1136 2660 1242 2694 fidem
1266 2662 1372 2705 petit,
1396 2667 1438 2695 ut
1460 2663 1505 2695 ad
1529 2664 1607 2696 eius
1632 2674 1700 2697 au-

265 2700 467 2734 ctoritatem
493 2701 676 2734 rediturus
694 2703 984 2747 Melenicumque
1006 2704 1211 2739 traditurus.
1261 2708 1406 2741 Chreles
1422 2709 1532 2748 enim,
1554 2711 1697 2743 tametsi

265 2745 553 2781 cantacuzenum
588 2748 745 2782 Romano
777 2751 887 2793 potiri
915 2751 1067 2796 imperio
1104 2758 1140 2786 et
1167 2754 1199 2786 ci
1223 2753 1370 2789 subesse
1394 2754 1610 2790 mirabiliter
1634 2764 1697 2791 cu‘-
