1800 3132
499 170 875 216 msromAnum
915 173 986 214 ιιι.
1016 173 1082 218 55.
1406 149 1475 205 33
1490 170 1519 210 ι,

79 294 140 329 μα
167 281 250 324 τοῖς
277 274 440 323 οἷκεώις
477 269 504 329 ἦ
536 289 644 323 τινος
671 271 891 327 τυγχάνειν
918 273 1084 326 dynam?
1098 305 1110 323 ‚
1148 272 1189 314 εἶ
1212 270 1316 327 πρὸς
1345 270 1390 312 τὸ
1420 272 1603 323 βέλ-Α.Ο.
1619 272 1706 317 1342

79 358 168 384 τιον
195 342 339 390 αὐτοῖς
364 340 414 383 τὰ
434 339 661 395 πράγματα
678 341 852 394 χωροιή,
879 335 906 392 ἦ
928 339 1233 392 ἀποθνήσκειν,
1265 340 1306 380 εἰ
1326 339 1562 390 ὃεήσειεν.ῐ)

79 405 214 449 ἐδόκει
241 409 319 460 μὲν
345 401 418 448 οὖν
445 403 517 446 καὶ
540 409 711 459 βασιλεῖ’
728 410 815 453 τοῖς
840 402 1006 446 ἐκείνων
1032 406 1257 446 πείθεσθαι
1277 401 1512 456 βουλεύμα-
1525 411 1566 445 V.
1578 410 1647 455 428

81 488 162 524 ow,
194 469 302 514 οὕτω
331 472 429 526 περὶ
448 473 640 512 πλείστου
665 471 922 522 ποιουμένων
952 467 1028 522 τὴν
1057 469 1269 512 ἐπάνοδον.
1325 467 1397 509 καὶ
1420 484 1521 513 συν-Χ

58 536 304 590 5ταξάμενος
338 535 508 593 Κράλῃ,
551 533 807 590 παραλαβών
846 550 892 576 τε
922 533 998 589 τὴν
1025 532 1240 590 στρατιάν,
1268 530 1369 590 ὅσην
1395 530 1520 583 αὐτὸς

81 603 301 657 παρείχετο
329 603 582 643 συνέπεσθαι
600 631 613 654 ,
641 599 802 653 εἴχοντο
830 600 952 644 ὁδοῦ.
1008 597 1183 655 Κράλης
1213 602 1259 642 δὲ
1288 603 1331 641 ὲν
1361 602 1520 653 Φεραῖς

81 663 424 719 ὑπολειπόμενος,
464 664 606 718 ἔτεμνε
646 665 724 721 τήν
750 667 828 719 γῆν
856 664 928 707 καί
952 663 1077 722 ἐδῄου
1105 662 1238 707 πάντα
1265 660 1398 720 ἄρδην
1426 666 1520 706 δια-

83 734 282 787 φθείρων.
347 730 545 785 βασιλεὺς
574 732 620 774 δὲ
639 732 737 784 ,ἐπεὶ
760 734 918 786 γένοιτο
945 730 1111 786 μακρὰν
1142 734 1307 785 Φερῶν,
1337 728 1521 772 συνιδίὁν

82 795 139 845 ὥς
165 797 191 851 ἦ
230 795 407 852 ἑπομένη
437 796 607 852 στρατιὰ
636 800 719 839 τῶν
753 798 970 851 Τριβαλῶν
1011 792 1131 850 ῧχλος
1168 794 1295 850 μόνον
1323 792 1520 850 α’νόνητὸς

33 864 186 915 ιοεῖσι,
223 866 240 918 (
254 863 351 911 τοὺς
397 863 592 917 α’ρίστους
647 862 726 919 γὰρ
778 864 917 905 αὐτῶν
967 859 1267 916 ἀπολεξάμενος
1320 860 1522 917 πρότερον

83 927 105 969 ὅ
149 928 346 984 Κροίλης,
395 927 585 984 φρουρὰν
622 931 815 971 κατέλιπε
852 934 944 978 ταῖς
982 928 1170 982 πόλεσιν,
1213 927 1265 977 ἅς
1306 928 1451 981 Χρέλη
1478 925 1521 967 ἔ-

81 1008 225 1048 χοντος
267 991 371 1046 μετὰ
420 991 495 1049 τὴν
538 995 695 1036 ἐκείνου
754 992 947 1049 τελευτὴν
992 992 1140 1048 ἔλαβεν
1179 992 1353 1050 azizos-0
1385 987 1521 1038 ἄλλως

83 1073 128 1100 τε
162 1057 235 1100 καὶ
267 1062 348 1101 ταῖν
387 1059 726 1115 ὑπολειφθέντων
758 1061 913 1118 χρονίῳ
949 1075 992 1102 τε
1035 1059 1228 1117 στρατείᾳ
1261 1064 1516 1101 τεταλαιπω-
1528 1058 1642 1094 Ρ·533

84 1122 292 1178 ρηκότων,
322 1127 340 1180 <
356 1120 462 1179 ἦσαν
502 1122 583 1179 γάρ
631 1126 756 1167 πλέον
787 1119 816 1179 ἢ
858 1127 961 1167 δυσί
998 1125 1197 1181 πρότερον
1231 1125 1338 1180 μησί
1366 1120 1518 1180 Κράλῃ

31 1185 273 1242 15ὲπόμενοι
313 1192 624 1248 στρατευομένῳ
635 1193 670 1246 ,)
709 1185 843 1241 ἄλλως
882 1206 926 1234 τε
966 1190 1040 1233 καί
1079 1193 1164 1233 δέει
1206 1190 1371 1247 οἷσχέτῳ
1396 1204 1520 1230 κατε-

80 1257 270 1308 χομένων
301 1254 375 1296 καί
413 1253 693 1309 νομιζόντων,
722 1256 798 1298 οὐκ
833 1257 892 1306 εἷς
936 1258 1127 1313 Θρᾴκην,
1171 1257 1263 1297 ἀλλ’
1298 1257 1356 1304 εἰς
1393 1252 1520 1310 Πάρ-

83 1323 191 1369 θους
217 1315 244 1375 ἢ
271 1319 425 1370 Ἰνδούς
451 1319 780 1377 στρατεύεσθαι,
826 1318 926 1365 ὅθεν
960 1319 1034 1364 οὐκ
1062 1323 1223 1373 ἐξέσται
1249 1323 1419 1376 μηχανῇ
1445 1321 1519 1362 οῦ-

85 1386 209 1441 defen}
236 1383 376 1427 οἴκαδε
403 1388 670 1442 ἐπανελθεῖν,
709 1390 782 1430 καί
819 1386 888 1429 διὰ
915 1389 1037 1430 τοῦτο
1063 1386 1138 1429 καί
1171 1387 1322 1436 ἵππους
1348 1391 1520 1440 πολεμια

85 1449 278 1504 στηρίους
304 1449 376 1491 καί
401 1447 507 1493 ὅπλα
534 1450 609 1493 καί
640 1451 685 1494 εἴ
718 1468 762 1494 τι
788 1453 1039 1509 ἐπεφέροντο
1068 1452 1277 1508 χρήσιμον
1304 1450 1411 1507 πρὸς
1445 1450 1520 1493 τὸν
1547 1478 1549 1481 -

30 1513 266 1567 αοπόλεμον
284 1547 296 1565 ,
328 1513 467 1556 οἴκαδε
496 1515 844 1570 ἆποπεμπόντων,
879 1520 948 1559 ἳνα
974 1520 1107 1560 ταῦτα
1136 1521 1236 1571 γοῦν
1261 1524 1345 1566 τοῖς
1374 1516 1520 1558 παισὶν

81 1578 378 1634 ὖπολειφθείη,
423 1579 482 1629 ὥς
523 1581 688 1622 ἐκείνων
729 1582 1024 1635 ἀπολουμένων
1061 1580 1246 1631 πάντως·
1295 1584 1427 1623 ταῦτα
1464 1581 1515 1635 δή

81 1646 271 1698 συνορῶν
297 1643 320 1686 ὅ
351 1645 549 1697 βασιλεὺς
566 1649 641 1688 καί
664 1645 915 1700 βουλόμενος
939 1649 998 1696 εἰς
1025 1646 1331 1700 Διδυμότειχον
1356 1645 1416 1700 μη
1443 1642 1550 1686 ου’-Β

81 1725 164 1757 τως
191 1710 423 1765 ἀφικέσθαι
450 1708 652 1767 ἀσθενής,
681 1708 784 1754 ὥσθ’
812 1710 893 1753 ὑπὸ
923 1713 1168 1764 Βυζαντίων
1195 1714 1268 1753 καί
1292 1711 1422 1760 αὐτὸς
1441 1727 1518 1752 πο.

81 1779 362 1830 λιορκεΐσθαι,
412 1771 520 1833 (οὔτ’
547 1779 659 1836 αὐτῷ
693 1778 772 1833 γὰρ
813 1774 907 1820 οὔτε
932 1783 1016 1828 τοῖς
1042 1778 1216 1820 συνοῦσι
1243 1779 1364 1819 τοῦτο
1389 1778 1517 1830 μα’λι-

172 1882 206 1916 6.
233 1882 354 1926 εἴχετο
378 1883 428 1917 Μ.
549 1885 600 1919 ι8.
621 1884 940 1930 πολεμηστηρίους
963 1883 998 1917 Ρ.

82 1980 124 2009 ut
152 1985 232 2009 cum
273 1975 345 2009 suis
378 1976 688 2010 commilitonibus
720 1982 784 2012 aut
812 1978 955 2023 aliquid
981 1978 1234 2012 nanciscantur
1257 1977 1366 2019 boni,
1396 1977 1426 2010 si
1461 1987 1517 2010 res

81 2023 225 2055 felicius
254 2022 383 2056 ibunt:
416 2028 479 2056 aut
504 2024 535 2056 si
566 2023 619 2056 ita
644 2035 790 2058 necesse
825 2025 959 2065 fuerit,
996 2024 1103 2057 simul
1138 2024 1363 2062 occumbant,
1411 2022 1516 2067 Quo-

81 2070 181 2101 niam
207 2069 317 2113 igitur
341 2070 582 2103 reversionem
605 2081 832 2116 summopere
859 2071 1176 2116 concupiscebant,
1201 2070 1337 2113 placuit
1360 2071 1515 2112 impera-

80 2114 153 2148 tori
178 2125 325 2159 quoque
355 2125 476 2148 eorum
501 2116 606 2162 sequi
634 2117 843 2156 consilium,
876 2122 914 2150 et
937 2119 1093 2150 salutato
1119 2117 1222 2150 Crale
1246 2116 1514 2159 assumptisque

82 2171 171 2204 quas
195 2161 306 2194 dabat
326 2162 499 2205 copiolis,
524 2164 595 2196 iter
617 2165 782 2208 capessit.
815 2163 937 2197 Crales
963 2163 1084 2197 Pheris
1110 2163 1276 2202 relictus,
1304 2172 1426 2205 agrum
1451 2161 1514 2194 ‹le-

81 2206 263 2239 formabat
288 2211 326 2240 et
349 2207 489 2241 flamma
513 2211 682 2254 ferroque
708 2210 918 2243 devastabat
943 2220 984 2242 ac
1007 2209 1183 2254 perdebat
1208 2208 1328 2241 omnia
1353 2209 1511 2252 penituS.

76 2253 279 2297 ,Imperator
300 2255 427 2297 procul
456 2255 576 2289 Pheris
597 2257 910 2296 animadvertens,
935 2262 1127 2302 sequentes
1155 2266 1192 2288 sc
1212 2254 1393 2287 'l‘ribauos
1417 2253 1514 2287 nihil

81 2308 158 2330 esse
184 2304 323 2343 praeter
350 2301 492 2333 turbam
515 2303 705 2343 inutilem,
728 2303 959 2347 (fortissimos
979 2302 1158 2348 siquidem
1179 2301 1298 2334 Crales
1322 2300 1428 2333 antea
1451 2311 1514 2331 se-

81 2350 252 2388 gregatos,
267 2345 527 2393 urbibus‚quas
543 2348 672 2381 Chrele
683 2354 827 2383 mortuo
847 2355 1046 2393 acceperat,
1061 2359 1125 2393 pro
1146 2347 1387 2392 praesidiariis
1406 2346 1514 2378 attri-

79 2391 235 2436 buerat,)
258 2391 303 2423 ad
323 2392 412 2425 haec
434 2394 602 2427 diuturna
623 2395 860 2439 expeditione
872 2395 1063 2428 exhaustos
1084 2406 1123 2427 ac
1137 2398 1342 2430 maceratos,
1357 2393 1513 2438 (Cralem

81 2438 218 2515 {Juippe
241 2438 320 2482 plus
349 2438 438 2472 duos
457 2451 595 2474 menses
624 2444 739 2475 secuti
764 2441 936 2486 fuerant,)
960 2447 1145 2486 praeterea
1167 2441 1339 2472 immensa
1361 2438 1514 2483 quadan:

99 2483 274 2517 ormidine
303 2485 489 2526 attonitos,
518 2497 585 2520 nec
610 2489 649 2520 in
674 2487 884 2528 Thraciam,
916 2499 1037 2521 verum
1065 2487 1109 2520 ad
1135 2485 1281 2521 Parthos
1305 2489 1368 2517 aut
1391 2484 1514 2524 ludos,

83 2528 180 2562 unde
203 2531 312 2564 nullis
338 2532 475 2566 artibus
500 2545 658 2578 unquam
685 2533 731 2567 ad
758 2536 895 2579 patrios
918 2535 1011 2568 lares
1044 2533 1215 2577 repedare
1243 2536 1410 2575 possent,
1443 2531 1514 2563 mi-

82 2574 227 2608 litatum
255 2588 292 2610 se
318 2579 494 2622 proficisci
520 2580 750 2619 arbitrantes,
776 2580 900 2625 (quam
924 2581 970 2613 ob
1000 2591 1140 2613 causam
1167 2583 1204 2611 et
1231 2587 1343 2622 equos
1367 2577 1510 2610 milita-

83 2631 139 2653 res
176 2628 212 2655 et
246 2634 342 2656 arma
372 2630 408 2657 et
432 2626 462 2657 si
496 2625 586 2670 quid
617 2626 716 2661 aliud
749 2627 901 2661 militiae
928 2626 1101 2660 idoneum
1126 2624 1337 2669 portabant,
1366 2621 1511 2656 domum

84 2667 341 2708 remittebant,
369 2676 409 2703 ut
433 2672 521 2715 ipsis
545 2674 691 2706 omnino
717 2674 910 2716 perituris,
936 2684 978 2704 ea
1003 2673 1129 2705 saltem
1155 2669 1225 2704 sibi
1260 2670 1438 2703 haberent
1466 2671 1513 2702 li-

82 2712 196 2759 beri‚)
218 2714 303 2748 haec
327 2718 473 2761 inquam
509 2718 794 2752 animadvertens
832 2720 1026 2763 imperator
1066 2718 1265 2762 nolensque
1307 2716 1511 2760 Didymoti-

83 2757 190 2800 chum
222 2762 274 2796 sic
304 2763 468 2797 infirmus
502 2763 693 2807 accedere,
734 2770 775 2799 ut
805 2765 883 2810 ipsc
914 2775 1062 2810 quoque
1096 2774 1117 2796 a
1151 2762 1327 2807 Byzantiis
1362 2761 1512 2796 obside-
