1800 3138
250 177 279 212 2
295 156 361 221 14
769 169 1137 213 CANTAcUzEm

52 276 233 322 A.c.1342
246 268 499 325 τοστράτορα
527 270 699 322 πέμψας
726 262 800 321 ἦν,
844 264 957 321 ἥκειν
988 266 1062 321 τήν
1091 267 1292 319 ταχίστην
1320 264 1671 318 ἀπαγγέλλοντας,

246 336 303 385 ὥς
321 338 401 377 τῶν
418 335 548 375 έκεῖσε
566 332 738 374 πάντων
758 330 839 372 ὕπὸ
863 329 1227 386 πρωτοστράτορος
1247 330 1380 378 καλῶς
1398 328 1670 386 διῳκημένων.

246 398 380 443 ἐδόκει
398 400 475 452 μὲν
498 394 574 439 οὖν
594 397 666 438 καί
690 399 869 450 βασιλεῖ’,
896 395 953 450 μή
981 397 1146 448 μέλλειν
1176 396 1284 443 δεῖν,
1317 392 1420 434 ἀλλὰ
1448 391 1551 447 πρὸς
1569 393 1676 434 Θεσ-

247 464 464 519 σαλονίκην
490 464 727 517 ἐπείγεσθαι
754 455 883 503 οὖσαν
912 459 1152 514 ἀναγκαίαν.
1207 460 1289 500 τῶν
1316 456 1419 513 πρὸς
1442 456 1517 513 την
1543 471 1676 510 τειχο-

248 532 407 585 μαχιάν
449 529 495 570 δὲ
531 525 694 569 πάντων
734 521 813 581 ἤδη
843 525 1262 581 παρεσκευασμένων,
1298 524 1480 564 ἐκέλευεν
1518 524 1576 570 εἰς
1602 519 1702 576 τηνό

245 592 464 648 ὑστεραίαν
506 588 593 644 ἅμα
635 591 751 646 πρωῒ
786 593 868 632 τῶν
905 591 1054 642 τειχῶν
1083 588 1522 643 ἅποπειρασαμένους,
1553 584 1673 640 εἰμὴ

198 659 440 705 Βδύναιντο
467 654 847 711 παραστήσασθαι,
889 656 939 711 τῇ
979 655 1068 706 μετ’
1101 650 1231 707 αιῖτὴν
1269 653 1339 707 τῆς
1381 653 1440 701 εἷς
1467 653 1682 693 Θεσσαλοψ

247 724 362 777 νίκην
388 720 563 775 ἔχεσθαι
594 718 812 776 φερούσης.
867 717 975 760 οὕτω
1002 719 1079 770 μὲν
1116 711 1190 758 οὖν
1216 717 1429 763 ,ἐδέδοκτο.
1481 714 1554 757 καὶ
1587 711 1678 767 ἅμα

246 789 363 843 πρωῒ
384 787 426 834 ἐς
451 784 524 840 τὴν
551 785 772 840 ὑστεραίαν
801 782 1077 835 ὁπλισάμενοι
1090 815 1102 834 ‚
1131 783 1388 836 προσέβαλον
1414 786 1498 828 τοῖς
1522 780 1677 833 τείχεσι

249 849 520 905 προσάγοντες
545 850 619 898 τὰς
645 848 851 903 μηχανάς.
903 846 973 889 διὰ
1007 848 1139 902 πάσης
1167 848 1212 887 δὲ
1240 844 1397 900 ἡμέρας
1434 845 1505 899 τῆς
1541 858 1731 897 τειχο-ιο

249 916 408 970 μαχίας
435 913 748 970 καρτερωτάτης
774 914 1064 967 γεγενημένης,
1105 913 1257 966 μικροῦ
1277 912 1354 963 μὲν
1380 911 1546 964 ἐδέησεν
1573 908 1681 949 ἁλῶ-

250 997 321 1023 ναι
339 1012 351 1033 ,
381 983 464 1021 ταῖν
490 995 535 1021 τε
562 976 770 1031 κλιμάκων
799 978 1172 1031 προσερεισθεισῶν
1199 980 1285 1024 τοῖς
1317 976 1475 1028 τείχεσι
1506 974 1580 1014 καί
1601 989 1682 1027 μη-

253 1042 489 1099 χανήματός
516 1058 626 1092 τινος
652 1044 723 1084 ἑπί
758 1042 919 1097 τροχῶν
955 1038 1140 1095 χελώνης
1176 1039 1596 1094 προσαγορευομένου.
1653 1038 1681 1094 ἧ

253 1108 328 1159 νύξ
356 1111 402 1151 δὲ
430 1106 581 1150 αῦτίκα
609 1109 872 1161 ἐπιγενομένη
912 1104 1133 1147 διεκώλυσε
1162 1103 1237 1159 την
1264 1103 1432 1148 ἅλωσιν.
1486 1103 1525 1145 οἱ
1565 1107 1683 1146 πολι-

256 1171 499 1227 ορκούμενοι
527 1173 572 1213 δὲ
601 1171 836 1223 δείσαντες,
856 1169 913 1225 μη
944 1172 1002 1220 εἰς
1029 1168 1104 1224 την
1133 1170 1357 1224 ὑστεραίαν
1385 1164 1510 1218 αὖθις
1540 1167 1734 1223 μάχηςιὸ

254 1236 384 1280 ἁλῶσι
410 1239 646 1291 γενομένης,
675 1233 974 1289 ἐβουλεύσαντο
993 1233 1139 1284 νυκτὸς
1165 1235 1320 1282 πίστεις
1347 1231 1539 1286 λαβόντες
1564 1231 1679 1288 παρὰ

254 1304 481 1356 βασιλέως,
525 1300 720 1358 ὁμολογίᾳ
757 1298 828 1355 την
866 1300 988 1341 πόλιν
1015 1301 1293 1355 παραδοῦναι.
1350 1300 1422 1340 καί
1448 1295 1538 1351 ἅμα
1574 1299 1688 1353 πρωῒ

257 1368 301 1408 ἐκ
326 1367 408 1408 τῶν
433 1367 582 1418 τειχῶν
610 1371 696 1413 τοῖς
723 1365 781 1413 εἰς
806 1361 851 1406 τὸ
881 1364 1159 1419 στρατόπεδον
1187 1364 1374 1406 ἐκέλευον
1410 1364 1578 1418 μηνύειν
1604 1366 1683 1416 βα·-

136 1434 390 1487 Ρ,465σιλεῖ,
430 1431 469 1471 εἰ
505 1429 696 1481 βούλοιτο
731 1430 802 1470 ἐπὶ
826 1425 1035 1481 συμβάσει
1060 1427 1132 1482 τὴν
1167 1425 1287 1468 πόλιν
1327 1425 1678 1481 παραλαμβάνειν.

256 1495 389 1549 ἡδέως
418 1495 463 1535 δὲ
490 1494 695 1545 βασιλέως
721 1491 794 1534 τὸν
820 1492 938 1546 λόγον
968 1494 1191 1546 δεξαμένου
1212 1490 1286 1532 καὶ
1309 1489 1540 1540 κελεύοντος
1570 1487 1736 1545 ἥκειναο

259 1557 362 1612 πρὸς
390 1556 542 1610 αὐτὸν,
571 1554 628 1605 ὥς
652 1556 785 1598 πάντα
814 1554 1036 1611 πράξοντος
1080 1558 1221 1604 αὐτοῖς
1259 1553 1311 1597 τοὶ
1347 1555 1451 1597 κατὰ
1493 1555 1685 1610 γνώμην,

259 1618 358 1677 ἧκον
384 1624 460 1664 τοῦ
483 1637 526 1663 τε
553 1623 684 1675 δήμου
713 1620 786 1662 καί
811 1623 891 1663 τῶν
915 1622 1015 1675 παρ’
1044 1617 1188 1669 αὐτοῖς
1224 1622 1409 1662 δυνατῶν
1447 1616 1577 1674 ὄλίγοι
1615 1622 1688 1661 καί

260 1690 344 1728 τῶν
373 1688 431 1744 τῷ
459 1684 593 1743 κλήρῳ
620 1687 692 1739 τῆς
720 1689 818 1740 παρ’
855 1681 992 1734 αὐτοῖς
1019 1686 1234 1739 ἐκκλησίας
1261 1684 1594 1738 κατειλεγμένων.
1621 1685 1685 1724 αἰ·-

260 1754 352 1799 τίας
382 1753 428 1792 δὲ
459 1747 593 1805 ὥσπερ
624 1749 871 1799 α’πολύοντες
908 1748 1080 1798 ἑαυτοὺς
1111 1750 1181 1792 ἐπὶ
1206 1751 1263 1806 τῷ
1289 1746 1397 1791 ὅπλα
1435 1749 1685 1805 κεκινηκέναι

262 1813 365 1870 πρὸς
393 1812 545 1867 αὐτὸν,
593 1813 636 1856 τὸ
665 1816 756 1857 δέον
793 1813 954 1870 ἔφασαν
983 1816 1258 1869 πεποιηκέναι.
1313 1813 1574 1867 ὄμωμοκέναι
1599 1813 1735 1870 γὰρ25

260 2004 388 2039 antes,
422 2000 562 2034 veniret
585 2010 691 2045 quam
717 2000 943 2040 maturrime,
977 2000 1097 2032 omnia
1132 2010 1152 2031 a
1188 2002 1444 2043 protostratore
1479 1999 1555 2032 illic
1590 1999 1684 2034 bene

264 2046 513 2080 administrari.
560 2047 614 2080 Ne
637 2046 830 2090 imperator
853 2045 999 2091 quidem
1023 2044 1272 2084 cunctandum,
1296 2045 1359 2078 sed
1380 2045 1684 2086 Thessalonicam,

264 2098 305 2125 ut
328 2092 374 2124 ad
398 2091 523 2124 urbem
547 2092 699 2129 maximi
722 2092 918 2131 momenti,
941 2090 1186 2124 festinandum
1211 2091 1335 2133 ‹luxit3
1361 2095 1396 2124 et
1420 2091 1584 2124 omnibus
1613 2091 1685 2125 iam

265 2137 312 2169 ad
337 2138 480 2170 moenia
502 2137 713 2170 Peritheorii
737 2136 972 2182 oppugnanda
997 2137 1187 2177 confectis,
1216 2136 1417 2183 praecepit,
1447 2137 1489 2170 iis
1510 2138 1686 2180 postridie

267 2183 325 2216 die
351 2183 579 2216 illucescente
602 2184 771 2223 tentatis,
795 2183 825 2215 si
843 2188 987 2216 conatus
1011 2194 1084 2216 non
1101 2182 1353 2227 responderet,
1379 2182 1438 2215 die
1457 2183 1564 2216 tertio
1589 2184 1683 2217 vium

265 2240 386 2263 versus
421 2228 709 2262 Thessalonicam
747 2229 931 2272 arriperet.
976 2227 1034 2260 Sic
1066 2228 1216 2263 censuit.
1264 2228 1332 2260 Die
1363 2234 1508 2268 exorto,
1543 2239 1699 2271 muros,.

266 2275 416 2308 admotis
435 2276 544 2308 etiam
569 2274 917 2314 machinationibus,
941 2273 1133 2315 invadunt3
1159 2283 1248 2319 quos
1273 2284 1351 2306 cum
1378 2279 1454 2307 toto
1481 2274 1540 2307 die
1563 2285 1684 2320 oppu—

267 2325 433 2364 gnassent
463 2321 654 2360 acerrime,
687 2330 812 2363 parum
845 2319 982 2360 abfuit,
1014 2321 1101 2365 quin
1133 2329 1192 2352 eos
1229 2324 1304 2353 acta
1334 2321 1404 2353 iam
1436 2320 1618 2354 testudine
1646 2326 1683 2356 et

267 2367 371 2399 scalis
395 2366 577 2411 applicitis
603 2365 898 2408 conscenderent3
923 2365 986 2399 sed
1009 2366 1123 2398 noctis
1146 2366 1366 2398 interventus
1389 2376 1461 2399 rem
1485 2365 1681 2411 impedivit,

269 2411 415 2445 Obsessi
442 2418 662 2452 metuentes,
710 2422 756 2444 ne
781 2411 840 2445 die
873 2413 1039 2456 sequenti
1070 2422 1186 2456 pugna
1219 2412 1412 2445 instaurata
1448 2411 1680 2457 caperentur,

263 2462 371 2489 noctu
395 2457 609 2499 decernunt,
640 2457 709 2491 fide
732 2457 776 2490 ab
808 2457 1019 2501 imperatore
1047 2461 1202 2501 accepta,
1237 2457 1362 2490 urbem
1387 2457 1529 2494 dedere.
1574 2458 1680 2492 Mane

266 2502 311 2535 tle
336 2503 523 2536 moenibus
558 2505 744 2538 clamorem
768 2505 806 2536 in
830 2508 940 2536 castra
969 2502 1113 2542 dantes,
1156 2502 1360 2548 imperatori
1390 2503 1587 2536 renuntiari
1619 2505 1680 2537 iu-

265 2547 376 2587 bent,
409 2549 439 2580 si
469 2549 574 2589 velit,
602 2561 644 2582 ex
665 2554 768 2594 pacto
794 2554 966 2582 convento
993 2549 1172 2582 civitatem
1198 2550 1359 2592 accipiat.
1408 2550 1475 2582 lllc
1498 2549 1566 2582 hoc
1583 2560 1679 2583 nun-

266 2595 319 2626 tio
349 2593 505 2635 gavisuS,
538 2606 597 2628 eos
633 2601 772 2635 evocat,
803 2596 977 2628 facturum
1014 2606 1070 2633 se,
1099 2605 1190 2639 quae
1217 2601 1363 2638 optent,
1388 2596 1520 2631 omnia.
1568 2595 1679 2628 Veni-

270 2643 336 2672 unt
360 2639 403 2672 de
426 2639 533 2682 plebe
560 2646 597 2673 et
616 2641 848 2685 optimatibus
869 2641 997 2685 pauci,
1038 2641 1081 2673 de
1107 2641 1199 2672 clero
1229 2641 1315 2674 item
1340 2641 1515 2674 nonnulli.
1562 2641 1680 2685 Atque

270 2690 311 2719 ut
333 2695 370 2717 se
394 2692 584 2730 purgarent
614 2686 894 2731 quodammodo,
929 2686 1032 2719 aliter
1064 2696 1100 2718 se
1134 2686 1248 2719 facere
1285 2687 1464 2731 nequiisse
1492 2685 1681 2719 dixerunt:

271 2735 459 2777 propterea
480 2731 576 2776 quod
596 2733 797 2777 nuperrime
825 2737 1041 2767 sacramento
1066 2737 1236 2777 concepto
1262 2732 1536 2778 spoponderint,
1559 2742 1596 2765 se
1612 2731 1682 2766 im-
