1800 3132
279 168 390 235 368
812 186 1183 229 CANTAcUzEm

80 299 163 335 ΑΒ.
183 295 267 342 ι343
280 285 437 329 τούτων
477 285 557 340 γάρ
595 282 729 339 χωρὶς
757 284 881 327 οὐδὲν
915 288 1056 340 ἕτερον
1089 281 1251 336 ἐξέσται
1279 284 1505 342 πράττειν.”
1546 285 1716 328 τοιαῦτα

276 353 356 405 μὲν
385 350 406 393 ὅ
435 349 635 404 βασιλευς
661 349 767 406 πρὸς
794 350 870 406 τήν
897 349 1098 407 ἐρώτησιν
1125 351 1281 393 ἐκείνου
1312 350 1576 405 ἀπεκρίνατο.

240 433 268 465 B
393 414 439 468 ξ’.
496 414 607 467 Δούξ
646 417 692 458 δὲ
747 416 771 457 ὅ
810 418 940 471 μέγας
976 419 1071 460 ἐπεὶ
1109 415 1285 458 πύθοιτο
1323 417 1432 472 παρὰ
1470 417 1715 472 Συναδηνοῦ

274 484 327 526 τὰ
371 483 593 537 εἰρημένα,
640 483 895 537 ἐδυσχέρανε
939 484 1016 536 μὲν
1054 480 1254 534 ἐπιπολυ,
1299 481 1375 537 τὴν
1416 480 1594 536 οἷπορίαν
1633 476 1715 536 ἤδη

275 547 350 590 καὶ
375 546 503 596 αὐτὸς
529 545 606 601 τήν
635 546 902 601 πανταχόθεν
939 549 1127 601 συνορῶν
1144 561 1153 571 ·
1212 542 1326 600 ὅμως
1353 550 1436 589 τῶν
1464 550 1562 602 περὶ
1589 546 1741 589 αὕτὸνὸ

276 613 379 663 τούς
404 612 588 667 μάλιστα
628 614 674 654 ἒν
702 612 808 670 λόγῳ
836 612 1084 668 συναγαγών
1110 614 1183 654 καί
1217 611 1354 655 πάντα
1392 612 1550 669 ἕκφορα
1590 613 1717 664 θέμε·

276 694 370 732 νος,
413 675 494 720 ὅσα
534 675 557 719 ὗ
595 676 795 731 βασιλεῦς
838 677 1098 733 διαλεχθείη,
1150 680 1371 733 ἐπέτρεπεν
1423 677 1597 720 ἕκαστον
1633 673 1717 731 ὅ,τι

278 740 330 787 ἂν
355 744 456 801 δοκῇ
487 743 696 786 συνοίσειν
722 744 866 798 λέγειν.
921 743 962 786 οῖ
989 745 1068 798 μὲν
1095 739 1171 786 οὖν
1200 738 1337 797 ἄλλοι,
1373 745 1445 786 καὶ
1470 743 1568 799 πρὶν
1596 746 1716 785 Καν-

278 807 557 864 τακουζηνόν,
587 807 777 865 ἔφασαν,
807 810 983 851 τοιαῦτα
1011 810 1252 864 εἰρηκέναι,
1280 805 1433 858 αὖτοὺς
1457 806 1563 864 πρὸς
1590 805 1718 862 ἀλλή-

277 877 376 924 λους
403 877 503 930 περὶ
526 869 587 916 ὧν
614 872 812 931 πράττειν
850 877 947 917 δέον
979 874 1074 917 νυνὶ
1109 876 1462 928 βουλευομένους,
1506 874 1611 929 πρὸς
1641 872 1771 928 τήνω

248 938 382 996 εἴσην
410 941 589 995 α’πορίαν
616 938 878 994 πανταχόθεν
907 935 1098 994 ἄγεσθαι.
1134 941 1298 982 πολλῶν
1323 938 1402 994 γὰρ
1432 936 1746 992 οἶναλωμάτανν-’

277 1006 403 1061 χρεία
441 1003 547 1060 πρὸς
582 1005 792 1060 τοσαύτην
832 1004 1035 1061 στρατιὰν
1061 1005 1136 1047 καὶ
1172 1002 1281 1046 οὕτω
1315 1002 1636 1056 πολυδάπανον,
1680 1005 1722 1046 εἷ

279 1071 503 1125 μέλλοιμεν
534 1071 723 1112 ἐνταῦθα
750 1071 1065 1127 διακαρτερεῖν·
1108 1071 1214 1127 πρὸς
1243 1069 1272 1114 ἃ
1303 1071 1380 1111 οὐκ
1407 1071 1643 1125 ἐξαρκέσειν
1666 1067 1718 1111 τοὶ

144 1135 395 1197 ν,445κοινὰ
424 1135 526 1191 ἧμΐν
554 1135 751 1192 χρήματα
793 1135 978 1189 οἰόμεθα.
1034 1135 1296 1190 Μονομάχος
1336 1137 1383 1177 δὲ
1421 1133 1444 1176 ὅ
1481 1138 1612 1189 μέγας
1651 1149 1720 1175 κο.

279 1203 531 1254 νοσταῦλος,
568 1203 734 1243 συνέσει
760 1216 804 1243 τε
831 1203 914 1243 τῶν
943 1197 1081 1244 ἄλλων
1119 1201 1338 1257 ὑπερέχων
1366 1200 1440 1243 καί
1464 1199 1565 1256 πρὸς
1594 1202 1778 1256 ‹rma-15

279 1270 427 1324 τηγιάς
466 1266 634 1315 ου’δενὸς
670 1264 907 1320 λειπόμενος
947 1270 1031 1309 τῶν
1075 1266 1193 1320 τότε,
1243 1266 1317 1308 καί
1357 1265 1429 1308 διὰ
1471 1267 1610 1308 ταῦτα
1649 1266 1723 1306 καὶ

276 1333 394 1389 παρὰ
424 1334 628 1386 βασιλέως
670 1333 935 1386 Ἀνδρονίκου
969 1334 1122 1387 πολλῆς
1153 1330 1378 1374 ἀπολαύων
1405 1327 1620 1385 εὖμενείας
1649 1332 1724 1372 καί

275 1397 438 1441 πόλεων
466 1397 690 1450 διοικήσεις
728 1397 801 1438 καί
836 1399 1127 1452 στρατοπέδων
1161 1398 1383 1451 ἡγεμονίας
1420 1394 1717 1447 πιστευόμενος

279 1465 369 1518 del,
400 1462 473 1517 ,,τὸ
504 1463 762 1511 κολακείαις”
804 1458 892 1503 εἶπε
941 1465 1042 1516 „nal
1071 1458 1253 1511 ἆπάταις
1282 1464 1475 1517 χρῆσθαι
1507 1460 1580 1502 καί
1602 1462 1721 1516 ἕτερα

278 1533 358 1584 μὲν
386 1533 555 1585 φρονεῖν
583 1527 684 1582 περὶ
709 1528 794 1568 τῶν
820 1526 1101 1583 πραγμάτων,
1142 1521 1250 1569 ἄλλα
1279 1528 1324 1569 δὲ
1355 1527 1514 1580 λέγειν,
1548 1522 1779 1579 χαριζό-Ἇο

284 1610 410 1648 μενον
448 1598 533 1643 τοῖς
580 1587 810 1647 ἄρχουσιν,
853 1593 903 1635 οὗ
947 1591 1075 1646 μόνον
1110 1593 1289 1646 α’γεννῶν
1331 1591 1405 1634 καί
1438 1591 1725 1646 ἀνελευθέρων

283 1656 391 1701 εἶναι
420 1655 616 1710 νενόμικα
634 1655 874 1712 ἀνθρώπων
886 1691 899 1711 ,
928 1657 1033 1699 α’λλὰ
1052 1659 1126 1699 καί
1141 1663 1228 1706 τοῖς
1248 1654 1465 1712 πράγμασι
1482 1655 1536 1698 τοὶ
1563 1654 1724 1710 ἔσχατα

238 1726 580 1779 Βλυμαίνεσθαι.
640 1723 788 1764 πολλοὶ
812 1725 915 1777 γοῦν
932 1723 1160 1777 “Ρωμαι’ων
1190 1721 1263 1765 καὶ
1290 1725 1476 1777 βασιλεῖς
1503 1724 1576 1764 καί
1601 1737 1725 1777 στρα-

382 1824 435 1847 ιο.
460 1809 619 1857 πράττει
640 1810 675 1844 Ρ.
775 1822 827 1856 ¹9-
851 1811 900 1855 τῷ
926 1810 960 1844 Ρ.

286 1897 356 1931 tibi
393 1897 580 1942 explicavi.
630 1894 728 1928 Haec
768 1894 968 1939 imperator
1003 1893 1050 1927 acl
1084 1892 1289 1939 Apocauchi
1321 1892 1641 1939 interrogationem
1667 1903 1726 1926 re-

285 1944 447 1990 spondit.

379 1992 436 2024 60.
485 1989 584 2021 Haec
608 1992 651 2020 ut
674 1987 865 2030 Synadeno
889 1986 1069 2020 referente
1094 1996 1241 2030 magnus
1265 1985 1339 2018 dux
1362 1984 1515 2026 audivit,
1533 1986 1726 2031 pei-inique

286 2035 395 2076 tulit,
434 2034 559 2068 videns
589 2034 743 2079 ipsemet
759 2059 770 2075 ,
816 2033 948 2079 quibus
975 2033 1138 2078 undique
1161 2033 1300 2077 laqueis
1326 2042 1367 2063 ac
1391 2033 1561 2076 perieulis
1587 2032 1727 2065 cinctus

287 2088 393 2117 esset.
454 2081 580 2114 Nihilo
621 2082 740 2113 minus
780 2079 1046 2113 honestissimis
1087 2081 1255 2112 comitum
1287 2090 1431 2111 suorum
1461 2078 1664 2112 convocatis
1688 2081 1726 2111 et

288 2129 517 2173 imperatoris
542 2137 713 2171 responso
741 2124 905 2171 exposito
924 2151 934 2166 ,
963 2136 1256 2170 unumquemque
1292 2124 1382 2169 quid
1418 2125 1589 2169 expedire
1623 2123 1725 2157 arbi-

288 2180 469 2214 traretur,
497 2174 655 2207 edissere
679 2173 795 2205 iussit.
847 2173 940 2205 Tum
969 2172 1033 2205 alii
1058 2171 1248 2211 affirmare,
1283 2173 1391 2204 etiam
1414 2177 1609 2218 antequam
1633 2170 1726 2204 Can·

289 2227 485 2255 tacuzenus
519 2219 588 2252 ista
611 2218 774 2259 diceret,
808 2218 904 2252 inter
937 2230 974 2252 se
999 2218 1088 2263 quid
1113 2227 1208 2250 nunc
1232 2218 1409 2262 agendum
1437 2219 1552 2258 foret·‚
1579 2217 1725 2262 quaesi-

291 2268 384 2302 visse
412 2272 448 2300 et
467 2276 583 2311 aeque
608 2264 647 2297 iu
679 2275 717 2297 re
742 2269 816 2297 tam
840 2265 1011 2310 perplexa
1038 2263 1227 2296 consilium
1256 2265 1414 2308 reperire
1440 2264 1582 2297 nullum
1618 2267 1726 2308 potu-

293 2315 372 2347 isse.
433 2312 569 2345 Tantas
605 2310 741 2357 quippe
774 2314 921 2356 copias,
955 2311 986 2344 si
1023 2309 1083 2343 hic
1115 2310 1299 2354 perduret,
1325 2311 1401 2343 sine
1426 2321 1554 2356 magno
1580 2315 1725 2354 sumptu

294 2361 343 2393 ali
369 2370 443 2392 non
466 2368 595 2402 posse:
621 2367 690 2390 nec
717 2357 761 2389 iis
787 2357 928 2390 alendis
955 2368 998 2392 ex
1020 2358 1157 2389 aerario
1183 2357 1417 2401 pecuniarum
1442 2358 1527 2391 satis
1552 2355 1726 2401 suppedi-

295 2411 463 2440 taturum.
523 2405 570 2437 At
602 2404 873 2444 Monomachus,
897 2413 1043 2447 magnus
1076 2403 1347 2443 contostaulus,
1379 2403 1573 2449 prudentia
1595 2404 1725 2436 ceteris

295 2452 515 2485 antecellens
551 2455 587 2483 et
619 2450 719 2482 illius
753 2449 948 2483 memoriae
997 2449 1126 2481 ducum
1163 2449 1256 2482 nulli
1291 2449 1585 2494 postponendus,
1615 2455 1727 2494 atque

297 2498 433 2530 idcirco
460 2497 670 2540 imperatori
698 2496 903 2529 Andronico
926 2495 1058 2528 eximie
1083 2506 1181 2527 carus
1198 2518 1207 2533 ‚
1233 2497 1363 2540 cuique
1389 2496 1495 2529 urbes
1520 2505 1658 2539 semper
1690 2500 1728 2528 et

295 2544 472 2576 exercitus
498 2541 832 2582 committebantur,
855 2541 1050 2579 Assentari‚
1075 2542 1207 2586 inquit,
1233 2548 1269 2574 et.
1293 2542 1332 2575 in
1353 2541 1514 2575 fraudem
1538 2541 1727 2586 impellere

296 2594 333 2621 et
367 2588 465 2620 aliud
503 2590 689 2621 conditum
724 2589 762 2620 in
799 2593 966 2632 pectore,
1002 2587 1103 2620 aliud
1137 2588 1175 2621 in
1203 2588 1325 2633 lingua
1349 2593 1553 2634 promptum
1578 2586 1727 2628 habere,

296 2636 447 2678 gratiam
474 2635 677 2678 principum
729 2640 966 2679 aucupantem
982 2659 991 2674 ‚
1015 2645 1089 2668 non
1115 2634 1229 2668 solum
1256 2633 1441 2667 hominum
1469 2644 1594 2680 parum
1619 2634 1723 2677 inge-

296 2690 449 2713 nuorum
483 2689 522 2710 ac
552 2680 774 2720 liberalium,
798 2681 861 2714 sed
895 2681 1001 2714 rebus
1034 2679 1141 2713 etiam
1167 2682 1254 2723 ipsis
1278 2681 1619 2725 perniciosissimum
1643 2689 1722 2713 esse

297 2725 402 2759 duco.
457 2724 531 2768 Qui
573 2726 717 2759 morbus
754 2727 955 2772 complures
990 2726 1229 2759 Romanorum
1265 2728 1498 2771 imperatores
1535 2737 1576 2759 ac
1615 2725 1722 2758 duces

295 2772 419 2808 multis
455 2781 522 2806 nee
558 2771 698 2808 levibus
731 2773 835 2807 malis
859 2772 1056 2819 implicuit:
1090 2771 1185 2807 unde
1211 2785 1289 2808 cum
1315 2774 1379 2815 iis,
1403 2783 1494 2819 quos
1519 2773 1558 2808 in
1582 2771 1723 2807 ditione
