1800 3138
277 166 305 200 2
320 146 384 201 18
799 160 1164 204 CANTAcUzEm

83 263 331 320 A;C.13l.2w}
360 265 591 319 περιμένειν
629 264 724 317 ἐξῆν
774 262 880 319 πρὸς
916 262 987 318 τὴν
1035 260 1311 318 πολιορκίαν,
1361 258 1599 315 ἀναστήσας
1633 259 1706 315 τὴν

275 328 501 386 στρατιὰν,
532 324 703 383 ἤλαυνεν
731 329 801 368 ἐπὶ
827 327 1146 382 Θεσσαλονίκην.
1566 350 1567 353 ¹
1628 356 1631 358 >
1694 359 1697 362 ⁴

156 397 268 441 P·467
393 393 468 441 λς’.
517 390 583 434 Ἐν
621 395 838 451 Βυζαντίῳ
878 395 923 434 δὲ
960 391 981 435 ὃ
1007 390 1203 446 βασιλευς
1245 390 1431 445 Ἰωάννης
1458 390 1481 431 ὅ
1509 391 1585 431 τοῦ
1615 390 1664 431 Ἀ
1684 413 1707 423 -

245 459 469 515 Βὸρονίκου
498 458 701 511 βασιλέως
746 464 842 507 παῖς
869 458 997 514 ψήφῳ
1025 459 1240 510 βασιλίδος
1266 472 1309 498 τε
1337 459 1407 498 καί
1432 458 1505 510 τῆς
1531 452 1707 509 συγκλή-

278 540 352 567 του
382 525 526 578 στέφει
551 521 626 577 τὴν
653 523 838 579 κεφαλήν
864 522 945 564 ὑπὸ
974 523 1163 565 Ἰωάννου
1191 524 1266 563 τοῦ
1290 518 1550 575 πατριάρχου
1579 518 1735 561 κατα-5

279 594 511 641 κοσμεῖται»
565 589 610 629 ἐν
638 589 687 645 τῇ
714 585 835 644 ἑορτῇ
862 590 908 630 δὲ
933 588 1004 629 καί
1029 588 1110 629 τῶν
1135 588 1207 641 τῆς
1234 583 1464 640 συγκλήτου
1491 584 1595 640 πλην
1622 586 1708 626 ὀλί-

280 670 364 709 γων
391 653 631 706 α’ξιωμάτων
657 651 804 702 πάντες
831 652 980 706 ἔτυχον
999 685 1012 705 ,
1041 652 1097 701 ὥς
1125 648 1178 694 ἂν
1202 653 1374 701 ἕκαστος
1402 650 1516 707 παρά
1545 652 1708 704 βασιλί-

285 721 354 767 δος
381 719 454 760 καί
479 715 742 773 πατριάρχου
770 719 842 759 καί
865 721 936 773 τῆς
962 719 1115 772 βουλῆς
1143 711 1256 767 ἄξιος
1283 717 1443 771 ἐκρίθη.
1480 715 1553 757 καί
1570 713 1710 758 Ἰσαά-

285 799 370 832 κιος
395 785 471 836 μὲν
493 781 670 837 Ἀσάνης
697 785 1080 838 πανυπερσέβαστος
1108 782 1351 835 α’πεδειχθη,
1384 779 1483 830 δοὺξ
1509 781 1555 822 δὲ
1579 782 1710 834 μέγας

286 847 308 889 ὅ
333 845 607 898 Ἀπόκαυκος,
639 851 707 889 καὶ
729 846 749 889 ὃ
769 849 962 900 Χοῦμνος
980 849 1110 901 μέγας
1130 842 1512 902 στρατοπεδάρχης,
1537 843 1762 899 Ἀνὸρό-ιο

282 910 393 961 νικός
423 928 465 953 τε
494 911 800 966 Παλαιολόγος,
831 910 874 962 ὃς
902 908 953 968 ἦν
982 911 1173 967 γαμβρὸς
1201 907 1438 967 Ἀποκαύκῳ
1465 911 1521 967 τῷ
1547 908 1708 967 μεγάλῳ

284 976 427 1030 dovae,
453 979 582 1031 μέγας
608 979 680 1019 καὶ
705 977 829 1026 αὐτὸς
856 974 1246 1034 στρατοπεδάρχης,
1278 974 1363 1030 {ifle
1384 978 1423 1017 Γ
1422 977 1580 1030 αβαλᾶς
1597 991 1711 1030 πρω-

284 1041 562 1096 τοσεβαστὸς,
601 1043 674 1084 καί
710 1042 749 1084 οἱ
777 1037 896 1085 ἄλλοι
925 1041 1102 1092 ἅπαντες
1132 1042 1188 1092 ὥς
1216 1043 1393 1091 ἕκαστος,
1452 1038 1710 1096 πατριάρχης

245 1111 273 1145 C
289 1111 351 1161 δὲ,
380 1109 472 1150 ἑπεί
494 1106 567 1162 τὴν
594 1107 713 1159 α’ξίαν
740 1109 927 1161 α’μειβειν
954 1111 1030 1149 οιῖκ
1058 1108 1174 1163 ἐνῆν,
1216 1109 1275 1156 εἰς
1309 1104 1547 1162 σεμνότερόν
1570 1122 1612 1147 τι
1637 1119 1709 1146 πε-

282 1175 470 1229 ριέστησε
516 1172 560 1215 τὸ
591 1176 732 1228 σχῆμα
760 1175 831 1214 καί
857 1171 901 1215 ἔν
927 1189 971 1215 τε
997 1178 1088 1221 ταῖς
1107 1172 1370 1228 ὖπογραφαῖς
1387 1171 1570 1228 ἦερανέῳ
1593 1169 1763 1225 χρώ-15

281 1254 382 1291 ματι
411 1239 561 1293 ἐχρῆτο
598 1239 670 1280 καί
699 1237 773 1293 την
799 1239 871 1280 ἐπί
906 1240 978 1292 τῆς
1005 1238 1188 1294 κεφαλῆς
1214 1236 1479 1292 καλύπτραν,
1519 1234 1572 1291 ἢν
1612 1234 1712 1285 τούς

281 1301 543 1357 πατριάρχας
573 1301 671 1351 ἔθος
701 1305 869 1358 φέρειν,
912 1298 965 1344 ἂν
990 1302 1049 1358 μή
1079 1305 1154 1345 τοῦ
1181 1300 1386 1357 τάγματος
1413 1297 1493 1343 αἷσι
1528 1302 1609 1343 τῶν
1634 1315 1713 1353 μο-

281 1364 492 1418 ναζόντων
509 1399 521 1421 ,
551 1365 674 1424 ὀθόνῃ
707 1369 830 1424 λευκῇ
861 1370 1204 1423 περιειλημμένην
1230 1366 1456 1423 πρότερον,
1485 1363 1609 1414 αὐτὸς
1635 1382 1712 1406 κα·

281 1431 508 1486 τεκόσμησε
532 1435 696 1490 χρυσῷ,
725 1431 881 1481 εἰκόνας
909 1433 1014 1490 αὐτῇ
1039 1435 1114 1474 τοῦ
1143 1449 1186 1475 τε
1213 1435 1396 1487 σωτῆρος
1419 1431 1539 1486 ἡμῶν
1564 1427 1712 1485 ἐγγρά-

281 1506 369 1549 ψας
396 1499 587 1552 Χριστοῦ
611 1498 746 1552 Ἰησοῦ
785 1497 857 1538 καί
897 1499 972 1552 τῆς
996 1495 1190 1553 τεκούσης
1218 1495 1346 1539 αὕτὸν
1383 1495 1590 1551 α’χράντου
1615 1499 1764 1537 &so-20

280 1560 402 1602 τόκου
430 1561 503 1603 καί
524 1561 711 1603 Ἰωάννου
739 1563 815 1603 τοῦ
845 1564 1102 1608 Βαπτιστοῦ.
1157 1560 1407 1611 Ἀπόκαυκος
1434 1563 1480 1604 δὲ
1515 1562 1540 1602 ὅ
1577 1561 1708 1615 μέγας

283 1624 384 1676 dai}
425 1620 529 1681 ἄχρι
562 1628 639 1679 μὲν
673 1628 828 1668 ἐκείνου
867 1629 943 1667 τοῦ
973 1625 1125 1683 χρόνου
1163 1625 1420 1683 μετριώτερά
1460 1642 1503 1668 τε
1542 1631 1709 1682 φρονεῖν

282 1691 415 1732 ἐδόκει
462 1690 533 1732 καί
565 1693 637 1746 τῆς
671 1694 825 1746 βουλῆς
871 1688 977 1733 εἶναι
1015 1692 1250 1748 ὑπεκρίνετο
1279 1687 1356 1745 εἷς,
1393 1687 1421 1746 ἢ
1455 1693 1612 1745 μᾶλλον
1637 1692 1712 1732 καί

284 1755 363 1810 πρὸ
394 1757 524 1798 αὕτοῦ
551 1755 648 1806 τούς
675 1752 824 1806 ἄλλους
852 1751 923 1811 ἦγε
939 1790 953 1809 ,
994 1757 1054 1813 μη
1085 1760 1159 1814 τῆς
1185 1756 1431 1814 κακουργίας
1462 1753 1705 1809 αἰσθόμενοι
1752 1782 1755 1786 -

284 1901 386 1933 tione
410 1900 523 1934 ferme
546 1905 730 1945 acceptum
755 1900 892 1938 fuisset,
940 1901 1162 1945 Imperator,
1185 1902 1354 1948 quoniam
1378 1902 1602 1936 obsidionem
1624 1912 1710 1935 con-

285 1947 426 1980 tinuare
451 1957 524 1979 non
548 1947 707 1988 licebat,
732 1947 838 1980 motis
862 1948 1008 1987 castris,
1033 1947 1321 1983 Thessalonicam
1348 1949 1399 1982 ire
1423 1948 1621 1986 maturavit.

377 1994 432 2026 36.
481 1994 640 2036 Byzantii
674 1995 823 2026 Ioannes
857 1993 1073 2038 imperator,
1106 1994 1303 2029 Andronici
1335 1994 1452 2036 filius,
1489 1996 1645 2040 Augusta
1673 1998 1712 2029 ek

286 2039 500 2072 consiliariis
534 2039 584 2072 ita
618 2038 844 2078 volentibus,
880 2050 900 2072 a
930 2040 1066 2073 Ioanne
1101 2040 1300 2085 patriarcha
1335 2051 1465 2074 corona
1502 2046 1710 2075 exornatur:

286 2085 324 2116 in
364 2097 434 2130 qua
469 2085 552 2118 festi
585 2084 660 2118 diei
699 2085 908 2118 celebritate
942 2097 1064 2120 omnes
1101 2097 1196 2130 pene
1236 2098 1422 2130 procereS,
1460 2091 1501 2120 ut
1533 2087 1713 2132 quemque

285 2130 519 2175 imperatrix,
566 2130 767 2175 patriarcha
803 2135 841 2164 et
879 2133 1073 2165 concilium
1111 2143 1187 2166 esse
1225 2133 1372 2177 dignum
1408 2133 1626 2173 iudicarant,
1652 2132 1711 2166 di-

286 2178 440 2220 gnitates
471 2175 593 2222 adepti
624 2182 718 2214 sunt.
766 2178 810 2208 Et
838 2177 992 2212 Isaacius
1025 2177 1172 2224 quidem
1202 2178 1335 2212 Asanes
1365 2179 1713 2224 panhypersebastus

285 2222 486 2257 declaratus
518 2227 592 2263 est,
624 2221 856 2266 Apocauchus
888 2234 1036 2268 magnus
1070 2223 1164 2264 dux,
1197 2224 1378 2258 Chumnus
1409 2235 1553 2270 magnus
1583 2229 1713 2259 strato-

285 2269 478 2312 pedarcha5
516 2268 738 2302 Andronicus
774 2268 1027 2312 palaeologus,
1067 2270 1272 2315 Apocauchi
1308 2282 1435 2315 gener,
1486 2272 1595 2306 etiam
1632 2271 1710 2317 ipse

286 2324 431 2358 magnus
468 2314 757 2359 stratopedarcha
790 2313 1014 2358 designatur3
1066 2315 1223 2350 Gabalas
1260 2316 1550 2361 protosebastus‚
1587 2320 1624 2350 et
1658 2316 1710 2350 ita

287 2360 348 2393 alii
374 2372 517 2401 omnes,
548 2372 671 2394 eorum
702 2360 897 2404 suffragiis,
933 2361 978 2395 de
1011 2361 1141 2406 quibus
1170 2373 1276 2407 supra
1301 2363 1466 2397 diximus.
1491 2362 1709 2403 parientem,

288 2405 374 2448 quia
402 2406 548 2452 gradum
582 2411 781 2451 permutare
816 2416 892 2439 non
922 2412 1086 2451 poterat,
1119 2406 1247 2442 habitu
1277 2419 1316 2442 se
1349 2410 1588 2455 augustiorem
1621 2407 1710 2442 fecit

288 2455 325 2483 et
349 2454 388 2486 in
418 2452 741 2496 subscriptionibus
772 2451 890 2486 colore
931 2453 1096 2486 caeruleo
1135 2459 1190 2488 est
1222 2465 1305 2488 usus
1339 2453 1707 2500 flammeumque'seu

287 2501 430 2539 tegmen
471 2498 624 2542 capitis,
681 2497 780 2543 quod
820 2502 923 2531 antea
967 2498 1207 2542 patriarchas,
1259 2501 1289 2532 si
1331 2501 1375 2535 de
1414 2500 1598 2535 monachis
1633 2510 1708 2533 non

289 2548 425 2582 esseut,
463 2544 584 2577 album
611 2544 702 2577 ferre
726 2555 800 2577 mos
825 2548 901 2577 erat
916 2568 926 2584 ,
965 2544 1042 2588 ipse
1065 2556 1151 2579 auro
1175 2546 1367 2580 illustravit
1382 2572 1392 2587 ,
1423 2545 1616 2581 servatoris
1640 2555 1708 2578 no-

289 2589 353 2620 stri
379 2593 415 2621 et
439 2589 602 2622 illibatae
627 2593 703 2623 eius
731 2590 911 2634 genitricis
945 2590 1121 2634 Deiparae
1154 2602 1194 2624 ac
1229 2593 1369 2627 Ioannis
1399 2593 1575 2637 Baptistae
1607 2590 1708 2634 depi-

289 2634 354 2666 ctis
378 2634 416 2667 in
441 2645 482 2666 eo
506 2636 681 2670 iconibus.
730 2635 961 2680 Apocauchus
983 2648 1128 2680 magnus
1152 2637 1236 2677 dux,
1261 2640 1322 2683 qui
1350 2649 1462 2683 usque
1485 2637 1529 2682 ad
1553 2636 1589 2669 id
1615 2641 1708 2670 tem-

287 2680 386 2723 poris
412 2679 620 2713 modestiam
652 2693 735 2725 prae
766 2693 803 2715 se
829 2681 970 2715 ferebat
994 2688 1030 2715 et
1055 2694 1164 2715 unum
1189 2695 1226 2717 se
1251 2684 1294 2716 de
1320 2685 1471 2718 concilio
1497 2682 1707 2722 simulabat,

289 2725 346 2759 vel
367 2726 487 2770 potius
524 2726 614 2760 alios
643 2728 750 2761 etiam
776 2727 848 2762 sibi
872 2727 1140 2774 anteponebat,
1176 2735 1363 2772 metuens,
1403 2742 1450 2766 ne
1482 2729 1594 2764 scelus
1629 2728 1709 2763 eius
