1800 3132
277 166 351 222 68
804 180 1182 225 CANTAcUzEm

78 298 160 333 ΑΒ.
178 287 410 343 ι34ιποναῖν
437 286 508 326 καί
533 281 816 339 μεθ’ἧμέραν,
844 281 948 338 μήτε
972 283 1224 340 χρημάτων·
1259 277 1329 338 (ἦν
1356 281 1436 337 γὰρ
1465 280 1515 336 δὴ
1540 279 1563 323 ὅ
1589 285 1718 337 μέγας

274 353 517 404 δομέστικος
556 349 607 390 ου’
642 347 772 402 μόνον
811 348 917 404 πρὸς
946 352 1030 391 τῶν
1064 347 1272 404 τριήρεων
1297 346 1372 401 τὴν
1400 345 1587 403 δαπάνην
1609 346 1715 403 χρή-

273 433 387 470 ματα
431 412 657 462 οἷναλωκώς
693 412 826 455 πολλοὶ
867 415 912 455 ἐκ
939 416 1021 456 τῶν
1049 415 1166 455 ἰδίων
1187 445 1199 466 ,
1238 411 1343 454 α’λλὰ
1388 414 1460 453 καί
1485 414 1529 454 ἐν
1555 416 1718 463 πολλοῖς

232 478 452 536 Ε’ἑτέροις,
482 476 508 534 ἂ
537 479 744 521 συνοίσειν
772 477 916 532 ἔμελλε
950 482 1055 520 πᾶσι
1092 479 1219 535 κοινῇ,
1262 477 1487 534 φιλοτίμως
1515 471 1621 532 ἄγαν
1646 476 1721 518 καὶ

273 546 467 598 δαψιλῶς
485 545 796 586 καταναλίσκων
813 543 917 596 μετὰ
948 543 1024 598 τὴν
1052 546 1256 596 βασιλέως
1284 543 1511 599 τελευτήν)
1542 540 1744 600 παρῄνει5

274 627 345 663 τε,
373 609 431 664 μὴ
474 607 582 650 οὕτω
623 616 778 662 ποιεῖν,
809 609 866 659 ὥς
895 611 969 651 οὐκ
998 612 1267 664 ἐξαρκέσοντα
1295 608 1400 664 πρὸς
1437 607 1537 657 τούς
1570 605 1720 656 πόνους

275 673 451 718 ἐπιπολὺ
473 708 485 727 ,
521 672 606 715 ἀλλ’
650 672 802 716 ἑαυτοῦ
840 690 884 715 τε
924 676 1118 730 πρόνοιαν
1145 676 1360 714 ποιεῖσθαι
1387 675 1460 715 καί
1493 671 1721 729 χρημάτων

276 742 515 795 φειδεσθαι,
532 737 748 794 χρώμενον
774 745 860 788 τοῖς
881 738 1108 794 δημοσίοις.
1139 738 1160 779 ὁ
1193 740 1229 779 δ’
1250 737 1408 792 ἔφασκε
1436 740 1596 791 μᾶλλον
1619 734 1718 793 ἥδε-

275 810 385 847 σθαι
426 808 560 847 πονῶν
600 804 727 854 αὐτὸς
763 804 869 860 ὑπὲρ
906 808 990 846 τῶν
1017 806 1132 861 κοινῇ
1161 803 1504 854 λυσιτελούντων,
1531 799 1560 858 ἢ
1589 802 1722 858 ἕτεροι

274 863 382 927 πρὸς
401 871 564 919 ἀνέσεις
583 873 859 925 τετραμμένοι
878 870 951 911 καί
969 867 1136 924 ἡδονάς.
1170 869 1229 921 τό,
1250 885 1294 910 τε
1309 868 1509 923 χρήματα
1536 883 1771 910 κατανα-ιο

277 936 432 978 λίσκειν
470 937 520 976 οὔ
551 935 724 990 ζημίαν,
772 935 876 977 ἀλλὰ
906 935 1069 978 πάντων
1096 937 1255 990 κερδῶν
1283 936 1479 989 ἡγεῖσθαι
1504 934 1725 989 χαριέστε-

278 1017 352 1057 ρον
373 1034 385 1054 ,
414 995 540 1055 ἄχρις
569 997 644 1054 ἂν,
673 1001 746 1043 καί
770 1004 846 1042 τοῦ
880 1003 984 1042 θεοῦ
1015 1002 1317 1055 συναιρομένου
1338 1033 1350 1053 ,
1388 998 1465 1054 τήν
1498 998 1718 1052 Ῥωμαίων

279 1067 503 1121 ἡγεμονίαν
543 1068 614 1108 ἐπὶ
661 1069 769 1120 μέγα
809 1065 892 1108 ἴδοι
932 1068 1154 1122 αἰρομένην
1198 1067 1269 1107 καί
1294 1064 1460 1107 πάντων
1488 1066 1724 1119 κρατοῦσαν

249 1130 510 1184 Οπολεμίων.
566 1130 746 1183 ἐλπίζειν
776 1133 822 1174 δὲ
848 1132 952 1184 μετὰ
979 1129 1130 1186 μικρὸν
1151 1163 1162 1183 ,
1205 1131 1244 1172 εἰ
1267 1129 1388 1186 μήτι
1418 1127 1590 1183 κώλυμα
1617 1145 1726 1182 συμ-

280 1199 406 1251 βαίη,
435 1200 620 1239 τοσαῦτα
637 1197 861 1250 Ῥωμαίοις
884 1196 1118 1253 ω’φελήσειν
1137 1230 1147 1248 ,
1181 1194 1259 1237 ὅσα
1278 1196 1351 1237 καί
1375 1194 1511 1251 αὕτῆν
1539 1194 1720 1250 ὁρῶσαν,
1733 1197 1778 1238 1-5

280 1265 367 1319 θεῷ
417 1261 602 1316 χάριτας
644 1262 858 1315 ὁμολογεῖν
898 1263 955 1318 τῷ
984 1264 1172 1318 συνεργῷ
1197 1265 1278 1303 τῶν
1306 1264 1459 1303 καλῶν.
1514 1262 1568 1301 ου’
1594 1262 1725 1315 μικρὰ
1763 1278 1765 1282 ’

282 1324 359 1381 γάρ
388 1342 481 1367 τινα
517 1328 781 1366 διανοεῖσθαι
818 1325 1155 1381 παρασκευάσειν
1181 1328 1259 1367 τοῦ
1285 1329 1507 1379 χειμῶνος,
1541 1325 1597 1374 ιὸς
1635 1322 1725 1378 ἅμα

283 1388 358 1447 ἦρι
400 1389 580 1439 πολλοὺς
616 1392 698 1432 τῶν
737 1388 936 1446 πρότερον
971 1389 1077 1431 κατὰ
1127 1388 1347 1443 Ῥωμαίων
1397 1392 1727 1444 θρασυνομένων

285 1453 532 1513 ὑποφόρους
560 1457 632 1497 καί
659 1457 851 1497 δουλείαν
883 1453 1186 1510 ὁμολογοῦντας
1200 1459 1372 1508 βασιλεῖ
1388 1455 1606 1508 Ῥωμαίων
1623 1452 1727 1496 ἄπο-

287 1521 449 1572 δείξων,
505 1519 577 1562 καί
602 1523 778 1562 τοιαῦτα
806 1520 926 1577 ἕτερα
953 1520 1086 1564 πολλὰ
1116 1520 1404 1575 προσεπειπών
1424 1552 1436 1573 ,
1467 1517 1547 1576 ὅσα
1574 1536 1619 1562 τε
1648 1521 1780 1563 ani-20

286 1586 357 1636 τὸς
398 1588 590 1628 διενοεῖτο
627 1585 822 1641 πράττειν
858 1588 931 1627 καί
969 1587 1168 1639 βασιλίδα
1210 1582 1305 1642 ᾔδει
1346 1582 1582 1627 ἀκούουσαν
1619 1584 1724 1640 πρὸς

287 1649 468 1706 ἡδονὴν,
507 1653 580 1692 καί
619 1655 852 1693 τελευταῖον
881 1649 1208 1703 συνταξάμενος,
1237 1647 1345 1707 ἐξῄει
1373 1649 1608 1702 Βυζαντίου
1637 1647 1727 1704 ἅμα

288 1717 466 1773 στρατιᾷ
492 1718 565 1758 καί
589 1719 671 1759 τῶν
699 1717 956 1773 εὐπατριδῶν
981 1720 1171 1770 πολλοῖς,
1200 1715 1276 1771 τὴν
1301 1716 1463 1773 μητέρα
1491 1715 1727 1759 καταλιπών

289 1936 475 1982 pecuniis,
502 1936 591 1983 (non
616 1938 713 1971 enim
735 1938 773 1973 in
794 1938 956 1973 triremes
981 1937 1166 1971 dumtaxat
1188 1937 1357 1983 grandem
1394 1947 1565 1971 summam
1591 1936 1636 1971 de
1661 1947 1725 1971 suo

291 1982 540 2028 impenderat,
565 1984 630 2017 sed
651 1985 690 2018 in
726 1985 796 2018 alia
824 1990 1007 2030 praeterea
1033 1986 1147 2017 muita
1164 2009 1174 2024 ,
1211 1995 1254 2017 ex
1282 1983 1415 2029 quibus
1441 1984 1641 2016 eommunis
1665 1994 1726 2016 ca-

290 2035 440 2075 peretur
464 2030 626 2071 utilitas,
650 2030 876 2074 perstudiose
901 2031 1173 2077 liberaliterque
1197 2035 1281 2075 post
1317 2035 1466 2063 mortem
1499 2029 1728 2075 imperatoris

291 2075 547 2121 impendebat)
569 2077 877 2122 hortabaturque,
902 2083 944 2111 ut
960 2077 1012 2111 'dc
1036 2078 1268 2110 contentione
1300 2076 1490 2110 laborandi
1515 2077 1728 2116 remitteret,

293 2133 367 2167 quo
392 2122 486 2155 ferre
510 2119 670 2155 laborem
699 2122 834 2156 diutius
860 2129 1004 2168 posset,
1041 2123 1187 2157 sibimet
1218 2134 1323 2156 curae
1361 2127 1475 2162 esset,
1508 2133 1528 2155 a
1563 2122 1727 2168 pecuniis

293 2169 367 2202 suis
393 2169 614 2208 abstineret,
645 2168 801 2213 publicis
828 2175 999 2207 uteretur,
1046 2169 1101 2203 Ad
1126 2181 1167 2203 ea
1194 2170 1257 2203 inc
1280 2169 1378 2203 hunc
1403 2170 1442 2202 in
1469 2169 1640 2212 modum3
1667 2179 1728 2201 so-

291 2214 404 2248 lidius
441 2225 478 2248 se
515 2214 669 2258 gaudere
709 2214 877 2260 gaudium
905 2227 968 2261 pro
1001 2216 1248 2249 communibus
1273 2216 1526 2249 emolumentis
1549 2216 1730 2250 desudan-

293 2266 388 2301 tem,
410 2272 518 2307 quam
544 2261 634 2294 alios
661 2261 736 2295 otio
761 2262 1013 2308 voluptatique
1038 2262 1191 2298 deditos.
1242 2262 1350 2307 Quod
1373 2273 1458 2296 vcro
1483 2261 1529 2294 de
1564 2273 1628 2295 sua
1661 2272 1727 2307 pe-

295 2309 404 2340 cunia
439 2308 478 2341 in
517 2313 698 2352 sumptum
737 2309 935 2353 conferret,
968 2308 1010 2343 id
1042 2320 1116 2342 non
1151 2308 1433 2349 detrimentum,
1471 2308 1535 2342 sed
1565 2309 1728 2343 omnium

295 2359 511 2398 quaestuum
536 2364 679 2388 censere
704 2354 1020 2389 iucundissimum:
1050 2355 1164 2389 donec
1188 2357 1265 2388 Deo
1291 2356 1385 2388 bene
1410 2356 1629 2395 fortunianus,
1647 2356 1728 2388 Ro-

293 2410 483 2433 manorum
522 2401 764 2445 principatum
800 2412 1014 2447 magnopere
1054 2403 1249 2436 exaltatum
1290 2408 1327 2436 et
1359 2401 1526 2435 omnibus
1559 2400 1727 2436 hostibus

295 2446 369 2479 suis
402 2448 623 2489 superiorem
655 2454 824 2484 cerneret.
880 2448 1032 2492 Sperare
1073 2455 1214 2489 autem,
1252 2449 1322 2481 nisi
1354 2448 1443 2493 quid
1476 2447 1728 2493 impedimenti

295 2493 553 2533 intervenerit,
579 2494 678 2527 brevi
705 2494 794 2527 adeo
821 2495 987 2528 Romanis
1011 2496 1238 2539 profuturnm
1255 2520 1264 2535 ,
1287 2500 1328 2528 ut
1353 2501 1390 2528 et
1414 2495 1492 2538 ipsa
1515 2495 1728 2539 imperatrix

296 2538 338 2572 id
361 2538 525 2577 inanem,
549 2540 626 2573 Deo
651 2539 827 2573 bonorum
852 2542 988 2574 auctori
1013 2543 1142 2586 gratias
1167 2547 1289 2575 actura
1315 2542 1373 2574 sit.
1411 2542 1492 2574 Non
1516 2541 1611 2574 enim
1641 2551 1729 2587 par-

295 2585 331 2619 vi
369 2587 543 2621 momenti
590 2586 765 2630 quaedam
799 2597 864 2631 per
898 2587 1051 2620 hiemem
1086 2589 1205 2622 moliri
1232 2589 1401 2622 efficere:
1445 2592 1570 2632 utpote
1593 2587 1727 2621 multos

295 2635 382 2665 ante
406 2631 631 2665 refractarios
658 2638 695 2666 et
717 2632 866 2666 audaces
891 2644 934 2667 eo
959 2635 1179 2675 adacturum,
1206 2641 1246 2668 ut
1271 2645 1308 2667 se
1337 2636 1494 2667 Romano
1518 2633 1728 2679 imperatori

295 2678 507 2711 tributarios
537 2684 574 2710 et
597 2679 777 2713 subiectos
803 2681 1046 2715 confiteantur.
1100 2681 1202 2714 Plura
1230 2683 1267 2714 in
1293 2680 1383 2713 hane
1406 2681 1622 2714 sententiam
1645 2691 1728 2713 nar-

296 2724 421 2764 rabat,
456 2730 493 2757 et
532 2735 623 2769 quae
661 2727 736 2769 ipse
772 2728 935 2762 versabat
970 2728 1110 2766 animo,
1149 2733 1185 2762 et
1209 2726 1426 2772 imperatrici
1449 2727 1576 2760 auditu
1603 2727 1727 2770 periu-

297 2769 415 2805 cunda
439 2769 516 2805 fore
539 2782 612 2806 non
637 2771 836 2817 ignorabat.
886 2774 968 2820 Qua
992 2773 1138 2810 tandem
1167 2775 1342 2815 salutata,
1366 2773 1536 2818 Byzantio
1561 2784 1641 2808 cum
1663 2784 1726 2808 ex-
