1800 3132
289 166 399 221 306
817 183 1185 225 CANTACUZENI

93 279 624 336 Α.(;.134αρασκευάζεσοἀι
655 275 782 328 αὖθις
814 281 870 329 ὥς
911 283 968 329 εἰς
997 279 1303 334 Διδυμότειχον
1345 280 1597 334 ἐπανήξοντα
1623 276 1714 332 ἅμα

283 349 478 404 στρατιᾷ,
513 345 584 387 τὸν
619 347 794 387 Λουκᾶν
829 347 1111 399 α’πολεξαμένη
1140 347 1180 386 Γ
1177 344 1349 399 εώργιον
1392 348 1464 386 καί
1490 342 1717 398 Μακάρων

283 411 356 454 τὸν
392 414 695 466 μητροπολίτην
749 411 1074 465 Θεσσαλονίκης,
1127 409 1384 464 πρεσβευτὰς
1437 409 1616 463 ἔπεμπεν
1655 411 1718 460 εἷς

282 479 458 532 Κράλην
487 478 559 517 καί
585 478 846 530 ἐπηγγέλλετο
876 475 1014 523 πόλεις
1051 474 1339 531 παραδώσειν,
1378 471 1479 524 ὅσας
1518 471 1571 517 ἂν
1606 490 1715 527 συμ-

280 544 434 595 βῶσιν,
478 543 518 582 εἰ
553 538 676 594 μόνον
719 540 1070 594 Καντακουζηνόν
1117 542 1295 593 πέμψειε
1343 541 1561 595 δεσμώτην
1609 538 1742 593 πρὸςό

282 606 429 660 αὐτήν.
485 606 507 646 ὁ
538 607 584 647 δὲ
611 603 827 659 ἐμέμψατό
857 621 901 647 τε
929 605 1004 658 την
1033 606 1256 659 πρεσβείαν
1283 603 1356 646 καί
1371 602 1603 659 ἀπηγόρευε
1632 621 1718 660 φα-

281 674 435 726 νεραῖς,
463 670 520 719 ὥς
548 671 623 711 ουίι
652 671 799 724 ὀλίγων
825 667 950 721 μόνον
977 668 1135 710 πόλεων
1163 669 1302 721 ἕνεκα,
1335 669 1426 710 ἄλλ’
1469 669 1569 710 οὐδὲ
1609 684 1718 720 συμ-

248 734 428 791 (ζπάσης
461 736 535 789 τῆς
572 736 790 788 Ῥωμαίων
829 737 962 789 α’ρχῆς
998 735 1187 776 τοιοῦτον
1222 732 1436 788 τολμήσων
1479 728 1605 787 ἄγος,
1646 734 1720 774 καί

283 799 521 854 ἀπέπεμπεν
549 797 797 856 ἆπράκτους.
855 800 893 842 οἱ
924 802 969 841 δὲ
997 802 1057 849 εἰς
1084 797 1317 849 Βυζάντιον
1344 795 1561 848 ἐλθόντες,
1593 797 1716 855 ‹illm›

281 863 460 921 ὕστερον
503 865 628 908 πάλιν
666 868 883 920 ἐπανῆκον.
937 863 1093 921 ἔφασκε
1133 866 1180 905 δὲ
1216 861 1238 904 ὅ
1276 863 1478 919 Κράλης,
1519 863 1577 912 ὥς
1607 861 1773 905 ’κατὰιο

144 941 267 988 V.417
282 932 358 988 τὴν
389 934 591 987 δευτέραν
617 934 838 987 πρεσβείαν
866 929 942 980 τὰς
962 933 1006 972 ἐκ
1027 927 1375 986 Χριστουπόλεως
1402 927 1570 978 ἁπάσας
1596 925 1718 970 ἔσπε-

281 998 395 1054 ρίους
422 996 559 1045 πόλεις
585 997 854 1051 παραδιδοῖεν
881 994 990 1049 πλην
1020 996 1334 1049 Θεσσαλονίκης,
1364 991 1435 1047 ὥς,
1461 995 1502 1035 εἰ
1524 990 1583 1048 μή
1596 995 1716 1035 Καν-

278 1060 530 1116 τακουζηνὸν
573 1059 644 1103 τὸν
680 1063 855 1114 βασιλέα
892 1058 1081 1114 βούλοιτο
1117 1059 1423 1116 παραδιδόναι,
1471 1059 1562 1100 ἀλλ’
1588 1057 1716 1100 αὐτὸν

276 1129 376 1181 γοῦν
399 1128 592 1181 εἵρξαντα
619 1128 809 1179 κατέχειν
834 1127 878 1167 ἐν
906 1127 1184 1183 δεσμωτηρίῳ.
1242 1124 1267 1165 ὅ
1298 1126 1345 1166 δὲ
1370 1121 1499 1174 αὖθις
1527 1124 1711 1177 ἀπέπεμ-

275 1207 352 1233 πεν
394 1189 660 1244 οἷπράκτους,
703 1189 887 1231 ἀδύνατα
929 1189 1057 1232 εἰπών
1095 1191 1235 1235 αἰτεῖν.
1299 1190 1439 1244 Ἑλένη
1469 1191 1544 1242 δὲ,
1585 1187 1767 1243 ἧτοῦ15

274 1255 428 1311 Κράλη
449 1254 606 1310 γαμετὴ
623 1288 635 1308 ,
667 1256 738 1297 καί
754 1254 973 1309 καθήψατο
996 1257 1153 1310 πικρῶς
1178 1256 1250 1296 καί
1273 1251 1487 1307 ἇπέπεμπε
1513 1253 1615 1309 πρὸς
1643 1254 1727 1307 60--

273 1319 374 1375 γῆν,
418 1318 475 1370 ὥς
503 1317 629 1361 ἄδικα
657 1321 962 1375 πρεσβεύοντας
990 1323 1062 1361 καί
1086 1318 1240 1374 πολλήν
1268 1320 1410 1367 αὐτοῖς
1440 1317 1514 1373 τὴν
1545 1320 1716 1370 α’δοξίαν

275 1386 452 1428 οἴσοντα.
510 1384 665 1437 ὁμοίως
703 1387 750 1426 δὲ
787 1384 859 1426 καί
899 1384 938 1426 οἱ
978 1386 1023 1427 ἐν
1064 1387 1174 1425 τέλει
1202 1383 1350 1432 πάντες
1379 1385 1462 1425 τῶν
1493 1385 1712 1439 Τριβαλῶν

271 1449 562 1504 ἐλοιδοροῦντό
606 1465 648 1491 τε
683 1451 755 1491 καί
787 1448 943 1504 πολλὴν
973 1440 1111 1491 αῧτῶν
1145 1451 1439 1501 κατεγίνωσκον
1457 1451 1646 1503 μωρίαν,
1675 1449 1716 1489 εἰ

226 1518 445 1566 Βτοιαῦτα
481 1516 637 1556 πείσειν
678 1511 883 1567 ἤλπισαν,
931 1510 1039 1554 οὕτω
1076 1512 1284 1567 μηδεμίαν
1321 1511 1766 1567 ὑπερβολὴνέλλειῖ-ας)

271 1595 400 1621 ποντα
429 1580 587 1626 κακίας.
643 1579 792 1627 πάντες
822 1577 901 1632 γάρ
937 1579 1111 1633 ἐφίλουν
1136 1578 1314 1630 βασιλέα
1343 1580 1414 1620 καί
1442 1579 1564 1620 ου’δὲν
1601 1578 1712 1632 ἠνεί-

270 1659 395 1697 χοντο
425 1645 508 1684 τῶν
541 1642 720 1696 ἀγόντων
746 1640 907 1696 βλάβην
935 1643 994 1690 εἰς
1023 1644 1181 1684 ἐκεῖνον
1202 1674 1213 1692 ,
1245 1639 1349 1683 ὥστε
1377 1644 1454 1683 καί
1474 1658 1535 1691 τις
1562 1641 1606 1694 ἐξ
1633 1643 1710 1690 αὖ,-

273 1711 355 1750 τῶν
385 1709 608 1762 Κοβάτζης
649 1707 939 1759 ὠνομασμένος
983 1707 1174 1762 φανεραῖς
1216 1708 1375 1748 α’ντεῖπε
1403 1706 1476 1747 καί
1514 1708 1710 1762 ἠπείλησε

274 1773 456 1815 θάνατον
482 1779 566 1822 τοῖς
595 1772 818 1828 πρέσβεσιν
836 1804 847 1826 ,
890 1773 929 1813 εἰ
953 1770 1012 1826 μη
1041 1770 1190 1826 τάχιον
1218 1768 1549 1814 ἀπαλλάττοιντο.
1604 1776 1704 1814 πολ-

275 1939 451 1975 perquam
488 1927 704 1971 gratiosum,
746 1937 826 1959 cum
864 1926 1022 1960 exercitu
1064 1926 1221 1960 reditum
1257 1924 1549 1967 Didymotichum
1583 1938 1709 1971 parare

276 1974 419 2014 didicit,
447 1974 641 2019 Georgium
670 1973 805 2006 Lucam
835 1978 872 2006 et
894 1973 1090 2005 Macarium
1115 1971 1381 2014 metropolitam
1407 1972 1708 2006 Thessalonicen-

276 2032 350 2054 sem
381 2020 562 2059 delectos,
587 2030 652 2062 pro
677 2019 803 2062 legatis
829 2019 875 2051 ad
901 2029 982 2051 eum
1007 2019 1148 2058 mittit,
1181 2015 1359 2061 spondens
1386 2027 1422 2048 se
1449 2019 1555 2052 urbes
1580 2020 1637 2057 ei,
1661 2021 1708 2054 de

277 2071 367 2112 quot
390 2066 620 2106 convenerit,
647 2063 883 2104 donaturam,
921 2064 952 2097 si
976 2069 1118 2097 tantum
1145 2063 1425 2096 Cantacuzenum
1453 2065 1523 2097 sibi
1547 2067 1705 2100 vinctum

275 2113 410 2146 mittat.
459 2111 546 2155 Qui,
572 2111 751 2155 legatione
788 2110 1027 2155 reprehensa,
1077 2110 1253 2144 recusavit
1285 2109 1426 2141 libere:
1468 2122 1540 2144 non
1587 2112 1706 2145 solum

277 2159 375 2192 enim
411 2163 559 2201 propter
589 2167 718 2200 paucas
757 2156 884 2196 urbes,
921 2155 983 2189 sed
1014 2166 1080 2189 nec
1114 2160 1260 2200 propter
1295 2155 1489 2188 Romanum
1515 2154 1705 2202 imperium

276 2205 482 2237 universum
506 2208 643 2235 tantum
671 2203 785 2235 scelus
812 2202 917 2235 edere
941 2202 1043 2235 velle.
1084 2200 1236 2235 Proinde
1261 2211 1320 2233 eos
1344 2200 1529 2236 frustratos
1555 2204 1702 2241 dimisit.

275 2250 352 2294 Qui
384 2249 532 2294 regressi
569 2249 799 2291 Byzantium,
831 2248 931 2280 brevi
966 2258 1085 2281 rursus
1125 2247 1272 2285 adsunt,
1301 2246 1540 2293 narrabatque
1565 2250 1702 2292 Crales,

277 2297 315 2327 in
340 2296 452 2328 altera
486 2295 552 2327 hac
588 2294 768 2338 legatione
795 2294 899 2326 urbes
927 2303 1049 2326 omnes
1078 2291 1320 2326 occidentales
1345 2299 1486 2336 praeter
1510 2295 1702 2330 Thessalo-

276 2343 394 2375 nicam
433 2341 503 2372 sibi
542 2340 691 2379 oblatas,
731 2345 784 2379 ut,
810 2341 840 2372 si
875 2339 1157 2372 Cantacuzenum
1181 2337 1321 2370 tradere
1347 2339 1485 2381 nollet,
1512 2342 1636 2374 saltem
1661 2343 1701 2376 in

277 2397 417 2420 carcere
444 2386 634 2423 detineret,
667 2387 796 2419 Verum
823 2386 954 2430 legatos
979 2384 1096 2417 denuo
1121 2384 1308 2417 frustratos
1336 2385 1483 2424 reiecit,
1516 2387 1699 2430 affirmans,

275 2434 486 2478 neutiquam
515 2433 592 2465 fleri
618 2443 743 2476 posse,
772 2442 864 2476 quae
890 2436 1064 2475 peterent.
1111 2430 1247 2462 Helena
1275 2442 1433 2474 quoque,
1462 2433 1573 2465 Cralis
1611 2445 1698 2468 con-

274 2480 356 2517 iux,
398 2484 438 2511 ut
473 2480 599 2524 iniqua
632 2483 668 2510 et
700 2478 769 2511 sibi
807 2478 894 2522 ipsis
917 2477 1088 2521 probrosa
1112 2480 1275 2519 petentes
1293 2501 1302 2515 ,
1325 2477 1454 2510 acriter
1478 2477 1697 2523 obiurgatos,

274 2524 545 2568 indignabunda
575 2524 720 2568 repulit,
778 2524 951 2556 Similiter
975 2532 1096 2554 omnes
1123 2521 1275 2555 Triballi
1302 2533 1464 2566 proceres
1490 2524 1526 2556 in
1552 2536 1613 2558 eos
1636 2527 1696 2563 in·,

273 2570 498 2603 vehebantur
523 2570 785 2615 singularisque
810 2569 986 2602 stultitiae
1013 2566 1271 2611 coarguebant,
1295 2579 1374 2600 cum
1401 2569 1486 2602 talia
1509 2581 1546 2604 se
1577 2572 1694 2615 impe·

272 2620 429 2648 traturos
454 2622 681 2660 sperassent,
707 2627 799 2660 quae
824 2614 912 2646 adeo
937 2624 1079 2646 omnem
1105 2613 1245 2646 scelesti
1274 2615 1440 2647 facinoris
1470 2618 1693 2660 magnitudi-

271 2673 352 2694 nem
378 2663 706 2705 complecterentur.
757 2659 916 2693 Universi
943 2662 1078 2705 quippe
1104 2659 1350 2701 imperatorem
1381 2661 1694 2705 diligentes‚nilril

271 2706 460 2743 ferebant,
493 2706 591 2751 quod
627 2708 659 2740 ei
698 2712 913 2740 nocumento
948 2710 1049 2739 esset.
1099 2705 1198 2738 Unde
1225 2705 1371 2750 quidam
1397 2706 1445 2739 de
1470 2708 1564 2747 illis,
1589 2719 1688 2749 voca-¹

271 2751 359 2787 bulo
393 2751 589 2792 cabatzcs,
628 2753 748 2798 palam
781 2751 1001 2796 refragatus,
1043 2755 1192 2785 mortem
1239 2751 1362 2796 legatis
1396 2753 1624 2795 minabatur,
1653 2755 1693 2788 ni
