1820 3152
313 157 423 223 540
730 194 732 196 ·
838 176 1203 222 CANTACUZEM

116 283 302 327 A·C·¹345
316 277 444 329 δῆθεν
477 273 703 330 γράμματα
744 274 908 331 ἐδήλου,
963 275 1016 333 ἦν
1045 281 1092 322 δὲ
1121 279 1295 334 Κλήμης
1321 283 1392 334 τῆς
1416 280 1641 335 ςΡοιηιιαιῖιον
1667 285 1736 327 ἐκ·

309 342 478 395 κλησίας
518 341 612 382 τότε
645 341 868 396 προεστώς.
921 346 993 387 καί
1019 341 1223 401 ζωγράφῳ
1253 344 1335 387 τινί
1361 347 1634 406 Πραιποσίτῳ
1663 365 1736 392 κα-

307 406 492 463 λουμένῳ
519 407 779 461 ἐγχειρίσας,
822 409 1020 461 ἐξέπεμπε
1058 408 1163 464 πρὸς
1190 409 1349 452 Πάπαν
1383 413 1533 466 μηδενὶ
1558 414 1733 463 ἐξειπεῖν

307 468 506 519 κελεύσας
544 468 589 512 τὸ
626 470 866 528 α’πόρῥητον
910 473 1137 527 βασιλίδος.
1202 470 1323 517 οῦδὲν
1359 478 1406 517 δὲ
1450 478 1603 526 ἐκεῖνος
1645 473 1739 535 ᾔδει

307 536 453 588 πλέον,
482 537 522 578 εἰ
546 537 604 591 μὴ
636 534 696 579 ὅτι
721 539 923 590 πέμποιτο
952 539 1056 592 πρὸς
1072 539 1244 586 Πάπαν.
1303 538 1482 596 Κλήμης
1510 542 1558 584 δὲ
1585 542 1608 585 ὅ
1635 543 1774 586 Ποῖ-5·

276 609 425 656 Οπας,
454 601 546 644 ἐπεὶ
571 604 734 653 δέξαιτο
762 602 816 644 τὰ
843 596 1054 657 βασιλίδος
1082 603 1331 660 γράμματα,
1369 606 1645 662 ὖπερησθείς,
1675 603 1739 650 ὅτι

308 667 382 710 καί
395 668 421 723 ἦ
441 667 604 722 βασιλὶς
623 667 779 724 αἱροῖτο
806 668 856 711 τά
886 671 1067 723 ἐκείνων,
1096 673 1166 712 καί
1192 670 1260 723 ιὸς,
1299 673 1338 713 εἰ
1362 673 1445 713 τῶν
1471 675 1662 725 πολέμων
1687 673 1740 714 α’·-

302 737 544 789 παλλαγοίη,
579 734 772 790 φανερῶς
799 735 943 784 αὐτοῖς
973 735 1271 792 προσθήσεται,
1297 735 1531 792 α’ντέγραφε
1555 735 1631 779 καὶ
1655 738 1740 779 αὖα

299 798 399 853 τὸς,
445 803 591 855 πρῶτα
621 802 698 852 μὲν
727 801 904 842 ἐπαινῶν
931 803 1001 856 τῆς
1027 804 1334 857 προαιρέσεως,
1378 798 1445 842 ὅτι
1486 804 1619 844 καίτοι
1645 794 1739 844 ’τινα

306 870 560 920 ραννουμένη
586 867 667 907 τῶν
693 864 832 921 ὀρθῶν
860 865 1072 920 δογμάτων
1105 863 1179 907 οὖκ
1199 863 1378 921 ἆπὲστη,
1435 862 1541 908 ἄλλα
1561 864 1790 922 τῇ,“Ρω-ιο

306 934 444 984 μαίων
479 932 669 989 ἐκκλησίᾳ
696 933 973 988 συμφρονοιή.
1028 930 1170 974 ἔπειτα
1202 931 1273 973 καί
1298 931 1535 986 ἐδίδασκεν,
1566 930 1623 981 ὥς
1647 931 1730 989 χρὴ

308 999 392 1038 τῶν
419 997 520 1038 ἴσων
536 994 711 1049 ἔχεσθαι
742 992 811 1038 eisc·
822 1029 835 1049 ,
863 996 936 1039 καὶ
958 995 1056 1047 τούς
1088 991 1242 1046 ἅλλους
1267 996 1430 1052 ἐνάγειν
1453 998 1738 1052 ἠπατημένους

309 1063 383 1103 καί
413 1063 484 1116 τῆς
515 1061 712 1116 ἀληθείας
738 1061 1000 1115 ἐκπεσόντας,
1068 1065 1305 1103 τελευταῖον
1342 1065 1388 1105 δὲ
1416 1060 1632 1117 ἐπηύχετο,
1662 1064 1737 1106 καί

308 1124 498 1182 χρηστάς
513 1125 705 1168 ὑπετίθει
729 1125 806 1177 τας
833 1127 1016 1180 ἐλπίδας,
1045 1125 1100 1175 ὦς
1129 1127 1348 1182 βοηθήσων
1382 1124 1460 1180 ὅ,τι
1480 1122 1531 1169 ἂν
1551 1125 1736 1178 δυ’ναιτο.

308 1194 439 1234 ταῦτα
465 1190 521 1234 τὰ
545 1191 771 1246 γράμματα
800 1188 1030 1246 ἐνεγκόντος
1064 1193 1371 1247 Πραιποσίτου,
1403 1191 1631 1248 ἐφύλαττεν
1658 1193 1790 1241 ati-15

275 1256 390 1306 Βτὸς
412 1259 456 1300 ἑν
485 1257 714 1314 ἀπορρήτῳ,
743 1255 932 1298 διενοεῖτό
958 1271 1001 1298 τε
1032 1256 1115 1308 ὥς,
1145 1257 1186 1299 εἰ
1208 1258 1286 1309 μὲν
1309 1260 1492 1299 πείθοιτο
1522 1257 1548 1312 ἦ
1576 1256 1742 1310 βασιλὶς

309 1323 442 1379 αὐτῷ,
491 1317 631 1379 ἑφόἶς
669 1321 720 1363 ἂν
749 1323 895 1376 α’ξιοίη,
923 1322 1053 1376 μηδὲν
1078 1326 1230 1373 κινεῖν,
1273 1323 1314 1363 εἰ
1337 1323 1383 1363 δὲ
1410 1320 1483 1376 μὴ,
1511 1324 1646 1364 ταῦτα
1674 1323 1738 1364 ἐπ’

307 1390 525 1443 ἐκκλησίας
562 1383 815 1442 α’ναγνόιίτα,
859 1388 1116 1436 Βυζαντίους
1158 1388 1223 1433 ἐπ’
1258 1385 1391 1441 αὐτὴν
1420 1388 1640 1443 παρορμᾷν
1666 1388 1740 1430 καὶ

309 1454 574 1509 διαφθείρειν
615 1451 749 1507 αὕτήν
787 1453 859 1493 καί
889 1452 1065 1499 παῖδας·
1112 1447 1206 1507 ᾔδει
1242 1449 1320 1506 γὰρ
1350 1449 1454 1506 πρὸς
1480 1454 1598 1494 τοῦτο
1626 1449 1737 1494 πάνυ

307 1519 734 1571 δυσανασχετοῦντας·
751 1515 824 1558 καὶ
849 1513 981 1572 ῥᾷστα
1010 1513 1118 1557 κατὰ
1149 1515 1303 1564 παντὸς
1324 1514 1564 1559 οὑτινοσοῦν
1589 1515 1788 1573 χωρή-αα

307 1598 484 1636 σοντας,
514 1577 566 1623 ἂν
595 1580 813 1623 πύθωνται
840 1579 892 1622 τοὶ
921 1582 1120 1623 Λατίνων
1147 1578 1372 1637 ᾑρημένην·
1413 1580 1487 1624 καὶ
1510 1579 1622 1624 οὕτω
1653 1583 1736 1624 πᾶ..

307 1664 388 1690 σαν
413 1645 545 1689 αὐτὸν
585 1644 819 1696 Βυζαντίου
860 1644 934 1688 καί
968 1646 1050 1687 τῶν
1092 1647 1228 1700 νήσων
1257 1644 1367 1700 ἔχειν
1392 1645 1466 1702 τὴν
1494 1641 1643 1702 ἀρχήν.
1696 1648 1737 1690 εἰ

311 1711 436 1768 δὲμὴ
458 1714 711 1768 προχωροίη,
738 1712 846 1767 μηδὲ
876 1714 1082 1755 πείθοιντο
1114 1709 1152 1753 οἱ
1182 1710 1406 1763 Βυζάντιοι
1431 1710 1629 1765 βασιλίδα
1663 1712 1738 1758 ,καί

403 1802 455 1827 ιι.
473 1776 696 1837 συμφωνοίη
721 1790 769 1825 Μ.
799 1815 803 1818 -
1683 1783 1687 1790 ⁸

306 1871 368 1910 sis,
384 1871 507 1904 statim
531 1871 711 1904 Romanae
737 1871 958 1916 apostolicae
984 1871 1156 1909 ecclesiae
1181 1870 1381 1905 doctrinam
1411 1875 1448 1903 et
1475 1871 1562 1904 ritus
1586 1869 1733 1915 publice

306 1917 567 1951 celebratur-am
601 1922 638 1950 et
661 1918 742 1950 aliis
772 1918 936 1962 exemplo
967 1919 1195 1963 praeitur-am.
1246 1917 1484 1962 Imperatricis
1517 1917 1662 1951 litterae
1687 1916 1734 1950 ad

303 1974 458 2009 papam,
484 1963 547 2008 qui
574 1975 615 1996 ea
642 1968 855 2008 tempestate
881 1965 1045 1997 Clemens
1071 1970 1166 2004 erat,
1192 1963 1300 1998 huius
1325 1964 1478 1997 nominis
1506 1968 1641 2004 sextus,
1663 1961 1734 1996 hu-

305 2010 463 2043 iusmodi
486 2009 643 2042 fuerunt.
691 2011 757 2044 Eas
782 2010 916 2055 pictori
939 2010 1105 2050 cuidam,
1139 2012 1196 2044 cui
1221 2021 1352 2044 nomen
1377 2010 1623 2053 praepositus,
1652 2019 1732 2042 cum

305 2055 515 2089 tradidisset
544 2056 797 2100 Apocauehus,
823 2057 869 2088 ad
891 2067 1020 2101 papam
1044 2057 1161 2090 misit:
1192 2056 1384 2095 mandans,
1410 2067 1456 2088 ne
1481 2056 1540 2087 cui
1563 2066 1732 2089 arcanum

304 2104 485 2148 Augustae
519 2103 747 2148 patefaceret,
797 2103 892 2148 Qui,
929 2103 1000 2136 uisi
1030 2103 1129 2148 quod
1159 2102 1204 2135 ad
1230 2113 1359 2146 papam
1381 2102 1604 2142 mitteretur,
1630 2112 1732 2147 prae-

305 2154 406 2182 terea
441 2148 536 2183 nihil
575 2148 721 2182 sciebat.
768 2150 957 2190 Clemens,
991 2148 1123 2182 litteris
1154 2150 1331 2193 acceptis,
1373 2148 1543 2180 omnibus
1583 2148 1733 2181 incessit

305 2195 457 2228 laetitiis
472 2220 481 2235 ,
506 2196 766 2240 imperatricem
801 2207 920 2229 secum
944 2195 1227 2234 communicare,
1251 2199 1311 2234 et,
1337 2196 1367 2227 si
1391 2194 1489 2227 bello
1514 2194 1733 2238 defungere-

306 2246 386 2283 tur,
421 2242 541 2286 palam
581 2241 619 2274 id
645 2241 818 2275 facturam
835 2266 844 2282 ,
880 2242 1054 2275 rescribit.
1103 2242 1152 2274 Ac
1176 2240 1355 2286 principio
1382 2252 1458 2273 eam
1483 2239 1527 2273 de
1553 2241 1733 2274 constanti

307 2288 494 2321 voluntate
535 2287 676 2329 laudat,
713 2288 810 2332 quod
843 2288 1001 2333 quamvis
1040 2287 1104 2320 sub
1142 2287 1270 2331 iniquo
1311 2287 1480 2326 domino,
1518 2297 1537 2318 a
1562 2286 1732 2330 legitimis

309 2334 536 2378 dogmatibus
574 2345 647 2366 non
677 2334 904 2375 discesserit,
940 2333 1002 2366 sed
1036 2345 1114 2366 cum
1154 2334 1310 2366 Romana
1346 2334 1494 2366 ecclesia
1519 2334 1732 2367 consentiat.

308 2380 449 2413 Deinde
483 2381 664 2425 quomodo
700 2381 828 2414 iisdem
858 2385 1033 2424 perpetuo
1070 2379 1286 2418 adhaerere,
1317 2383 1354 2411 et
1382 2380 1475 2412 alios
1510 2378 1548 2411 in
1572 2378 1732 2411 fraudem

311 2426 477 2459 inductos
521 2432 629 2471 atque
663 2437 682 2457 a
707 2428 858 2459 veritate
891 2426 1012 2459 devios
1045 2425 1171 2459 eodem
1213 2426 1382 2459 reducere
1419 2425 1570 2464 debeat,
1594 2425 1746 2458 edocet.v

310 2472 472 2506 Tandem
496 2473 590 2506 bene
614 2478 776 2516 precatus
804 2478 840 2506 et
865 2472 957 2505 bene
985 2483 1126 2516 sperare
1151 2472 1292 2510 iubens,
1307 2476 1477 2516 quantum
1500 2472 1539 2503 in
1565 2482 1601 2504 se
1626 2475 1732 2510 esset,

311 2529 414 2561 opem
446 2520 601 2552 laturum
637 2519 838 2563 pollicetur.
887 2519 956 2551 Has
994 2519 1130 2552 litteras
1167 2529 1246 2550 cum
1280 2518 1503 2561 praepositus
1539 2517 1731 2556 attulisset,

311 2563 388 2605 ipse
429 2564 660 2609 Apocauehus
696 2576 823 2598 arcane
860 2564 1044 2598 servabat:
1075 2570 1115 2597 ut
1139 2566 1168 2597 si
1199 2565 1345 2609 quidem
1370 2566 1485 2607 petita
1509 2563 1579 2595 sibi
1603 2573 1732 2596 conce-

312 2609 433 2649 deret,
466 2612 558 2644 nihil
593 2617 773 2644 moveret:
809 2613 863 2644 sin
887 2613 1028 2650 minus,
1060 2621 1123 2655 per
1150 2623 1208 2643 eas
1235 2611 1272 2642 in
1296 2616 1472 2651 conventu
1503 2610 1624 2649 lectas,
1648 2609 1730 2652 ple—x

312 2655 394 2690 hem
432 2656 475 2688 ad
509 2658 621 2701 ipsam
655 2669 724 2690 uua
758 2669 838 2691 cum
864 2656 986 2692 liberis
1020 2657 1293 2690 interimendam
1331 2656 1538 2691 concitaret.
1587 2654 1731 2688 Sciebat

313 2703 425 2742 enim>
444 2702 481 2734 id
515 2705 707 2746 aegerrime
733 2704 896 2744 laturam,
926 2703 1167 2747 facillimeque
1201 2703 1311 2736 cuivis
1349 2713 1385 2735 se
1410 2701 1650 2746 oppositurum
1666 2726 1674 2739 ,
1699 2703 1750 2734 si.

312 2757 389 2787 earu
414 2747 623 2789 Latinorum
652 2750 791 2785 decreta
816 2750 1035 2796 complexam
1062 2750 1296 2794 intelligeret:
1324 2749 1373 2785 sie
1399 2753 1512 2783 totum
1534 2759 1571 2783 se
1595 2749 1728 2789 Byzan-
