1806 3152
520 190 892 233 HISTORIARUM
940 192 1011 230 111.
1041 194 1135 235 100.
1442 167 1478 221 6
1491 187 1509 220 1
1521 167 1559 222 3

122 293 277 333 τιωτιῐίν
318 288 429 346 ὁρμῇ
458 298 706 342 περιπεσεῖν.
763 292 912 333 αὐτίκα
941 307 986 332 τε
1016 289 1204 333 ἐπείθετο
1237 288 1259 344 ἢ
1305 287 1442 343 μήτηρ
1481 287 1588 328 καίΑ
1606 291 1743 338 0:347

122 356 193 398 τὸν
230 353 494 411 Ἀνδρόνικον
528 353 707 412 Ἀσάνην
758 355 829 397 τὰν
871 357 1076 409 βασιλέως
1120 352 1323 409 πενθερὸν
1365 353 1439 395 καί
1482 351 1557 396 τὸν

122 424 338 476 Παλαμᾶν
378 424 418 463 Γ
416 422 610 478 ρηγόριον
655 422 787 464 αὐτοῦ
831 437 911 463 που
953 420 1364 474 κατακεκλασμένους
1403 420 1447 460 ἐν
1486 420 1557 460 δε-

122 487 371 542 σμωτηρίοις
416 486 531 528 ἔνδον
568 490 791 541 βασιλείων
832 483 1010 540 ἄγεσθαι
1051 489 1214 529 ἐκέλευε
1252 483 1356 540 πρὸς
1402 482 1556 539 αὐτὴν,

97 555 195 596 ὄκαί
220 554 317 608 περί
342 555 416 603 τῆς
443 552 548 607 πρὸς
575 555 751 607 βασιλέα
779 554 1052 607 διαλεχθεῖσα
1078 551 1184 608 πρὸς
1213 549 1368 599 αὖτοὺς
1395 548 1557 605 εἰρήνης

119 618 274 671 ἔπεμπε
316 616 418 674 πρὸς
455 620 608 660 ἐκεῖνον
646 616 913 674 πρεσβευτάς.
968 617 1007 660 οἱ
1037 620 1084 660 δὲ
1111 619 1348 671 νομίσαντες
1374 618 1583 670 βασιλέαΒ

121 685 316 726 οἴδαίνειν
346 700 389 726 τε
427 686 485 742 τῷ
510 687 634 742 θυμῷ
672 687 744 726 καί
770 683 870 738 πρὸς
897 680 1058 738 ἄμυναν
1091 686 1173 725 τῶν
1200 682 1303 726 κατὰ
1332 681 1403 725 τὸν
1434 680 1555 724 πόλε-

118 765 197 802 μον
222 751 497 804 γεγενημένων
525 751 910 806 παρεσκευασμένον
937 747 1056 803 εἶναι,
1085 752 1230 804 πρῶτα
1257 751 1335 801 μὲν
1362 749 1435 790 ἒπί
1460 745 1557 801 ὸέἡ·

120 831 208 864 σεις
235 813 460 870 ἐτράποντο
500 815 571 857 καί
596 817 775 869 ἱκεσίας,
806 818 977 872 α’φεῖναι
1003 815 1077 871 τὴν
1105 814 1231 871 ὀργήν
1256 819 1341 863 τοῖς
1367 811 1557 869 ἁμαρτή-

75 897 241 935 ιοσασι,
283 884 356 923 καί
390 883 524 936 μηδὲν
556 884 680 924 πλέον
707 883 910 937 ἐπιζητεῖν
937 884 1012 925 τοῦ
1038 885 1122 924 τῶν
1149 882 1355 934 πολεμίων
1385 878 1554 934 κρείττω

121 943 227 988 εἶναι
272 949 344 989 καί
391 944 552 997 πάντας
594 948 863 1003 ὑποχειρίους
901 947 1010 1002 ὁμοῦ
1050 950 1215 1001 λαβεῖν·
1281 947 1373 992 ,ἀλλ’
1415 942 1556 999 ὥσπερ

121 1017 207 1061 τοῖς
233 1008 385 1066 ὅπλοις,
421 1010 531 1055 οὕτω
561 1012 610 1068 δὴ
641 1016 714 1056 καί
744 1016 797 1071 τῇ
811 1017 1103 1071 μεγαλοψυχίᾳ
1123 1016 1353 1069 φαίνεσθαι
1367 1014 1557 1069 νικῶντα,ἱ

120 1075 224 1133 ἥπερ
254 1077 306 1132 δὴ
334 1078 505 1133 μεγίστη
540 1078 630 1134 νίκη
657 1079 731 1121 καί
745 1081 930 1132 μάλιστα
947 1082 1210 1135 προσήκουσα
1230 1078 1355 1136 αὐτῷ’.
1413 1075 1554 1119 ἔπειτα

124 1140 375 1197 ἀπήγγελλον
412 1143 486 1185 καί
531 1143 604 1199 τὴν
639 1148 859 1200 πρεσβείαν
897 1147 1111 1199 βασιλίδος
1144 1145 1219 1187 καί
1253 1146 1415 1186 ἐδέοντο
1453 1159 1555 1197 μνη-

73 1212 234 1262 ιὸμεΐον
268 1209 341 1263 τῆς
368 1209 501 1250 αὐτοῦ
526 1212 747 1259 ἐπιεικείας
774 1211 846 1252 καί
870 1213 1189 1265 μεγαλοψυχίας
1216 1212 1289 1253 καί
1324 1212 1554 1262 συνέσεως,

118 1272 193 1327 τὴν
228 1277 326 1328 περί
362 1274 462 1324 τούς
487 1278 692 1329 βασιλέως
730 1273 1052 1332 εὐγνωμοσύνην
1088 1278 1242 1325 παῖδας
1270 1275 1556 1325 ἆνεξάλειπτον

125 1346 211 1388 τοῖς
236 1341 295 1388 εἷς
325 1336 498 1395 ὕστερον
527 1336 780 1388 καταλιπεῖν,
838 1340 1065 1384 ἐλάνθανον
1093 1344 1138 1383 δὲ
1164 1340 1292 1397 ξυρὸν
1316 1341 1591 1392 &nomin-effic

119 1403 193 1446 καὶ
229 1406 352 1446 ἵππον
395 1405 509 1447 θέειν
546 1405 710 1460 α’γαθὸν
739 1409 809 1449 ε’πί
834 1410 974 1450 πεδίον
1000 1407 1336 1463 προκαλούμενοι.
1394 1405 1450 1454 ὥς
1475 1403 1555 1460 γάρ

117 1471 248 1523 μόνον
286 1466 413 1526 ἤκουε
451 1470 550 1520 τοὺς
586 1471 732 1526 λόγους
759 1473 972 1526 βασιλεῦς,
999 1471 1134 1515 πάντα
1165 1467 1216 1528 ἦν
1245 1472 1411 1525 ἕτοιμος
1448 1470 1554 1526 ιΐπὲρ

70 1538 206 1580 ποτῶν
231 1539 436 1590 βασιλέως
463 1538 624 1580 παίδων
652 1535 866 1594 πράττειν,
892 1536 1030 1594 ὥσπερ
1054 1538 1179 1588 αὐτὸς
1199 1536 1556 1592 εὖεργετούμενος,

121 1604 212 1644 α’λλ’
249 1603 303 1644 ου’
328 1605 524 1659 παρέχων
561 1602 635 1652 τὰς
677 1606 927 1661 εὐεργεσίας.
994 1606 1078 1647 τῶν
1111 1606 1190 1658 μὲν
1236 1600 1313 1645 οὖν
1340 1605 1553 1658 πρέσβεων

120 1669 179 1725 τῷ
206 1671 395 1726 πενθερῷ
419 1671 498 1722 μὲν
525 1669 734 1722 ὠνείδιζεν
762 1667 896 1726 ἠπίως
921 1670 998 1725 τήν
1026 1669 1128 1724 πρὸς
1156 1668 1285 1712 αὐτὸν
1313 1665 1555 1723 ἄγνωμοσύή

119 1750 192 1789 νην
234 1731 255 1775 ὁ
283 1733 504 1788 βασιλεῦς,
538 1732 611 1777 ὅτι
638 1736 839 1792 πρότερον
869 1734 940 1777 ὑπ’
974 1737 1131 1779 ἐκείνου
1162 1737 1294 1790 μηδὲν
1321 1731 1553 1789 ἀδικηθείς,

119 1799 209 1841 ἀλλ’
239 1801 279 1842 εἰ
313 1801 382 1841 δεῖ
411 1817 452 1842 τι
478 1797 655 1857 τάληθὲς
683 1804 813 1845 εἰπεῖν
831 1836 842 1856 ,
873 1805 946 1845 καί
968 1802 1105 1858 μυριά
1132 1797 1186 1849 ,εὖ
1213 1799 1382 1854 παθών,
1413 1796 1478 1858 ὅδ’,
1506 1797 1555 1853 ἦ-

220 1902 271 1924 ιι.
299 1883 372 1924 ὕπό
398 1896 508 1938 χεῖρα
535 1893 582 1926 Μ.

121 1990 162 2011 ac
196 1979 354 2013 militum
391 1981 546 2014 furorem
579 1981 751 2017 incidere.
806 1983 907 2016 mico
940 1992 1107 2027 persuasa
1145 1987 1260 2015 mater
1309 1979 1556 2014 Andronicum

119 2027 273 2060 Asanem
307 2027 533 2072 imperatoris
559 2039 722 2063 socerum
770 2035 807 2064 et
841 2030 1054 2074 Gregorium
1086 2029 1265 2063 Palamam
1306 2028 1383 2062 illic
1414 2036 1555 2060 carcere

121 2073 288 2107 detentos
316 2075 362 2106 ad
386 2085 424 2107 se
452 2074 581 2109 adduci
607 2076 729 2109 iussit:
755 2076 970 2121 quibuscum
990 2075 1034 2108 de
1053 2087 1139 2122 pace
1156 2076 1276 2110 locuta
1291 2100 1301 2115 ,
1329 2086 1390 2108 eos
1414 2072 1460 2106 ad
1483 2074 1554 2106 im-

118 2125 320 2163 peratorem
347 2122 452 2166 legat.
503 2123 575 2167 Qui
592 2123 694 2156 illum
718 2127 856 2157 tumere
877 2123 1061 2156 iracundia
1102 2128 1140 2156 et
1162 2121 1430 2168 persequendas
1454 2120 1553 2153 bello

119 2173 281 2211 acceptas
305 2169 455 2202 iniurias
480 2175 645 2214 paratum
671 2180 747 2203 esse
772 2172 984 2215 opinantes,
1009 2170 1158 2214 primum
1180 2181 1302 2214 preces
1335 2174 1373 2202 et
1410 2165 1551 2211 suppli·

119 2214 278 2248 cationes
309 2214 504 2255 adhibent,
529 2222 570 2250 ut
597 2218 667 2250 reis
689 2217 891 2261 placaretur
937 2221 975 2249 et
1009 2217 1130 2250 hostes
1170 2216 1349 2251 domuisse
1382 2216 1552 2261 penitus-

119 2270 192 2304 que
216 2261 413 2295 subiecisse
429 2268 618 2297 contentus
642 2269 753 2296 esset:
781 2269 818 2297 et
839 2262 1138 2309 quemadmodum
1166 2274 1228 2296 eos
1252 2265 1358 2298 armis
1382 2263 1527 2296 vicisset
1542 2286 1554 2301 ,

118 2307 171 2339 sic
197 2312 234 2341 et
255 2308 468 2341 iniuriarum
493 2314 703 2353 contemptu
729 2315 766 2343 et
802 2309 997 2343 altitudine
1021 2311 1131 2343 animi
1157 2321 1194 2343 se
1220 2311 1337 2355 ipsum
1367 2310 1550 2343 vinceret':

118 2363 211 2398 quae
233 2355 404 2388 nimirum
427 2357 579 2389 maxima
612 2357 742 2402 illique
766 2357 1102 2391 convenientissima
1115 2357 1263 2391 victoria
1278 2362 1383 2391 esset.
1408 2354 1552 2389 Deinde

118 2399 335 2442 legationem
355 2407 577 2446 exponentes
596 2409 748 2447 petunt,
773 2410 814 2437 ut
836 2404 1009 2449 pietatem
1036 2415 1117 2447 erga
1143 2404 1308 2437 defuncti
1325 2404 1552 2448 imperatoris

117 2445 252 2480 liberos
293 2448 530 2489 clementiae,
561 2450 725 2484 excelsae
756 2452 887 2484 mentis
922 2461 962 2483 ac
995 2450 1210 2494 prudentiae
1249 2461 1334 2484 suae
1366 2456 1553 2484 aeternum

119 2498 391 2527 monumentum
416 2495 648 2541 relinqueret.
687 2498 733 2530 At
757 2498 853 2531 enim
880 2497 1091 2530 nesciebant
1115 2509 1152 2531 se
1183 2497 1394 2532 novaculam
1424 2507 1553 2530 acuere

120 2543 159 2572 et
184 2549 315 2585 equum
340 2551 518 2575 cursorem
544 2543 581 2576 in
610 2555 774 2588 campum
798 2554 1002 2589 provocare.
1052 2545 1138 2578 Cum
1158 2545 1309 2589 primum
1333 2553 1488 2587 namque
1512 2554 1554 2575 ea

118 2586 229 2638 yerba
264 2587 422 2628 audivit,
448 2590 568 2622 omnia
605 2602 642 2624 se
680 2591 826 2624 iliorum
851 2602 954 2623 causa
981 2591 1075 2625 velle
1101 2591 1280 2626 ostendit:
1317 2591 1469 2636 pei-iude
1509 2600 1553 2623 ac

120 2642 199 2675 ipse
226 2644 301 2667 non
334 2634 459 2675 daret,
488 2636 551 2669 sed
588 2638 768 2682 acciperet
804 2637 1031 2671 beneficium.
1081 2637 1251 2682 Legatum
1282 2650 1365 2673 vero
1391 2647 1554 2671 socerum

121 2678 167 2711 de
203 2680 342 2725 ingrata
378 2682 563 2716 voluntate
596 2683 731 2717 blanda
768 2684 932 2717 oratione
961 2684 1165 2730 increpuit,
1199 2685 1296 2731 quod
1323 2685 1424 2719 nulia
1448 2684 1485 2716 in
1515 2695 1553 2716 re

122 2726 296 2769 offensus,
327 2728 408 2769 sed,
441 2730 470 2764 si
496 2740 617 2764 verum
635 2729 851 2773 fatendum,
890 2730 991 2767 mille
1018 2730 1207 2767 benefieiis
1231 2733 1453 2771 cumulatus,
1479 2733 1554 2764 tam
