1812 3132
303 175 407 243 144
830 187 1197 236 CANTAcUzm

98 297 470 351 Α.Ο.1341ρᾶσ9αι.
525 289 731 349 γράφεται
763 292 814 348 δὴ
843 292 947 348 πρὸς
974 291 1111 344 πάσας
1137 291 1368 349 γράμματα
1402 293 1596 347 βασιλικὰ
1614 325 1627 349 ,
1664 310 1733 336 κε-

251 360 466 405 clesma
493 357 567 401 τὸν
607 360 738 412 μέγαν
771 359 1007 412 δομέστικον
1041 362 1239 412 πολέμιον
1268 356 1476 414 ἡγεῖσθαι,
1507 361 1581 401 καί
1605 361 1733 414 μηδε-

288 423 393 479 μίαν
424 424 626 478 δέχεσθαι
654 425 964 479 ἐπιδημοῦντα,
993 421 1100 466 ἆλλά
1129 423 1253 465 παντὶ
1278 425 1419 465 σθένει
1443 427 1636 476 πολεμεῖν
1661 425 1735 466 καὶ

289 491 569 546 διαφθείρειν.
637 488 695 538 ὥς
733 489 780 531 δὲ
816 488 889 531 καὶ
921 491 1054 531 ταῦτα
1090 487 1306 543 ἠγγέλλετο
1334 490 1392 546 τῷ
1417 485 1580 547 μεγάλῳ
1609 491 1731 543 δομε-

288 557 413 613 στίκῳ
438 553 516 597 καί
534 570 628 597 τινα
656 555 740 597 τῶν
764 555 1022 610 γραμμάτων
1048 555 1258 608 ἐκομίζετο
1284 555 1344 605 εἷς
1371 551 1584 604 ἀπόδειξιν
1609 555 1758 611 §vap-5>

288 623 343 677 γῆ
368 622 453 663 τῶν
480 621 726 675 λεγομένων,
756 620 997 676 ἐθορυβεῖτο
1023 621 1103 673 μὲν
1132 621 1329 675 σφοδρῶς
1355 614 1436 676 ἤδη
1462 619 1536 661 καὶ
1558 620 1734 673 ἐκυμαί-

285 702 380 729 νετο
420 684 496 740 τὴν
531 683 678 740 ψυχὴν
710 684 783 727 καί
817 681 944 734 αὐτὸς
971 686 1045 726 καί
1081 682 1122 726 οἱ
1161 681 1365 734 συνόντες.
1433 686 1556 727 ου’δὲν
1590 686 1731 738 μέντοι

285 751 361 794 καὶ
385 752 510 794 αὗτοί
534 750 788 806 νεωτερίζειν
814 749 1083 804 ἐπεχείρουν,
1109 748 1187 805 τήν
1214 748 1478 804 προθεσμίαν
1496 750 1732 806 περιμένον-

284 833 375 871 τες,
405 813 560 860 ἄτοπον
585 813 805 871 ἡγούμενοι
833 813 914 870 πρὸ
945 816 1101 869 ἐκείνης
1128 831 1168 857 τι
1194 817 1360 872 τολμᾷν.
1415 815 1508 857 ἐπεὶ
1534 817 1581 857 δὲ
1607 815 1728 870 ἡκού-

283 899 361 938 σης
399 884 443 925 οἳ
478 897 522 925 τε
563 883 756 938 πρέσβεις
790 882 988 936 παρῆσαν
1025 880 1216 933 οὖδαμοῦ
1243 879 1318 921 καί
1342 874 1439 922 οὔτε
1465 880 1782 936 γράμμασιν,ιο

285 941 380 990 οὕτε
406 945 493 1002 μὴν
521 944 654 1002 λόγοις
681 941 954 1001 ἧδυνήθησαν
983 946 1091 1000 δῆλα
1117 946 1276 987 θέσθαι
1302 943 1357 987 τοὶ
1374 947 1623 1000 γεγενημένα
1643 945 1724 988 ὖπό

282 1015 362 1055 τοῦ
389 1014 673 1069 φρουρεῖσθαι
704 1011 932 1068 ἀσφαλῶς,
974 1007 1066 1052 ὅσοι
1103 1011 1188 1052 τῶν
1224 1013 1507 1066 συγκλητικῶν
1535 1013 1728 1068 παρῆσαν

281 1081 328 1121 ἐν
345 1079 637 1134 Διδυμοτείχῳ
660 1079 733 1118 καί
757 1073 955 1132 ἡγεμόνες
983 1077 1059 1131 τῆς
1085 1078 1283 1132 στρατιᾶς
1311 1073 1399 1130 ἅμα
1423 1075 1529 1132 πρὸς
1556 1075 1627 1120 τὸν
1650 1080 1727 1131 μέ-

239 1156 272 1191 D
282 1161 360 1200 γαν
402 1143 645 1197 δομέστικον
685 1142 900 1195 ἐλθόντες,
944 1144 1091 1197 μηκέτι
1114 1144 1281 1194 μέλλειν
1308 1142 1628 1195 συνεβούλευον,
1668 1142 1726 1191 ὥς

277 1209 413 1265 πάσης
439 1208 690 1265 προφάσεως
717 1203 798 1263 ἤδη
825 1207 1139 1265 περιῃρημένης,
1160 1205 1266 1249 ἄλλα
1296 1208 1591 1260 σκεψαμένους
1608 1204 1780 1258 ἐξευ-ιΰ

277 1274 438 1331 ρίσκειν
457 1307 469 1328 ,
518 1270 618 1316 ὅθεν
657 1269 711 1315 ἂν
745 1270 810 1327 εἴη
852 1276 923 1315 καί
950 1273 1090 1321 αὕτοῖς
1117 1274 1365 1328 πορίζεσθαι
1389 1270 1464 1328 την
1493 1276 1718 1328 σωτηρίανι
1747 1285 1749 1287 ’

275 1342 335 1397 τῷ
363 1342 400 1381 δ’
425 1338 594 1382 ἐδόκουν
621 1341 701 1392 μὲν
729 1335 781 1380 τοὶ
810 1340 1103 1380 λυσιτελοῦντα
1121 1340 1436 1391 συμβουλεύειν.
1497 1339 1597 1380 οὐδὲ
1623 1337 1720 1394 γὰρ,

275 1404 492 1458 βασιλίδος
518 1402 592 1445 καί
616 1405 697 1445 τῶν
727 1405 826 1460 περὶ
851 1402 998 1458 αὖτὴν,
1029 1402 1058 1445 ἃ
1086 1407 1314 1445 λυσιτελεῖν
1345 1402 1486 1452 αὐτοῖς
1515 1401 1720 1457 ἐνόμιζον,

276 1465 542 1526 πραττόντων
561 1501 573 1523 ,
621 1468 778 1518 αὐτοὺς
805 1467 960 1524 α’ργούς
991 1468 1213 1524 προσήκειν
1241 1465 1343 1527 ᾤετο
1371 1471 1604 1524 καθῆσθαι.
1657 1467 1720 1511 ἔτι

273 1551 321 1590 γε
358 1533 443 1590 μὴν
480 1532 668 1587 οἰόμενος
706 1532 886 1576 ἔσεσθαί
911 1550 1005 1576 τινα
1038 1534 1274 1589 μεταβολὴν
1297 1532 1371 1575 καί
1395 1532 1620 1575 κατάλυσιν
1646 1534 1775 1576 τοῦΞσ

273 1603 486 1653 πολέμου,
524 1599 752 1654 παρεκάλει
793 1597 893 1648 τούς
928 1597 1157 1651 συνόντας,
1201 1599 1260 1654 μὴ
1298 1605 1593 1655 μικροψυχεῖν,
1622 1594 1725 1655 μηδ’Ι

275 1661 477 1723 ἆφορμιὶς
506 1666 707 1720 παρέχειν
734 1665 791 1721 τῷ
817 1666 996 1723 πολέμῳ,

148 1741 183 1775 Ρ.
200 1740 270 1786 424
388 1733 463 1774 κδ’.
514 1730 696 1785 Ὀλίγαις
741 1731 788 1772 δὲ
823 1728 996 1786 ὕστερον
1038 1730 1217 1786 ἡμέραις
1255 1726 1329 1786 ἧκε
1365 1729 1471 1785 πρὸς
1514 1724 1643 1771 miron
1669 1730 1716 1770 ἐκ

140 1809 183 1844 V.
196 1809 263 1854 343
276 1798 512 1849 Βυζαντίου
555 1798 601 1839 ἐκ
635 1797 720 1838 τῶν
757 1796 830 1850 τῆς
868 1797 1083 1851 βασιλίδος
1121 1797 1285 1839 οἰκετῶν
1312 1795 1335 1837 ὅ
1368 1792 1585 1851 Τζυροίκης
1612 1792 1715 1837 αἶνο-

366 1903 398 1937 5.
423 1899 662 1948 γραμμάτων
686 1899 752 1943 Μ.,
777 1898 1017 1945 πραγμάτων
1039 1895 1076 1934 P.

271 1997 568 2032 transmittuntur
592 1996 790 2041 epistolae,
827 1993 960 2041 quibus
995 1995 1234 2039 praecipitur,
1272 1999 1438 2038 magnum
1476 1993 1713 2029 domesticum

273 2045 391 2077 hostis
426 2044 506 2076 loco
539 2042 722 2076 habeant:
759 2041 805 2074 ad
828 2051 866 2074 se
889 2041 1092 2074 venientem
1119 2042 1220 2074 nulla
1246 2041 1425 2086 excipiat:
1452 2041 1571 2074 nervis
1595 2042 1713 2074 omni·-

274 2091 343 2124 bus
372 2090 406 2122 ei
431 2090 602 2122 resistant
628 2099 783 2133 eumque
809 2087 1031 2132 disperdant.
1064 2113 1069 2115 a
1097 2087 1195 2120 Haec
1224 2091 1263 2120 ut
1287 2088 1343 2120 illi
1369 2087 1536 2120 nuntiata
1561 2092 1645 2120 sunt
1674 2091 1712 2121 et

273 2136 321 2170 ad
345 2136 565 2169 luculentam
582 2134 889 2167 confirmationem
912 2132 1061 2179 aliquod
1075 2133 1283 2166 huiusmodi
1297 2134 1472 2180 epistolae
1489 2138 1715 2177 apportante,-

276 2194 358 2216 cum
393 2182 468 2215 suis
500 2181 702 2225 nimiopere
734 2180 990 2219 conturbatus,
1021 2191 1183 2212 curarum
1218 2185 1319 2213 aestu
1360 2179 1573 2222 ssu'ctuavit3
1615 2180 1711 2213 nihi-1

274 2234 398 2262 tamen
420 2228 504 2262 novi
528 2230 738 2268 tentarunt,
761 2226 860 2259 diem
886 2225 1089 2259 oratoribus
1122 2226 1314 2259 reversuris
1343 2225 1570 2269 praefinitam
1605 2234 1710 2270 prae-

274 2276 468 2314 stolantes,
496 2272 704 2306 indecorum
728 2273 822 2311 rati,
845 2272 945 2316 prius
971 2272 1170 2316 quidquam
1198 2272 1390 2316 inceptare.
1429 2272 1478 2304 Ea
1503 2271 1567 2313 ubi
1593 2275 1709 2314 affuit,

273 2332 342 2355 nec
364 2321 476 2365 legati
502 2326 651 2364 usquam
675 2323 923 2363 comparerent
947 2323 984 2351 et
1009 2328 1127 2363 neque
1149 2319 1295 2358 litteris,
1318 2328 1438 2363 neque
1463 2319 1708 2359 internuntiis,

274 2379 368 2412 quae
402 2373 480 2400 acta
511 2371 658 2407 essent,
690 2366 888 2410 significare
926 2369 1093 2408 possent,
1127 2369 1318 2410 propterea
1341 2364 1439 2409 quod
1463 2369 1566 2399 caute
1585 2370 1707 2400 custo-

274 2413 488 2447 diebantur:
527 2416 708 2458 quotquot
753 2412 944 2455 optimates
985 2410 1230 2453 Didymotichi
1255 2410 1492 2444 versabantur
1527 2417 1566 2445 et
1596 2411 1707 2446 duces·

274 2461 362 2493 item
399 2458 576 2493 exercitus
609 2458 717 2491 simul
750 2456 798 2490 ad
832 2467 995 2502 magnum
1032 2456 1267 2490 domesticum
1310 2456 1505 2497 adeunte-52,
1541 2462 1703 2492 auctores

272 2511 389 2546 erant,
413 2517 459 2539 ne
486 2505 786 2550 procrastinaret,
812 2505 910 2537 omni
934 2503 1004 2536 iam
1025 2507 1214 2547 praetextu
1239 2502 1394 2543 sublato,
1413 2508 1450 2536 et
1474 2502 1519 2536 de
1542 2504 1703 2550 ipsorum

271 2553 381 2585 etiam
427 2552 542 2584 salute
586 2550 906 2595 incolumitateque
941 2549 1126 2594 cogitaret,
1179 2550 1315 2582 Placuit
1351 2548 1549 2583 consilium.
1610 2549 1703 2584 Cum

269 2599 368 2631 enim
393 2598 603 2641 imperatrix
626 2607 706 2630 cum
730 2597 886 2631 factione
911 2606 974 2628 sua
1001 2596 1176 2629 utilitates
1201 2606 1281 2628 suas
1306 2601 1469 2635 curaret,
1502 2595 1600 2630 haud
1636 2596 1702 2629 ille'

269 2644 340 2677 sibi
364 2643 563 2676 sedendum
588 2642 842 2679 arbitrabatur.
879 2635 1003 2676 Nihilo
1029 2642 1148 2675 minus
1173 2643 1328 2687 ali-quam
1355 2641 1474 2675 adhuc
1495 2643 1702 2676 conversio·

268 2701 351 2723 nem
382 2690 545 2734 bellique
582 2690 858 2723 dissolutionem
903 2698 1071 2733 sperans,
1106 2700 1191 2721 suos·
1223 2700 1268 2722 ne
1305 2688 1433 2721 animis
1467 2686 1698 2722 conciderent·

268 2747 358 2772 neve
381 2735 519 2770 bellum
545 2735 749 2776 irritarent,
771 2734 994 2768 hortabatur.

362 2783 417 2828 24.
466 2781 588 2815 Paucis
613 2786 695 2827 post
727 2781 854 2816 diebus
884 2793 927 2815 ex·
954 2781 1079 2815 aulicis
1107 2780 1341 2825 imperatricis
1368 2780 1530 2824 Cyriacus
1555 2780 1698 2824 Byzan&
