1812 3132
271 179 290 215 1
306 161 378 215 26
815 180 1186 226 CANTACUZENI

65 289 105 324 A.
119 287 158 327 C.
175 279 312 332 13412'v'
326 280 571 334 αἰσθομένη,
599 279 654 320 τὰ
686 281 835 324 δέοντα
860 285 961 338 περί
984 299 1028 324 τε
1057 282 1211 339 ἑαυτῆς
1237 286 1519 343 βουλεύσηται
1546 292 1618 332 καὶ
1639 293 1706 333 τέ-

260 361 377 387 κνων.
434 344 485 385 οὔ
514 343 595 400 γάρ
624 347 723 399 περὶ
747 349 910 402 μικρῶν
936 364 1060 391 τινων
1089 347 1197 391 εἶναι
1225 350 1299 393 τὸν
1329 354 1518 396 κίνδυνον
1544 355 1706 410 αὖτοῖς,

262 410 350 452 ἀλλ’
386 407 470 450 εἴτε
512 410 585 466 ζῇν
628 413 790 462 καλῶς,
833 415 909 466 τῆς
939 411 984 453 ἐκ
1013 415 1205 471 πατρῴου
1235 417 1391 471 κλήρου
1421 418 1708 474 προσηκούσης

263 476 487 528 ἐχομένους
504 476 747 528 βασιλείας,
775 472 803 531 ἢ
823 474 1103 532 ἀποθνήσκειν
1130 475 1306 534 ἀκλεῶς,
1336 483 1712 535 ἐπιβουλευθέντας

263 540 334 581 ὑπ’
353 541 510 582 ἐκείνου
523 573 536 593 ,
567 537 745 593 δύναμιν
773 541 981 597 τοσαύτην
1009 545 1054 584 ἐκ
1079 545 1155 585 τοῦ
1180 548 1262 588 τῶν
1280 546 1538 602 πραγμάτων
1563 544 1737 605 ἅρχειν5

265 606 526 658 κεκτημένου.
579 606 744 659 βασιλὶς
773 607 818 649 δὲ
847 606 1144 650 ’ὑποπτεύουσα
1177 606 1275 666 ὅπερ
1301 607 1378 666 ἦν,
1410 609 1461 653 οὔ
1491 610 1618 666 μόνον
1639 613 1715 656 οὖκ

266 668 436 726 ἐπῄνεσε
474 668 526 711 τὰ
564 671 782 726 εἰρημένα,
822 669 910 714 ἀλλ’
948 673 1066 729 ἐῴκει
1106 674 1180 716 καὶ
1211 674 1428 735 ἆχθομένῃ
1467 677 1538 720 διὰ
1567 678 1717 721 ταῦτα.

229 735 445 791 Βπαρῄνει
472 751 514 777 τε
544 734 688 785 αῦτοῑς
717 738 956 791 α’πέχεσθαι
980 741 1062 779 τῶν
1090 743 1406 796 συκοφαντιῶν,
1435 742 1493 792 ὥς
1521 741 1715 796 οὐδενὸς,

268 797 334 842 ὃ’σ’
365 796 416 842 ἄν
451 816 515 850 τις
542 800 675 854 εἴποι,
705 802 923 844 διάστασιν
951 804 1059 860 αὐτῇ
1089 806 1323 858 δυναμένου
1357 806 1458 861 πρὸς
1484 806 1557 850 τὸν
1584 809 1717 862 μέγαν

269 866 510 918 δομέστικον
537 868 786 929 ἐμποιῆσαι,
837 870 987 924 σαφῶς
1015 873 1266 928 πεπεισμένῃ
1299 873 1466 928 τοῖληθῆ
1490 872 1565 914 καί
1589 887 1772 928 προσ-πο

269 932 422 985 ἥκοντα
466 932 564 988 περὶ
600 933 746 975 αὐτοῦ.
813 933 908 976 ἐπεὶ
950 936 996 976 δὲ
1042 929 1249 990 ἄπρακτοι
1298 939 1449 979 ἐκεῖνοι
1491 940 1717 993 ἐπανῆκον,

266 1000 480 1054 Ἆρτῶτος
521 1000 830 1053 προσεπὲμπετο
871 995 962 1052 ἅμα
1003 1001 1056 1057 τῇ
1082 1004 1224 1056 μητρί.
1279 1001 1331 1044 τοὶ
1363 1000 1435 1044 ἴσα
1465 1004 1511 1046 δὲ
1539 1005 1721 1045 κιὶκεῖνοι

274 1065 618 1118 οἷπαγγειλαντες,
649 1064 989 1120 ἀπεπέμφθησαν
1016 1064 1121 1121 πρὸς
1142 1063 1297 1122 ὀργῆν,
1327 1065 1428 1111 οὐδὲ
1459 1064 1579 1117 ὅλους
1598 1065 1723 1110 ἆκοῦ-

273 1147 348 1173 σαι
375 1133 447 1185 τῆς
476 1131 692 1183 βασιλίδος
725 1129 824 1180 τούς
852 1130 1001 1184 λόγους
1039 1132 1344 1188 ἅνασχομένης.
1398 1136 1458 1183 εἰς
1485 1133 1562 1190 τὴν
1601 1134 1726 1176 ὑστε-

275 1196 402 1247 ραίαν
445 1195 491 1235 δὲ
534 1193 556 1235 ὅ
602 1198 805 1248 Χοῦμνος
852 1192 942 1248 ἅμα
979 1194 1070 1238 υἱεῖ
1100 1213 1144 1239 τε
1181 1197 1256 1239 καὶ
1291 1199 1472 1255 κηδεστῇ
1513 1200 1778 1255 ΙΥΙανουὴλιό

275 1261 608 1318 Καντακουζηνῷ
636 1262 692 1317 τῷ
718 1262 1068 1319 στρατηγοπούλῳ
1097 1264 1172 1303 καί
1196 1265 1237 1304 Γ
1235 1266 1396 1317 αβαλᾶς
1424 1261 1578 1317 ὁμοίως
1601 1268 1726 1317 βασι-

277 1327 363 1367 λίδι
391 1322 718 1380 προσελθόντες,
749 1325 806 1375 ὥς
835 1326 886 1380 δή
914 1343 956 1368 τι
983 1326 1183 1382 νεώτερον
1211 1331 1491 1381 πεπυσμένοι,
1521 1327 1727 1383 ἀπήγγελ-

280 1395 350 1433 λον
376 1389 480 1443 μετὰ
510 1392 719 1445 σπουδῆς,
748 1390 1047 1444 συνεβούλευόν
1073 1408 1116 1434 τε
1147 1390 1206 1446 μη
1235 1392 1456 1451 ῥᾳθυμεῖν,
1497 1392 1604 1435 dm&
1635 1395 1729 1437 δια-ι

245 1459 507 1508 ρνίστασθαι
547 1455 653 1511 πρὸς
690 1453 885 1510 ἄμυναν,
930 1454 987 1506 ὥς
1017 1457 1090 1499 καί
1128 1460 1264 1499 αὐτῶν
1315 1459 1392 1499 καί
1425 1457 1614 1514 χρήμασι
1658 1457 1732 1500 καί

285 1519 425 1570 ὅπλοις
467 1524 827 1577 συνεφαψομένων
863 1524 941 1563 τοῦ
969 1525 1168 1574 πολέμου,
1228 1523 1279 1563 οὗ
1306 1522 1389 1579 γὰρ
1420 1525 1565 1578 φέρειν
1594 1525 1643 1580 τῇ
1671 1525 1785 1572 εἷςαο

287 1586 462 1641 βασιλέα
492 1587 630 1644 εὔνοια
660 1588 733 1627 καί
760 1587 896 1628 πίστει
926 1589 1321 1641 συντεθραμμένους
1373 1588 1447 1643 την
1490 1587 1727 1643 ὑπερβολὴν

280 1652 391 1709 μὸρᾷν
419 1652 501 1693 τῶν
527 1653 826 1704 τολμωμένων,
866 1652 958 1693 ἀλλ’
997 1650 1257 1707 ἑτοιμότερον
1285 1651 1399 1706 ἔχειν
1434 1652 1508 1694 καί
1524 1652 1620 1703 -τιὲς
1648 1664 1734 1707 ψυ-

286 1716 373 1771 χὰς
411 1717 635 1770 προΐεσθαι
665 1714 800 1766 αὐτὰς
818 1749 829 1770 ,
866 1713 893 1771 ἢ
920 1708 1095 1759 τοιαῦτα
1119 1716 1314 1771 γινόμενα
1341 1719 1558 1774 περιιδεῖν,
1610 1721 1735 1771 βασι-

293 1781 355 1831 λίς
385 1783 430 1823 δὲ
455 1783 528 1824 καί
555 1777 696 1830 αὐτοῖς
723 1780 1016 1837 ὅμολογήσασα
1043 1784 1118 1837 τῆς
1143 1785 1388 1838 προθυμίας
1410 1781 1538 1837 χάριν
1562 1782 1635 1825 καί
1661 1798 1736 1824 πε-

294 1944 474 1978 decernat.
524 1943 607 1978 Non
632 1946 730 1978 enim
764 1954 820 1977 res
857 1953 981 1987 parvas
1021 1943 1060 1976 in
1089 1942 1283 1977 discrimen
1310 1922 1562 1987 vocari3⁸sed
1585 1942 1624 1975 id
1652 1942 1738 1987 agi,

295 1996 414 2024 utrum
440 2001 520 2023 cum
545 1990 724 2036 dignitate
762 1991 907 2030 vivant,
941 1994 1082 2023 retento
1119 1991 1294 2034 imperio,
1335 1990 1437 2035 quod
1470 1990 1549 2023 iure
1583 1994 1738 2034 paterno

294 2039 440 2072 illorum
465 2038 530 2076 sit,
565 2047 611 2070 an
650 2048 727 2070 cum
755 2036 929 2069 dedecore
954 2036 1154 2076 intereant,
1192 2037 1269 2069 eius
1302 2037 1471 2077 insidiis,
1503 2037 1567 2080 qui
1602 2043 1740 2068 summa

295 2095 416 2118 rerum
444 2083 728 2116 administranda
753 2087 888 2115 tantam
923 2082 992 2115 sibi
1019 2082 1218 2126 potentiam
1246 2083 1474 2127 compararit.
1523 2080 1740 2126 Imperatr-ix

296 2130 502 2174 suspicione
530 2131 719 2162 veritatem
746 2129 859 2172 ipsam
895 2128 1095 2173 attingens,
1131 2140 1204 2162 non
1234 2129 1342 2161 modo
1373 2129 1641 2173 querimoniam
1665 2136 1741 2159 non

295 2175 487 2221 probavit:
523 2175 586 2208 sed
612 2186 689 2208 eam
718 2179 904 2218 praeterea
928 2176 1005 2208 visa
1036 2178 1089 2207 est
1123 2175 1274 2208 moleste
1306 2175 1402 2208 ferre
1441 2184 1576 2220 eosque
1611 2173 1741 2207 admo·

298 2223 404 2262 nuit,
452 2226 494 2255 ut
539 2221 595 2254 his
633 2220 944 2254 criminationibus
986 2220 1282 2264 supersederent:
1338 2221 1522 2266 ququuid
1558 2221 1656 2253 enim
1694 2217 1740 2252 (le

299 2279 428 2313 magno
453 2267 652 2300 domestico
679 2266 819 2300 dicatur
838 2292 847 2307 ,
884 2268 999 2310 ipsam
1030 2265 1075 2299 ab
1110 2277 1152 2299 eo
1191 2266 1346 2299 distrahi
1387 2278 1428 2299 ae
1460 2265 1635 2300 dissidere
1666 2274 1742 2298 non

300 2326 430 2360 posse,
471 2325 563 2359 quae
590 2324 672 2348 vera
706 2317 742 2345 et
772 2317 1027 2352 consentanea,
1061 2324 1133 2346 non
1168 2314 1417 2346 commentitia
1448 2313 1494 2346 de
1528 2313 1592 2347 illo
1633 2311 1742 2356 plane

302 2361 437 2394 credat.
486 2361 677 2404 Postquam
701 2358 738 2392 hi
765 2359 928 2392 frustrati
957 2364 1203 2399 recesserunt,
1239 2360 1386 2392 Artotus
1412 2371 1492 2393 cum
1517 2363 1630 2391 matre
1653 2357 1744 2403 mit-

303 2407 413 2440 titur:
462 2407 526 2451 qui
559 2405 684 2439 eadem
715 2410 920 2445 narrantes,
961 2410 1158 2450 antequam
1193 2405 1444 2446 absolverent,
1475 2415 1557 2437 cum
1597 2403 1672 2438 bile
1706 2406 1745 2436 et

304 2452 489 2486 stomacho
514 2453 640 2486 reiecti
665 2456 759 2484 sunt.
807 2450 984 2484 Postridie
1010 2450 1196 2484 Chumnus
1221 2463 1301 2484 cum
1335 2451 1415 2484 filio
1444 2455 1481 2485 et
1504 2460 1634 2495 genero
1659 2449 1745 2483 Ma-

304 2498 392 2532 nule
419 2498 667 2532 Cantacuzeno
692 2499 782 2531 duce
807 2501 844 2531 et
867 2497 1003 2530 Gabala
1028 2497 1186 2537 accedit,
1212 2498 1315 2543 quasi
1344 2498 1409 2541 qui
1435 2496 1613 2531 recentius
1636 2494 1748 2539 quip-

305 2545 405 2589 piam
430 2545 629 2578 rescierint.
679 2544 862 2588 Explicate
886 2548 1108 2583 memorant,
1131 2554 1206 2576 non
1232 2543 1490 2582 desidendum,
1516 2541 1580 2575 sed
1603 2540 1649 2573 ad
1673 2541 1746 2573 vim

306 2591 588 2635 propulsandam
617 2589 901 2635 exsurgendum,
946 2600 983 2623 se
1016 2590 1170 2634 pecunia
1206 2595 1243 2622 et
1276 2590 1385 2622 armis
1423 2589 1560 2622 bellum
1595 2587 1746 2620 foturos.

309 2635 400 2669 Nam
422 2648 502 2669 cum
528 2635 820 2670 benevolentiam
847 2635 1028 2681 fidemque
1057 2637 1266 2679 imperatori
1296 2635 1381 2668 inde
1405 2645 1425 2667 a
1451 2634 1607 2679 pueritia
1635 2643 1746 2665 nava-

275 2689 278 2691 ’
305 2683 453 2722 ,ver-int,
488 2688 559 2715 tam
585 2683 839 2716 incredibilem
871 2681 1057 2715 audaciam
1093 2681 1186 2715 ferre
1218 2683 1390 2727 nequire:
1422 2681 1602 2725 malleque
1637 2679 1747 2711 etiam

313 2729 450 2762 animas
487 2739 564 2762 suas
601 2730 800 2773 proficere,
848 2740 954 2774 quam
988 2728 1077 2761 haec
1111 2727 1232 2761 videre
1266 2733 1302 2762 et
1334 2727 1490 2773 perpeti,
1535 2724 1748 2767 Imperatr-ix

314 2786 392 2809 cum
417 2775 546 2821 gratias
570 2774 615 2809 de
639 2780 712 2809 tam
737 2785 915 2821 propensa
933 2774 1119 2810 voluntate
1144 2776 1276 2818 egisset
1292 2774 1536 2820 dixissetque,
1557 2770 1629 2806 sibi
1655 2779 1749 2817 quo-
