1800 3138
490 173 864 217 HISTORIARUM
903 175 975 214 111.
1008 174 1076 219 36.
1391 175 1458 210 22
1474 175 1492 209 ι

69 282 210 330 κεῖσα,
250 279 451 331 πυρετοῖς
481 273 650 329 ἐλήφθη
686 273 1001 330 σφοδροτάτοις.
1072 273 1116 315 αἱ
1156 276 1203 316 δὲ
1239 275 1337 328 περὶ
1369 273 1499 328 αὐτὴν
1511 278 1694 325 Aestus

68 347 281 397 γυναῖκες,
309 338 439 382 πολλοὶ
467 341 550 381 τῶν
576 338 797 390 ὦμοτάτων
823 340 990 380 ἐκείνων
1017 334 1235 392 ἀρχόντων
1263 340 1500 394 δεηθεῖσαι,

69 404 164 448 ὥστ’
201 407 424 461 ἐπιτρέψαι
461 403 608 460 ἰατρὸν
645 402 750 459 πρὸς
782 402 916 458 αὐτην
945 404 1176 458 εἰσαγαγεῖν
1211 406 1284 445 καί
1307 404 1503 460 προνοίαις

68 474 244 523 α’ξιῶσαι
275 471 429 525 μικρᾶς
468 484 605 522 τινος,
650 470 725 510 οὐκ
752 468 1022 523 ἠδυνήθησαν
1052 467 1154 524 πρὸς
1195 467 1308 510 ἔλεον
1336 470 1502 512 ἐκκαλέ-

44 536 231 579 5σασθαι
255 535 307 578 τὰ
336 532 552 589 σπλάγχνα
584 537 668 576 τῶν
697 530 945 588 ἀγνωμόνων
990 533 1155 575 ἐκείνων
1182 533 1256 576 καί
1288 534 1501 588 σπλάγχνα

68 602 226 644 ἐσθίειν
254 596 487 655 ἀνθρώπων
514 601 760 653 εἰθισμένων
806 596 1022 654 ὁσημέραι.
1079 598 1166 640 ἀλλ’
1196 601 1368 642 α’πεῖπον
1394 597 1504 657 αιῖτῇ

68 668 208 708 πᾶσαν
232 666 486 720 θεραπείαν,
514 663 650 718 ὥσπερ
679 661 922 721 αὐτοχειρίᾳ
949 662 1314 720 κατασφάττοντες.
1367 664 1394 720 ἦ
1422 669 1500 719 βα·
1514 673 1628 719 Ρ,469

68 730 176 780 σιλῐς
202 732 250 772 δὲ
276 727 360 772 ὑπό
387 745 460 771 του
489 732 732 785 πυθομένη,
763 726 828 772 ὅτι
852 729 994 784 νοσοίη
1022 726 1048 784 ἦ
1083 731 1157 771 τοῦ
1183 732 1387 782 βασιλέως
1422 729 1505 786 μή-

67 811 167 850 τηρ,
205 793 282 837 καί.
313 795 370 844 ὥς
407 796 482 837 οὐκ
516 797 760 851 ἐπιτραπείη
805 794 923 849 παρὰ
956 797 1037 836 τῶν
1085 792 1298 849 α’ρχόντων
1333 794 1406 837 καὶ
1431 798 1505 838 τοῦ

19 862 324 903 ιοδιδασκάλου
365 864 438 915 τῆς
467 862 712 916 οἰκουμένης
739 861 812 901 καί
835 862 1033 914 μαθητοῦ
1059 863 1136 902 τοῦ
1162 861 1297 916 πρᾴου
1326 862 1398 902 καί
1431 877 1503 917 φι-

66 923 320 982 λανθρώπου
349 925 490 982 ἰατρὸς
516 924 621 981 πρὸς
654 924 786 981 αὐτὴν
823 926 1050 978 εἰσελθεῖν,
1089 923 1274 967 uiuamus
1317 928 1394 978 μὲν
1423 928 1501 968 av'-

66 997 152 1040 τοῖς
182 994 340 1048 πικρῶς
366 991 443 1046 την
475 989 671 1046 αῗμότητα
689 993 762 1032 καί
786 988 862 1045 τῆν
890 989 1163 1045 ἀναλγησίαν·
1190 988 1259 1032 τὸν
1286 991 1332 1032 δὲ
1353 990 1501 1046 ἰατρὸν

67 1057 278 1109 ἐκέλευεν,
303 1053 350 1105 ὃς
378 1056 485 1114 αὐτῇ
511 1055 612 1111 πρὸς
637 1053 712 1104 τὰς
739 1053 887 1104 νόσους
903 1055 1088 1110 συνήθης
1113 1051 1185 1111 ἦν,
1213 1054 1318 1110 πρὸς
1346 1055 1502 1111 ἐκείνην

65 1137 108 1164 τε
135 1124 276 1164 ἐλθεῖν
304 1121 376 1164 καί
399 1121 594 1177 προνοίας
620 1122 800 1172 ἀξιῶσαι
827 1122 900 1176 τῆς
926 1119 1116 1174 δεούσης.
1172 1121 1429 1176 πατριάρχης
1455 1123 1503 1163 δὲ

18 1188 137 1233 ι5καί
159 1184 185 1242 ἧ
217 1185 335 1242 λοιπὴ
364 1189 447 1228 τῶν
473 1183 644 1241 ‹lya-903»
678 1188 846 1229 ἐκείνων
869 1186 1034 1242 ἀνδρῶν
1062 1188 1218 1242 φατρία
1246 1184 1318 1228 τὸν
1355 1185 1502 1243 ἰατρόν

63 1250 400 1306 παραλαβόντες,
428 1247 576 1307 ὅρκους
604 1248 818 1308 ἀπῄτουν,
849 1247 958 1293 ὥστε
985 1250 1161 1293 ἐλθόντα
1190 1249 1294 1306 πρὸς
1319 1252 1496 1306 ἐκείνην,

62 1318 194 1371 μηδὲν
207 1316 388 1372 περὶτῆς
415 1316 536 1359 νόσου
563 1314 857 1366 διατάξασθαι.
885 1316 960 1358 τοῦ
989 1317 1035 1357 δὲ
1062 1315 1135 1356 καί
1163 1314 1238 1369 την
1264 1317 1492 1371 ἐπιδημίαν

66 1383 389 1436 ἀπαγορεύοντος
401 1416 414 1435 ‚
445 1384 485 1424 εἰ
500 1383 644 1434 μέλλοι
660 1383 790 1437 μηδὲν
810 1384 855 1424 ἐκ
884 1382 956 1436 τῆς
981 1382 1124 1435 τέχνης
1140 1377 1316 1436 ὠφελεῖν
1327 1414 1340 1434 ,
1366 1380 1490 1436 ἠνοίγ-

66 1448 192 1496 καζον
218 1446 342 1488 αὐτοὶ
365 1445 415 1488 τοὶ
448 1447 697 1499 κελευόμενα
724 1452 856 1488 ποιεῖν
879 1478 891 1500 ,
932 1447 984 1487 ἵν’
1011 1447 1153 1494 αὐτοῖς
1189 1461 1235 1486 τε
1264 1446 1288 1502 ἢ
1317 1448 1527 1502 ἑξαρχῆςΒ

15 1509 229 1565 αοαῖμότης
253 1510 498 1563 διασώζοιτο
524 1512 597 1553 καί
618 1513 726 1566 μηδὲ
752 1513 966 1565 βασιλίδος
993 1517 1269 1566 καταφρονεῖν
1308 1513 1464 1554 δοκοῖεν
1481 1543 1494 1564 ,

66 1572 118 1617 τοὶ
157 1578 451 1628 κεκελευσμένα
487 1575 544 1631 μή
588 1579 812 1625 ποιοῦντες.
866 1578 906 1618 εἰ
941 1578 978 1617 δ’
1004 1578 1382 1630 ἰσχυρογνωμονοίη
1424 1575 1499 1617 καὶ

69 1638 176 1694 πρὸς
210 1639 417 1696 ὠφέλειάν
451 1658 491 1683 τι
527 1642 602 1696 τῆς
641 1639 840 1696 νοσούσης
877 1642 1017 1695 λέγοι,
1058 1638 1116 1695 μή
1143 1641 1391 1696 μέμφεσθαι
1417 1641 1495 1683 αὕ-

164 1780 214 1814 ¹9·
241 1768 260 1809 ἡ
286 1779 353 1803 om.
379 1770 419 1808 P.
514 1779 568 1805 υ.
591 1777 630 1803 τε
656 1771 693 1805 Ρ.

67 1879 114 1913 ad
141 1890 218 1912 eam
244 1889 390 1924 quoque
417 1889 453 1910 se
477 1877 647 1911 allaturos
673 1877 963 1921 pollicebantur3
986 1879 1128 1926 aliaque
1155 1880 1295 1915 demum
1319 1882 1498 1917 crudelio-

68 1937 108 1959 ra
145 1931 183 1959 et
220 1926 428 1958 immaniora
461 1924 592 1957 multo:
645 1923 740 1956 unde
774 1934 881 1969 supra
906 1925 1052 1958 modum
1077 1926 1183 1960 corde
1208 1928 1427 1963 inflammato
1461 1935 1500 1964 et

67 1971 339 2010 contabefacta‚
373 1970 411 2004 in
435 1970 700 2016 rapidissimam
733 1970 864 2003 febrim
899 1971 1038 2004 incidit.
1085 1973 1254 2007 Feminae
1290 1975 1404 2009 sociae
1438 1986 1500 2010 ar-

66 2017 214 2052 chontas
250 2017 494 2056 saevissimos,
525 2017 580 2049 uti
607 2016 784 2050 medicum
808 2017 907 2050 illam
932 2018 1078 2052 visitare
1103 2023 1334 2063 paterentur,
1370 2032 1500 2065 quam-

68 2065 123 2096 vis
155 2062 388 2104 obtestantes,
417 2062 603 2096 inflectere
639 2073 713 2096 non
746 2067 934 2106 poterant:
978 2075 1091 2109 usque
1128 2066 1219 2099 adeo
1253 2066 1500 2110 improborum

68 2110 216 2143 illorum
242 2113 279 2142 et
306 2114 557 2143 consuetorum
588 2108 755 2154 quotidie
787 2108 946 2142 humana
971 2109 1140 2144 devorare
1172 2112 1306 2145 viscera
1350 2112 1396 2145 ad
1426 2115 1500 2147 mi-

70 2155 286 2189 serationem
313 2156 446 2189 viscera
479 2154 736 2189 obduruerant.
785 2154 936 2188 Omnem
976 2157 1010 2189 ei
1049 2159 1272 2191 curationem
1306 2164 1501 2202 negarunt,

71 2201 172 2246 quasi
196 2200 362 2234 manibus
385 2201 458 2234 suis
484 2212 562 2235 eam
586 2200 798 2245 inguinum,
846 2202 1060 2247 Imperatrix
1080 2203 1142 2235 ubi
1170 2214 1233 2250 per
1251 2205 1370 2238 nescio
1391 2217 1501 2250 quem

70 2247 170 2279 illam
197 2251 401 2290 aegrotare,
429 2258 496 2281 nec
517 2247 564 2280 ab
589 2246 822 2280 archontibus
847 2251 884 2281 et
919 2259 939 2280 a
971 2250 1138 2294 magistro
1176 2250 1273 2283 orbis
1311 2256 1419 2295 atque
1443 2251 1502 2284 di-'

71 2292 212 2338 scipulo
250 2292 346 2326 mitis
381 2293 481 2327 illius
516 2304 558 2325 ac
585 2293 734 2337 benigni
772 2295 1015 2338 praeceptoris
1045 2295 1224 2329 medicum
1261 2294 1306 2328 ad
1339 2297 1502 2331 eamdem

71 2339 282 2384 permissum
323 2338 462 2384 ingredi
501 2340 664 2380 rescivit,
711 2343 848 2373 tantam
885 2340 1065 2374 feritatem
1099 2347 1246 2387 tamque
1281 2342 1420 2377 alienos
1453 2343 1501 2377 ab

73 2385 172 2420 omni
206 2383 430 2419 humanitate
461 2386 600 2420 animos
644 2385 762 2418 verbis
794 2386 1036 2430 asperioribus
1075 2388 1162 2431 ipsis
1207 2387 1435 2431 exprobravit
1464 2395 1502 2424 et

71 2430 255 2465 medicum
279 2441 383 2464 suum
406 2431 524 2471 misit,
550 2432 614 2477 qui
639 2431 849 2476 pro-morbo
874 2432 908 2464 ei
933 2433 1144 2467 medicinam
1172 2434 1313 2467 faceret.
1362 2436 1408 2468 At
1435 2445 1502 2480 pa-

72 2475 228 2510 triarcha
249 2481 287 2509 et
310 2477 470 2531 reliquus
494 2478 558 2511 ille
590 2477 767 2511 bonorum
790 2479 945 2510 virorum
978 2485 1100 2513 coetus
1141 2484 1357 2513 sacramento
1380 2480 1502 2515 homi-

73 2533 157 2557 nem
190 2522 354 2567 adigere,
387 2534 584 2568 ingressum
610 2523 705 2556 nihil
741 2522 786 2556 ad
819 2524 1068 2568 depellendam
1104 2525 1361 2570 aegritudinem
1396 2537 1501 2571 prae-

74 2569 300 2612 scripturum.
350 2569 467 2614 Quem
491 2580 668 2604 accessum
697 2574 941 2610 recusantem,
979 2572 1007 2604 si
1031 2571 1162 2604 iacenti
1188 2583 1228 2604 ac
1255 2572 1434 2606 laboranti
1455 2585 1500 2607 ex

74 2619 150 2647 arte
175 2625 239 2646 sua
287 2615 382 2649 nihil
407 2615 615 2660 profuturus
649 2620 762 2655 esset,
797 2622 990 2660 coegerunt
1016 2617 1233 2661 imperatrici
1257 2617 1428 2660 obedire,
1461 2625 1504 2653 ut

77 2664 114 2694 et
137 2658 386 2695 crudelitatem
412 2673 510 2695 suam
535 2672 648 2708 usque
670 2660 717 2694 ab
742 2661 850 2695 initio
879 2668 1060 2698 servarent
1088 2667 1125 2695 et
1153 2666 1399 2698 auctoritatem
1428 2666 1503 2698 Au-

98 2711 196 2738 ustae
223 2709 478 2751 contempsisse
501 2717 546 2740 ne
569 2707 788 2748 viderentur,
815 2709 843 2741 si
871 2719 1013 2742 accessu
1037 2708 1138 2741 illum
1152 2709 1196 2742 ad
1213 2717 1389 2755 aegrotam
1416 2722 1500 2756 pro-

104 2750 294 2789 ibuissent.
341 2752 379 2786 Si
402 2752 633 2800 pertenderet
664 2758 701 2786 et
733 2754 921 2800 quippiam
945 2754 991 2787 ad
1023 2754 1176 2789 salutem
1209 2758 1303 2792 male
1334 2757 1501 2791 habentis
