<?xml version="1.0" encoding="UTF-8"?>
<!DOCTYPE html PUBLIC "-//W3C//DTD XHTML 1.0 Transitional//EN"
    "http://www.w3.org/TR/xhtml1/DTD/xhtml1-transitional.dtd">
<html xmlns="http://www.w3.org/1999/xhtml" xml:lang="en" lang="en">
 <head>
  <title>
</title>
<meta http-equiv="Content-Type" content="text/html;charset=utf-8" />
  <meta name='ocr-system' content='tesseract 3.04.00' />
  <meta name='ocr-capabilities' content='ocr_page ocr_carea ocr_par ocr_line ocrx_word'/>
</head>
<body>
  <div class='ocr_page' id='page_1' title='image "./corpusscriptorum24niebuoft_0527.png"; bbox 0 0 1794 3146; ppageno 0'>
   <div class='ocr_carea' id='block_1_1' title="bbox 546 185 1560 254">
    <p class='ocr_par' dir='ltr' id='par_1_1' title="bbox 546 185 1560 254">
     <span class='ocr_line' id='line_1_1' title="bbox 546 185 1560 254; baseline -0.009 -2"><span class='ocrx_word' id='word_1_1' title='bbox 546 198 925 252; x_wconf 63' lang='lat' dir='ltr'><strong>ms‘rommnm</strong></span> <span class='ocrx_word' id='word_1_2' title='bbox 965 196 1038 250; x_wconf 85' lang='lat' dir='ltr'><strong>m.</strong></span> <span class='ocrx_word' id='word_1_3' title='bbox 1066 208 1137 254; x_wconf 85' lang='lat'><strong>83.</strong></span> <span class='ocrx_word' id='word_1_4' title='bbox 1451 185 1560 244; x_wconf 79' lang='lat'><strong>515</strong></span> 
     </span>
    </p>
   </div>
   <div class='ocr_carea' id='block_1_2' title="bbox 64 308 1760 1880">
    <p class='ocr_par' dir='ltr' id='par_1_2' title="bbox 64 308 1760 1880">
     <span class='ocr_line' id='line_1_2' title="bbox 118 308 1760 370; baseline -0.004 -12"><span class='ocrx_word' id='word_1_5' title='bbox 118 330 181 370; x_wconf 86' lang='grc' dir='ltr'><strong><em>μα</em></strong></span> <span class='ocrx_word' id='word_1_6' title='bbox 207 309 344 357; x_wconf 78' lang='grc' dir='ltr'><strong><em>κοινὸν</em></strong></span> <span class='ocrx_word' id='word_1_7' title='bbox 369 309 442 368; x_wconf 74' lang='grc' dir='ltr'><strong><em>τῆς</em></strong></span> <span class='ocrx_word' id='word_1_8' title='bbox 466 325 512 354; x_wconf 78' lang='grc' dir='ltr'><strong>τε</strong></span> <span class='ocrx_word' id='word_1_9' title='bbox 540 312 762 367; x_wconf 73' lang='grc' dir='ltr'><strong><em>ἐκκλησίας</em></strong></span> <span class='ocrx_word' id='word_1_10' title='bbox 799 326 871 351; x_wconf 85' lang='grc' dir='ltr'><strong>και</strong></span> <span class='ocrx_word' id='word_1_11' title='bbox 913 308 1145 365; x_wconf 78' lang='grc' dir='ltr'><strong><em>συγκλήτου</em></strong></span> <span class='ocrx_word' id='word_1_12' title='bbox 1198 310 1272 350; x_wconf 85' lang='grc' dir='ltr'><strong>και</strong></span> <span class='ocrx_word' id='word_1_13' title='bbox 1306 308 1655 361; x_wconf 40' lang='grc' dir='ltr'><strong><em>συμπάντωνᾼηο</em></strong></span> <span class='ocrx_word' id='word_1_14' title='bbox 1674 318 1760 366; x_wconf 72' lang='lat'><strong>1345</strong></span> 
     </span>
     <span class='ocr_line' id='line_1_3' title="bbox 111 373 1582 439; baseline -0.003 -17"><span class='ocrx_word' id='word_1_15' title='bbox 111 384 232 439; x_wconf 79' lang='grc' dir='ltr'><strong><em>κοινῇ</em></strong></span> <span class='ocrx_word' id='word_1_16' title='bbox 253 380 501 432; x_wconf 53' lang='grc' dir='ltr'><strong><em>Ῥωμαιων,</em></strong></span> <span class='ocrx_word' id='word_1_17' title='bbox 531 394 588 427; x_wconf 86' lang='grc' dir='ltr'><strong>ως</strong></span> <span class='ocrx_word' id='word_1_18' title='bbox 616 379 693 419; x_wconf 78' lang='lat' dir='ltr'><strong>ov’x</strong></span> <span class='ocrx_word' id='word_1_19' title='bbox 722 377 892 430; x_wconf 82' lang='grc' dir='ltr'><strong><em>α’δικῶν,</em></strong></span> <span class='ocrx_word' id='word_1_20' title='bbox 922 377 1022 418; x_wconf 82' lang='grc' dir='ltr'><strong><em>ου’δὲ</em></strong></span> <span class='ocrx_word' id='word_1_21' title='bbox 1050 376 1269 431; x_wconf 79' lang='grc' dir='ltr'><strong><em>ἐπιορκων,</em></strong></span> <span class='ocrx_word' id='word_1_22' title='bbox 1303 374 1403 416; x_wconf 76' lang='grc' dir='ltr'><strong><em>οὐδὲ</em></strong></span> <span class='ocrx_word' id='word_1_23' title='bbox 1439 373 1582 425; x_wconf 71' lang='grc' dir='ltr'><strong><em>κακὸς</em></strong></span> 
     </span>
     <span class='ocr_line' id='line_1_4' title="bbox 115 439 1563 502; baseline -0.004 -13"><span class='ocrx_word' id='word_1_24' title='bbox 115 446 217 502; x_wconf 88' lang='grc' dir='ltr'><strong><em>περι</em></strong></span> <span class='ocrx_word' id='word_1_25' title='bbox 243 445 340 494; x_wconf 81' lang='grc' dir='ltr'><strong>τούς</strong></span> <span class='ocrx_word' id='word_1_26' title='bbox 379 445 587 498; x_wconf 85' lang='grc' dir='ltr'><strong><em>βασιλέως</em></strong></span> <span class='ocrx_word' id='word_1_27' title='bbox 625 445 700 485; x_wconf 81' lang='grc' dir='ltr'><strong>τοῦ</strong></span> <span class='ocrx_word' id='word_1_28' title='bbox 728 444 853 500; x_wconf 87' lang='grc' dir='ltr'><strong><em>φίλου</em></strong></span> <span class='ocrx_word' id='word_1_29' title='bbox 883 444 1038 492; x_wconf 82' lang='grc' dir='ltr'><strong><em>παῖδας</em></strong></span> <span class='ocrx_word' id='word_1_30' title='bbox 1063 441 1303 496; x_wconf 73' lang='grc' dir='ltr'><strong><em>ἐλεγχθεις,</em></strong></span> <span class='ocrx_word' id='word_1_31' title='bbox 1348 439 1455 483; x_wconf 77' lang='grc' dir='ltr'><strong><em>ἀλλὰ</em></strong></span> <span class='ocrx_word' id='word_1_32' title='bbox 1488 457 1563 483; x_wconf 87' lang='grc' dir='ltr'><strong>του</strong></span> 
     </span>
     <span class='ocr_line' id='line_1_5' title="bbox 116 505 1566 569; baseline -0.003 -16"><span class='ocrx_word' id='word_1_33' title='bbox 116 513 233 569; x_wconf 81' lang='grc' dir='ltr'><strong><em>κοινῇ</em></strong></span> <span class='ocrx_word' id='word_1_34' title='bbox 252 512 325 566; x_wconf 72' lang='grc' dir='ltr'><strong>τῆς</strong></span> <span class='ocrx_word' id='word_1_35' title='bbox 352 510 562 564; x_wconf 87' lang='grc' dir='ltr'><strong><em>σωτηρίας</em></strong></span> <span class='ocrx_word' id='word_1_36' title='bbox 590 525 710 551; x_wconf 89' lang='grc' dir='ltr'><strong><em>ενεκα</em></strong></span> <span class='ocrx_word' id='word_1_37' title='bbox 748 508 931 564; x_wconf 74' lang='grc' dir='ltr'><strong><em>ἀπέστην</em></strong></span> <span class='ocrx_word' id='word_1_38' title='bbox 958 511 1034 562; x_wconf 78' lang='grc' dir='ltr'><strong><em>τῆς</em></strong></span> <span class='ocrx_word' id='word_1_39' title='bbox 1064 508 1200 564; x_wconf 84' lang='grc' dir='ltr'><strong><em>α’ρχῆς</em></strong></span> <span class='ocrx_word' id='word_1_40' title='bbox 1236 523 1306 549; x_wconf 91' lang='grc' dir='ltr'><strong>και</strong></span> <span class='ocrx_word' id='word_1_41' title='bbox 1346 509 1424 548; x_wconf 84' lang='grc' dir='ltr'><strong>τοῦ</strong></span> <span class='ocrx_word' id='word_1_42' title='bbox 1451 505 1566 549; x_wconf 80' lang='grc' dir='ltr'><strong><em>λελύ·</em></strong></span> 
     </span>
     <span class='ocr_line' id='line_1_6' title="bbox 94 572 1567 631; baseline 0 -16"><span class='ocrx_word' id='word_1_43' title='bbox 94 575 225 619; x_wconf 74' lang='grc' dir='ltr'><strong><em>ὅσθαι</em></strong></span> <span class='ocrx_word' id='word_1_44' title='bbox 246 574 347 624; x_wconf 80' lang='grc' dir='ltr'><strong>τούς</strong></span> <span class='ocrx_word' id='word_1_45' title='bbox 364 576 611 631; x_wconf 80' lang='grc' dir='ltr'><strong><em>ἐμφυλίους,</em></strong></span> <span class='ocrx_word' id='word_1_46' title='bbox 637 575 712 630; x_wconf 77' lang='grc' dir='ltr'><strong>ὑφ’</strong></span> <span class='ocrx_word' id='word_1_47' title='bbox 722 591 781 616; x_wconf 85' lang='grc' dir='ltr'><strong>ων</strong></span> <span class='ocrx_word' id='word_1_48' title='bbox 810 575 1145 630; x_wconf 75' lang='grc' dir='ltr'><strong><em>διαφθείρονται,</em></strong></span> <span class='ocrx_word' id='word_1_49' title='bbox 1174 576 1394 626; x_wconf 84' lang='grc' dir='ltr'><strong><em>πολέμους.</em></strong></span> <span class='ocrx_word' id='word_1_50' title='bbox 1423 572 1567 616; x_wconf 80' lang='grc' dir='ltr'><strong><em>ἔπειτα</em></strong></span> 
     </span>
     <span class='ocr_line' id='line_1_7' title="bbox 112 638 1566 696; baseline -0.002 -12"><span class='ocrx_word' id='word_1_51' title='bbox 112 640 214 692; x_wconf 81' lang='grc' dir='ltr'><strong>τούς</strong></span> <span class='ocrx_word' id='word_1_52' title='bbox 245 643 291 684; x_wconf 82' lang='grc' dir='ltr'><strong>ἐν</strong></span> <span class='ocrx_word' id='word_1_53' title='bbox 320 640 620 696; x_wconf 87' lang='grc' dir='ltr'><strong><em>δεσμωτηρίοις</em></strong></span> <span class='ocrx_word' id='word_1_54' title='bbox 649 656 808 690; x_wconf 89' lang='grc' dir='ltr'><strong><em>παντας</em></strong></span> <span class='ocrx_word' id='word_1_55' title='bbox 842 639 913 682; x_wconf 84' lang='grc' dir='ltr'><strong>διὰ</strong></span> <span class='ocrx_word' id='word_1_56' title='bbox 941 638 1019 695; x_wconf 76' lang='grc' dir='ltr'><strong>τήν</strong></span> <span class='ocrx_word' id='word_1_57' title='bbox 1056 642 1115 689; x_wconf 92' lang='grc' dir='ltr'><strong>εις</strong></span> <span class='ocrx_word' id='word_1_58' title='bbox 1146 641 1222 694; x_wconf 80' lang='grc' dir='ltr'><strong>ἐμὲ</strong></span> <span class='ocrx_word' id='word_1_59' title='bbox 1259 641 1566 693; x_wconf 78' lang='grc' dir='ltr'><strong><em>κατεχομένους</em></strong></span> 
     </span>
     <span class='ocr_line' id='line_1_8' title="bbox 112 702 1606 763; baseline -0.001 -15"><span class='ocrx_word' id='word_1_60' title='bbox 112 702 280 750; x_wconf 73' lang='grc' dir='ltr'><strong><em>εὔνοιαν</em></strong></span> <span class='ocrx_word' id='word_1_61' title='bbox 306 706 479 763; x_wconf 72' lang='grc' dir='ltr'><strong><em>ἀφεῖναι</em></strong></span> <span class='ocrx_word' id='word_1_62' title='bbox 500 707 581 748; x_wconf 80' lang='grc' dir='ltr'><strong>τῶν</strong></span> <span class='ocrx_word' id='word_1_63' title='bbox 609 708 797 760; x_wconf 78' lang='grc' dir='ltr'><strong><em>δεσμῶν,</em></strong></span> <span class='ocrx_word' id='word_1_64' title='bbox 827 705 902 747; x_wconf 81' lang='grc' dir='ltr'><em>καί</em></span> <span class='ocrx_word' id='word_1_65' title='bbox 927 704 1005 760; x_wconf 80' lang='grc' dir='ltr'><strong>τήν</strong></span> <span class='ocrx_word' id='word_1_66' title='bbox 1028 707 1176 749; x_wconf 87' lang='grc' dir='ltr'><strong><em>ου’σίαν</em></strong></span> <span class='ocrx_word' id='word_1_67' title='bbox 1195 706 1442 758; x_wconf 72' lang='grc' dir='ltr'><strong><em>ἀποδοῦναι,</em></strong></span> <span class='ocrx_word' id='word_1_68' title='bbox 1465 702 1606 760; x_wconf 79' lang='grc' dir='ltr'><strong><em>ὅσηςῠ</em></strong></span> 
     </span>
     <span class='ocr_line' id='line_1_9' title="bbox 119 767 1568 828; baseline -0.002 -14"><span class='ocrx_word' id='word_1_69' title='bbox 119 770 435 828; x_wconf 73' lang='grc' dir='ltr'><strong><em>ἅπεστέρησαν,</em></strong></span> <span class='ocrx_word' id='word_1_70' title='bbox 482 770 686 828; x_wconf 75' lang='grc' dir='ltr'><strong><em>καὶπρὸς</em></strong></span> <span class='ocrx_word' id='word_1_71' title='bbox 713 771 808 821; x_wconf 79' lang='grc' dir='ltr'><strong>τούς</strong></span> <span class='ocrx_word' id='word_1_72' title='bbox 840 773 996 821; x_wconf 83' lang='grc' dir='ltr'><strong><em>παῖδας</em></strong></span> <span class='ocrx_word' id='word_1_73' title='bbox 1027 774 1111 813; x_wconf 72' lang='grc' dir='ltr'><strong>τῶν</strong></span> <span class='ocrx_word' id='word_1_74' title='bbox 1143 767 1445 814; x_wconf 73' lang='grc' dir='ltr'><strong><em>ἇποθανόντων</em></strong></span> <span class='ocrx_word' id='word_1_75' title='bbox 1472 786 1568 812; x_wconf 93' lang='grc' dir='ltr'><strong><em>ποι-</em></strong></span> 
     </span>
     <span class='ocr_line' id='line_1_10' title="bbox 115 833 1567 894; baseline -0.001 -15"><span class='ocrx_word' id='word_1_76' title='bbox 115 843 177 880; x_wconf 85' lang='grc' dir='ltr'><strong><em>εῖν</em></strong></span> <span class='ocrx_word' id='word_1_77' title='bbox 219 837 385 891; x_wconf 85' lang='grc' dir='ltr'><strong><em>ὁμοίως.</em></strong></span> <span class='ocrx_word' id='word_1_78' title='bbox 443 833 595 880; x_wconf 77' lang='grc' dir='ltr'><strong><em>ἄτοπον</em></strong></span> <span class='ocrx_word' id='word_1_79' title='bbox 633 836 714 893; x_wconf 75' lang='grc' dir='ltr'><strong><em>γὰρ</em></strong></span> <span class='ocrx_word' id='word_1_80' title='bbox 757 840 842 879; x_wconf 79' lang='grc' dir='ltr'><strong>τῶν</strong></span> <span class='ocrx_word' id='word_1_81' title='bbox 880 840 958 890; x_wconf 82' lang='grc' dir='ltr'><strong>μὲν</strong></span> <span class='ocrx_word' id='word_1_82' title='bbox 988 839 1224 894; x_wconf 79' lang='grc' dir='ltr'><strong><em>συμφορῶν</em></strong></span> <span class='ocrx_word' id='word_1_83' title='bbox 1251 836 1325 878; x_wconf 78' lang='grc' dir='ltr'><strong><em>καὶ</em></strong></span> <span class='ocrx_word' id='word_1_84' title='bbox 1352 839 1435 879; x_wconf 77' lang='grc' dir='ltr'><strong>τῶν</strong></span> <span class='ocrx_word' id='word_1_85' title='bbox 1465 838 1567 878; x_wconf 51' lang='lat' dir='ltr'><strong>dvo-³</strong></span> 
     </span>
     <span class='ocr_line' id='line_1_11' title="bbox 66 900 1568 959; baseline -0.002 -13"><span class='ocrx_word' id='word_1_86' title='bbox 66 904 367 958; x_wconf 80' lang='grc' dir='ltr'><strong><em>ιοτυχημάτων</em></strong></span> <span class='ocrx_word' id='word_1_87' title='bbox 410 901 546 945; x_wconf 84' lang='grc' dir='ltr'><strong><em>αἴτιον</em></strong></span> <span class='ocrx_word' id='word_1_88' title='bbox 592 900 740 953; x_wconf 79' lang='grc' dir='ltr'><strong><em>αὐτοῖς</em></strong></span> <span class='ocrx_word' id='word_1_89' title='bbox 780 903 994 959; x_wconf 72' lang='grc' dir='ltr'><strong><em>ὀφθῆναι,</em></strong></span> <span class='ocrx_word' id='word_1_90' title='bbox 1033 903 1139 958; x_wconf 85' lang='grc' dir='ltr'><strong><em>πρὸς</em></strong></span> <span class='ocrx_word' id='word_1_91' title='bbox 1179 904 1225 944; x_wconf 85' lang='grc' dir='ltr'><strong>δὲ</strong></span> <span class='ocrx_word' id='word_1_92' title='bbox 1258 901 1303 944; x_wconf 77' lang='grc' dir='ltr'><strong>τὸ</strong></span> <span class='ocrx_word' id='word_1_93' title='bbox 1356 901 1462 959; x_wconf 82' lang='grc' dir='ltr'><strong><em>πρὸς</em></strong></span> <span class='ocrx_word' id='word_1_94' title='bbox 1491 901 1568 957; x_wconf 84' lang='grc' dir='ltr'><strong>τὴν</strong></span> 
     </span>
     <span class='ocr_line' id='line_1_12' title="bbox 115 965 1570 1026; baseline -0.001 -15"><span class='ocrx_word' id='word_1_95' title='bbox 115 968 300 1026; x_wconf 87' lang='grc' dir='ltr'><strong><em>α’ρχαίαν</em></strong></span> <span class='ocrx_word' id='word_1_96' title='bbox 335 970 466 1025; x_wconf 83' lang='grc' dir='ltr'><strong><em>μηδὲν</em></strong></span> <span class='ocrx_word' id='word_1_97' title='bbox 503 973 730 1026; x_wconf 77' lang='grc' dir='ltr'><strong><em>φροντίσαι</em></strong></span> <span class='ocrx_word' id='word_1_98' title='bbox 772 969 906 1025; x_wconf 84' lang='grc' dir='ltr'><strong><em>τύχην</em></strong></span> <span class='ocrx_word' id='word_1_99' title='bbox 950 971 1209 1012; x_wconf 76' lang='grc' dir='ltr'><strong><em>ἐπανελθεῖν.</em></strong></span> <span class='ocrx_word' id='word_1_100' title='bbox 1267 967 1370 1024; x_wconf 85' lang='grc' dir='ltr'><strong><em>πρὸς</em></strong></span> <span class='ocrx_word' id='word_1_101' title='bbox 1410 965 1570 1016; x_wconf 74' lang='grc' dir='ltr'><strong><em>τούτοις</em></strong></span> 
     </span>
     <span class='ocr_line' id='line_1_13' title="bbox 116 1034 1572 1091; baseline -0.001 -15"><span class='ocrx_word' id='word_1_102' title='bbox 116 1036 164 1077; x_wconf 83' lang='grc' dir='ltr'><strong>δὲ</strong></span> <span class='ocrx_word' id='word_1_103' title='bbox 194 1035 269 1076; x_wconf 83' lang='grc' dir='ltr'>καί</span> <span class='ocrx_word' id='word_1_104' title='bbox 295 1039 383 1084; x_wconf 80' lang='grc' dir='ltr'><strong><em>τοῖς</em></strong></span> <span class='ocrx_word' id='word_1_105' title='bbox 411 1035 615 1089; x_wconf 79' lang='grc' dir='ltr'><strong><em>συνοῦσι,</em></strong></span> <span class='ocrx_word' id='word_1_106' title='bbox 650 1037 725 1077; x_wconf 83' lang='grc' dir='ltr'>καί</span> <span class='ocrx_word' id='word_1_107' title='bbox 757 1039 1040 1091; x_wconf 78' lang='grc' dir='ltr'><strong><em>συγκλητικοῖς</em></strong></span> <span class='ocrx_word' id='word_1_108' title='bbox 1069 1037 1143 1077; x_wconf 82' lang='grc' dir='ltr'><em>καί</em></span> <span class='ocrx_word' id='word_1_109' title='bbox 1167 1034 1439 1090; x_wconf 80' lang='grc' dir='ltr'><strong><em>στρατιώταις</em></strong></span> <span class='ocrx_word' id='word_1_110' title='bbox 1458 1066 1469 1088; x_wconf 88' lang='grc'><strong><em>,</em></strong></span> <span class='ocrx_word' id='word_1_111' title='bbox 1499 1035 1572 1075; x_wconf 84' lang='grc' dir='ltr'>καί</span> 
     </span>
     <span class='ocr_line' id='line_1_14' title="bbox 114 1095 1572 1157; baseline 0.001 -15"><span class='ocrx_word' id='word_1_112' title='bbox 114 1106 203 1149; x_wconf 83' lang='grc' dir='ltr'><strong><em>τοῖς</em></strong></span> <span class='ocrx_word' id='word_1_113' title='bbox 238 1095 382 1149; x_wconf 70' lang='grc' dir='ltr'><strong><em>ἄλλοις</em></strong></span> <span class='ocrx_word' id='word_1_114' title='bbox 423 1106 508 1150; x_wconf 84' lang='grc' dir='ltr'><strong><em>τοῖς</em></strong></span> <span class='ocrx_word' id='word_1_115' title='bbox 555 1099 840 1157; x_wconf 82' lang='grc' dir='ltr'><strong><em>προσήκουσιν</em></strong></span> <span class='ocrx_word' id='word_1_116' title='bbox 867 1101 963 1154; x_wconf 75' lang='grc' dir='ltr'><strong><em>ἐμοὶ</em></strong></span> <span class='ocrx_word' id='word_1_117' title='bbox 993 1104 1091 1142; x_wconf 77' lang='grc' dir='ltr'><strong><em>καθ’</em></strong></span> <span class='ocrx_word' id='word_1_118' title='bbox 1123 1098 1258 1155; x_wconf 84' lang='grc' dir='ltr'><strong><em>αἷμα,</em></strong></span> <span class='ocrx_word' id='word_1_119' title='bbox 1289 1103 1452 1155; x_wconf 77' lang='grc' dir='ltr'><strong><em>πρῶτον</em></strong></span> <span class='ocrx_word' id='word_1_120' title='bbox 1493 1102 1572 1154; x_wconf 79' lang='grc' dir='ltr'><strong>μὲν</strong></span> 
     </span>
     <span class='ocr_line' id='line_1_15' title="bbox 116 1161 1569 1221; baseline -0.001 -14"><span class='ocrx_word' id='word_1_121' title='bbox 116 1167 273 1215; x_wconf 83' lang='grc' dir='ltr'><strong><em>πίστεις</em></strong></span> <span class='ocrx_word' id='word_1_122' title='bbox 298 1166 355 1207; x_wconf 84' lang='grc' dir='ltr'><strong>δι’</strong></span> <span class='ocrx_word' id='word_1_123' title='bbox 371 1161 506 1221; x_wconf 74' lang='grc' dir='ltr'><strong><em>ὅρκων</em></strong></span> <span class='ocrx_word' id='word_1_124' title='bbox 539 1168 709 1218; x_wconf 83' lang='grc' dir='ltr'><strong><em>δοῦναι,</em></strong></span> <span class='ocrx_word' id='word_1_125' title='bbox 738 1167 796 1216; x_wconf 76' lang='grc' dir='ltr'><strong>ὥς</strong></span> <span class='ocrx_word' id='word_1_126' title='bbox 824 1166 949 1208; x_wconf 69' lang='grc' dir='ltr'><strong><em>οὐδὲν</em></strong></span> <span class='ocrx_word' id='word_1_127' title='bbox 983 1166 1269 1219; x_wconf 75' lang='grc' dir='ltr'><strong><em>κακώσουσιν,</em></strong></span> <span class='ocrx_word' id='word_1_128' title='bbox 1309 1167 1569 1220; x_wconf 70' lang='grc' dir='ltr'><strong><em>ἀμυνόμενοι</em></strong></span> 
     </span>
     <span class='ocr_line' id='line_1_16' title="bbox 66 1228 1571 1286; baseline 0 -13"><span class='ocrx_word' id='word_1_129' title='bbox 66 1228 191 1286; x_wconf 66' lang='grc' dir='ltr'><strong>ιὸτῆς</strong></span> <span class='ocrx_word' id='word_1_130' title='bbox 233 1231 292 1280; x_wconf 82' lang='grc' dir='ltr'><strong><em>εἷς</em></strong></span> <span class='ocrx_word' id='word_1_131' title='bbox 330 1233 405 1285; x_wconf 79' lang='grc' dir='ltr'><strong>ἐμὲ</strong></span> <span class='ocrx_word' id='word_1_132' title='bbox 438 1232 605 1281; x_wconf 70' lang='grc' dir='ltr'><strong><em>εὐνοίας</em></strong></span> <span class='ocrx_word' id='word_1_133' title='bbox 625 1265 636 1285; x_wconf 89' lang='grc'>,</span> <span class='ocrx_word' id='word_1_134' title='bbox 666 1232 811 1274; x_wconf 82' lang='grc' dir='ltr'><strong><em>ἔπειτα</em></strong></span> <span class='ocrx_word' id='word_1_135' title='bbox 841 1234 888 1273; x_wconf 82' lang='grc' dir='ltr'><strong>δὲ</strong></span> <span class='ocrx_word' id='word_1_136' title='bbox 947 1235 1022 1274; x_wconf 82' lang='grc' dir='ltr'><em>καί</em></span> <span class='ocrx_word' id='word_1_137' title='bbox 1046 1229 1209 1281; x_wconf 85' lang='grc' dir='ltr'><strong><em>τούτοις</em></strong></span> <span class='ocrx_word' id='word_1_138' title='bbox 1237 1234 1469 1274; x_wconf 78' lang='grc' dir='ltr'><strong><em>α’ποδοῧναι</em></strong></span> <span class='ocrx_word' id='word_1_139' title='bbox 1488 1265 1500 1286; x_wconf 84' lang='lat'>,</span> <span class='ocrx_word' id='word_1_140' title='bbox 1542 1230 1571 1273; x_wconf 73' lang='grc' dir='ltr'><em>ἃ</em></span> 
     </span>
     <span class='ocr_line' id='line_1_17' title="bbox 115 1296 1572 1355; baseline 0 -17"><span class='ocrx_word' id='word_1_141' title='bbox 115 1297 358 1355; x_wconf 77' lang='grc' dir='ltr'><strong><em>ἀφῄρηνται</em></strong></span> <span class='ocrx_word' id='word_1_142' title='bbox 398 1296 472 1339; x_wconf 82' lang='grc' dir='ltr'><em>καί</em></span> <span class='ocrx_word' id='word_1_143' title='bbox 506 1297 710 1353; x_wconf 80' lang='grc' dir='ltr'><strong><em>χρήματα</em></strong></span> <span class='ocrx_word' id='word_1_144' title='bbox 753 1301 826 1340; x_wconf 89' lang='grc' dir='ltr'><strong><em>καί</em></strong></span> <span class='ocrx_word' id='word_1_145' title='bbox 855 1297 1034 1353; x_wconf 76' lang='grc' dir='ltr'><strong><em>κτήσεις.</em></strong></span> <span class='ocrx_word' id='word_1_146' title='bbox 1087 1297 1192 1354; x_wconf 87' lang='grc' dir='ltr'><strong><em>πρὸς</em></strong></span> <span class='ocrx_word' id='word_1_147' title='bbox 1218 1296 1381 1347; x_wconf 82' lang='grc' dir='ltr'><strong><em>τούτοις</em></strong></span> <span class='ocrx_word' id='word_1_148' title='bbox 1422 1301 1468 1340; x_wconf 82' lang='grc' dir='ltr'><strong>δὲ</strong></span> <span class='ocrx_word' id='word_1_149' title='bbox 1499 1298 1572 1339; x_wconf 81' lang='grc' dir='ltr'>καί</span> 
     </span>
     <span class='ocr_line' id='line_1_18' title="bbox 114 1360 1570 1420; baseline 0 -15"><span class='ocrx_word' id='word_1_150' title='bbox 114 1363 312 1418; x_wconf 88' lang='grc' dir='ltr'><strong><em>προνοίας</em></strong></span> <span class='ocrx_word' id='word_1_151' title='bbox 337 1365 510 1406; x_wconf 77' lang='grc' dir='ltr'><strong><em>ἕκαστον</em></strong></span> <span class='ocrx_word' id='word_1_152' title='bbox 531 1364 711 1415; x_wconf 73' lang='grc' dir='ltr'><strong><em>ἀξιῶσαι</em></strong></span> <span class='ocrx_word' id='word_1_153' title='bbox 738 1363 841 1420; x_wconf 82' lang='grc' dir='ltr'><strong><em>πρὸς</em></strong></span> <span class='ocrx_word' id='word_1_154' title='bbox 870 1366 1005 1415; x_wconf 66' lang='grc' dir='ltr'><strong><em>α’ξιάν.</em></strong></span> <span class='ocrx_word' id='word_1_155' title='bbox 1038 1366 1076 1406; x_wconf 86' lang='grc' dir='ltr'><strong><em>εἰ</em></strong></span> <span class='ocrx_word' id='word_1_156' title='bbox 1095 1367 1174 1418; x_wconf 81' lang='grc' dir='ltr'><strong>μὲν</strong></span> <span class='ocrx_word' id='word_1_157' title='bbox 1196 1365 1274 1419; x_wconf 77' lang='grc' dir='ltr'><strong><em>γὰρ</em></strong></span> <span class='ocrx_word' id='word_1_158' title='bbox 1307 1362 1479 1417; x_wconf 68' lang='grc' dir='ltr'><strong><em>ἔμελλον</em></strong></span> <span class='ocrx_word' id='word_1_159' title='bbox 1509 1360 1570 1405; x_wconf 77' lang='grc' dir='ltr'><strong><em>εἷ’-</em></strong></span> 
     </span>
     <span class='ocr_line' id='line_1_19' title="bbox 114 1426 1571 1485; baseline -0.001 -14"><span class='ocrx_word' id='word_1_160' title='bbox 114 1445 185 1471; x_wconf 90' lang='grc' dir='ltr'><strong>ναι</strong></span> <span class='ocrx_word' id='word_1_161' title='bbox 202 1427 402 1482; x_wconf 78' lang='grc' dir='ltr'><strong><em>βασιλεύς</em></strong></span> <span class='ocrx_word' id='word_1_162' title='bbox 429 1427 574 1482; x_wconf 79' lang='grc' dir='ltr'><strong><em>αὐτὸς,</em></strong></span> <span class='ocrx_word' id='word_1_163' title='bbox 610 1431 737 1481; x_wconf 76' lang='grc' dir='ltr'><strong><em>α’ξίως</em></strong></span> <span class='ocrx_word' id='word_1_164' title='bbox 755 1427 808 1471; x_wconf 73' lang='grc' dir='ltr'><strong>ἂν</strong></span> <span class='ocrx_word' id='word_1_165' title='bbox 831 1431 913 1471; x_wconf 76' lang='grc' dir='ltr'><strong>τῶν</strong></span> <span class='ocrx_word' id='word_1_166' title='bbox 940 1427 1078 1471; x_wconf 87' lang='grc' dir='ltr'><strong><em>πόνων</em></strong></span> <span class='ocrx_word' id='word_1_167' title='bbox 1112 1432 1360 1485; x_wconf 71' lang='grc' dir='ltr'><strong><em>ἠμειψάμην</em></strong></span> <span class='ocrx_word' id='word_1_168' title='bbox 1393 1429 1466 1471; x_wconf 86' lang='grc' dir='ltr'>καί</span> <span class='ocrx_word' id='word_1_169' title='bbox 1493 1426 1571 1470; x_wconf 76' lang='grc' dir='ltr'><strong><em>ούκ</em></strong></span> 
     </span>
     <span class='ocr_line' id='line_1_20' title="bbox 117 1490 1694 1550; baseline 0.001 -15"><span class='ocrx_word' id='word_1_170' title='bbox 117 1490 170 1536; x_wconf 74' lang='grc' dir='ltr'><strong>ἂν</strong></span> <span class='ocrx_word' id='word_1_171' title='bbox 195 1494 362 1537; x_wconf 81' lang='grc' dir='ltr'><strong><em>ἐκείνων</em></strong></span> <span class='ocrx_word' id='word_1_172' title='bbox 385 1492 564 1549; x_wconf 73' lang='grc' dir='ltr'><strong><em>ἐδεήθην</em></strong></span> <span class='ocrx_word' id='word_1_173' title='bbox 583 1502 768 1549; x_wconf 84' lang='grc' dir='ltr'><strong><em>προνοεῖν</em></strong></span> <span class='ocrx_word' id='word_1_174' title='bbox 791 1495 944 1537; x_wconf 72' lang='grc' dir='ltr'><strong><em>αὐτῶν·</em></strong></span> <span class='ocrx_word' id='word_1_175' title='bbox 979 1497 1072 1536; x_wconf 73' lang='grc' dir='ltr'><strong><em>ἐπεὶ</em></strong></span> <span class='ocrx_word' id='word_1_176' title='bbox 1099 1493 1255 1537; x_wconf 73' lang='grc' dir='ltr'><strong><em>δ’ἑκών</em></strong></span> <span class='ocrx_word' id='word_1_177' title='bbox 1283 1492 1392 1538; x_wconf 83' lang='grc' dir='ltr'><strong><em>εἶναι</em></strong></span> <span class='ocrx_word' id='word_1_178' title='bbox 1412 1513 1568 1550; x_wconf 90' lang='grc' dir='ltr'><strong><em>παραι-</em></strong></span> <span class='ocrx_word' id='word_1_179' title='bbox 1586 1499 1694 1547; x_wconf 56' lang='lat' dir='ltr'><strong>Reiz·</strong></span> 
     </span>
     <span class='ocr_line' id='line_1_21' title="bbox 64 1557 1571 1619; baseline 0 -17"><span class='ocrx_word' id='word_1_180' title='bbox 64 1563 293 1613; x_wconf 59' lang='grc' dir='ltr'><strong><em>αοτοῦμαι,</em></strong></span> <span class='ocrx_word' id='word_1_181' title='bbox 319 1561 480 1601; x_wconf 87' lang='grc' dir='ltr'><strong><em>δίκαιον</em></strong></span> <span class='ocrx_word' id='word_1_182' title='bbox 507 1559 659 1610; x_wconf 76' lang='grc' dir='ltr'><strong><em>αύτούς</em></strong></span> <span class='ocrx_word' id='word_1_183' title='bbox 689 1562 734 1601; x_wconf 80' lang='grc' dir='ltr'><strong>ἐν</strong></span> <span class='ocrx_word' id='word_1_184' title='bbox 754 1557 963 1618; x_wconf 69' lang='grc' dir='ltr'><strong><em>ἀσφαλείᾳ</em></strong></span> <span class='ocrx_word' id='word_1_185' title='bbox 991 1574 1034 1602; x_wconf 88' lang='grc' dir='ltr'><strong>τε</strong></span> <span class='ocrx_word' id='word_1_186' title='bbox 1054 1559 1164 1614; x_wconf 81' lang='grc' dir='ltr'><strong>ὅμοῦ</strong></span> <span class='ocrx_word' id='word_1_187' title='bbox 1196 1560 1269 1619; x_wconf 70' lang='grc' dir='ltr'>καί</span> <span class='ocrx_word' id='word_1_188' title='bbox 1294 1561 1468 1619; x_wconf 66' lang='grc' dir='ltr'><strong><em>εὐπορίᾳ</em></strong></span> <span class='ocrx_word' id='word_1_189' title='bbox 1484 1565 1571 1602; x_wconf 80' lang='grc' dir='ltr'><strong>τῶν</strong></span> 
     </span>
     <span class='ocr_line' id='line_1_22' title="bbox 114 1623 1571 1682; baseline 0.001 -14"><span class='ocrx_word' id='word_1_190' title='bbox 114 1625 221 1681; x_wconf 74' lang='grc' dir='ltr'><strong><em>πρὸς</em></strong></span> <span class='ocrx_word' id='word_1_191' title='bbox 244 1626 316 1667; x_wconf 84' lang='grc' dir='ltr'><strong>τὸν</strong></span> <span class='ocrx_word' id='word_1_192' title='bbox 345 1628 436 1678; x_wconf 81' lang='grc' dir='ltr'><strong><em>βίον</em></strong></span> <span class='ocrx_word' id='word_1_193' title='bbox 456 1627 691 1668; x_wconf 83' lang='grc' dir='ltr'><strong><em>α’πολιπεῖν.</em></strong></span> <span class='ocrx_word' id='word_1_194' title='bbox 721 1623 799 1669; x_wconf 78' lang='grc' dir='ltr'><strong>κᾶν</strong></span> <span class='ocrx_word' id='word_1_195' title='bbox 816 1629 946 1668; x_wconf 85' lang='grc' dir='ltr'><strong><em>ταῦτα</em></strong></span> <span class='ocrx_word' id='word_1_196' title='bbox 967 1629 1147 1681; x_wconf 80' lang='grc' dir='ltr'><strong><em>γένηται,</em></strong></span> <span class='ocrx_word' id='word_1_197' title='bbox 1178 1624 1316 1682; x_wconf 74' lang='grc' dir='ltr'><strong><em>ὥσπερ</em></strong></span> <span class='ocrx_word' id='word_1_198' title='bbox 1348 1624 1477 1680; x_wconf 77' lang='grc' dir='ltr'><strong><em>ἀξιῶ,</em></strong></span> <span class='ocrx_word' id='word_1_199' title='bbox 1496 1626 1571 1681; x_wconf 75' lang='grc' dir='ltr'><strong>τὴν</strong></span> 
     </span>
     <span class='ocr_line' id='line_1_23' title="bbox 114 1689 1572 1748; baseline 0 -15"><span class='ocrx_word' id='word_1_200' title='bbox 114 1693 332 1746; x_wconf 85' lang='grc' dir='ltr'><strong><em>βασιλείαν</em></strong></span> <span class='ocrx_word' id='word_1_201' title='bbox 362 1692 616 1744; x_wconf 29' lang='grc' dir='ltr'><strong><em>ἀποθέλιιενος</em></strong></span> <span class='ocrx_word' id='word_1_202' title='bbox 645 1689 774 1741; x_wconf 70' lang='grc' dir='ltr'><strong><em>αὐτὸς</em></strong></span> <span class='ocrx_word' id='word_1_203' title='bbox 814 1693 887 1733; x_wconf 86' lang='grc' dir='ltr'><em>καί</em></span> <span class='ocrx_word' id='word_1_204' title='bbox 927 1692 1002 1746; x_wconf 77' lang='grc' dir='ltr'><strong>την</strong></span> <span class='ocrx_word' id='word_1_205' title='bbox 1033 1692 1188 1748; x_wconf 69' lang='grc' dir='ltr'><strong><em>ἀρχὴν,</em></strong></span> <span class='ocrx_word' id='word_1_206' title='bbox 1218 1695 1289 1734; x_wconf 84' lang='grc' dir='ltr'>καί</span> <span class='ocrx_word' id='word_1_207' title='bbox 1313 1691 1387 1742; x_wconf 72' lang='grc' dir='ltr'><strong>τας</strong></span> <span class='ocrx_word' id='word_1_208' title='bbox 1430 1693 1572 1742; x_wconf 81' lang='grc' dir='ltr'><strong><em>πόλεις</em></strong></span> 
     </span>
     <span class='ocr_line' id='line_1_24' title="bbox 115 1753 1572 1816; baseline 0.001 -17"><span class='ocrx_word' id='word_1_209' title='bbox 115 1756 360 1811; x_wconf 73' lang='grc' dir='ltr'><strong><em>παραδούς,</em></strong></span> <span class='ocrx_word' id='word_1_210' title='bbox 398 1753 425 1811; x_wconf 79' lang='grc' dir='ltr'><em>ἢ</em></span> <span class='ocrx_word' id='word_1_211' title='bbox 465 1756 570 1812; x_wconf 81' lang='grc' dir='ltr'><strong><em>πρὸς</em></strong></span> <span class='ocrx_word' id='word_1_212' title='bbox 611 1754 732 1815; x_wconf 65' lang='lat' dir='ltr'><strong>&#39;‘A-919</strong></span> <span class='ocrx_word' id='word_1_213' title='bbox 775 1761 834 1814; x_wconf 78' lang='grc' dir='ltr'><strong>τῷ</strong></span> <span class='ocrx_word' id='word_1_214' title='bbox 875 1757 975 1816; x_wconf 73' lang='grc' dir='ltr'><strong><em>ἷερῷ</em></strong></span> <span class='ocrx_word' id='word_1_215' title='bbox 1006 1753 1032 1814; x_wconf 82' lang='grc' dir='ltr'><em>ἢ</em></span> <span class='ocrx_word' id='word_1_216' title='bbox 1063 1756 1166 1814; x_wconf 81' lang='grc' dir='ltr'><strong><em>πρὸς</em></strong></span> <span class='ocrx_word' id='word_1_217' title='bbox 1196 1755 1322 1815; x_wconf 71' lang='grc' dir='ltr'><strong><em>ἑτέρῳ</em></strong></span> <span class='ocrx_word' id='word_1_218' title='bbox 1350 1761 1471 1814; x_wconf 80' lang='grc' dir='ltr'><strong><em>μέρει</em></strong></span> <span class='ocrx_word' id='word_1_219' title='bbox 1498 1760 1572 1813; x_wconf 68' lang='grc' dir='ltr'><strong>τῆς</strong></span> 
     </span>
     <span class='ocr_line' id='line_1_25' title="bbox 112 1819 1570 1880; baseline -0.001 -13"><span class='ocrx_word' id='word_1_220' title='bbox 112 1824 334 1877; x_wconf 86' lang='grc' dir='ltr'><strong><em>Ῥωμαίων</em></strong></span> <span class='ocrx_word' id='word_1_221' title='bbox 362 1826 452 1878; x_wconf 75' lang='grc' dir='ltr'><strong>γῆς,</strong></span> <span class='ocrx_word' id='word_1_222' title='bbox 470 1824 544 1879; x_wconf 80' lang='grc' dir='ltr'><strong><em>(ου’</em></strong></span> <span class='ocrx_word' id='word_1_223' title='bbox 568 1823 649 1880; x_wconf 77' lang='grc' dir='ltr'><strong><em>γὰρ</em></strong></span> <span class='ocrx_word' id='word_1_224' title='bbox 683 1822 886 1879; x_wconf 78' lang='grc' dir='ltr'><strong><em>αἱροῦμαι</em></strong></span> <span class='ocrx_word' id='word_1_225' title='bbox 913 1824 1136 1880; x_wconf 76' lang='grc' dir='ltr'><strong><em>ὑπερόριος</em></strong></span> <span class='ocrx_word' id='word_1_226' title='bbox 1165 1819 1273 1866; x_wconf 85' lang='grc' dir='ltr'><strong><em>εἶναι</em></strong></span> <span class='ocrx_word' id='word_1_227' title='bbox 1302 1826 1372 1880; x_wconf 81' lang='grc' dir='ltr'><strong>ἐφ’</strong></span> <span class='ocrx_word' id='word_1_228' title='bbox 1390 1821 1570 1880; x_wconf 74' lang='grc' dir='ltr'><strong><em>ἓτέρας,)</em></strong></span> 
     </span>
    </p>
   </div>
   <div class='ocr_carea' id='block_1_3' title="bbox 121 1956 1577 2850">
    <p class='ocr_par' dir='ltr' id='par_1_3' title="bbox 121 1956 1577 2850">
     <span class='ocr_line' id='line_1_26' title="bbox 121 1956 1567 2010; baseline 0.001 -15"><span class='ocrx_word' id='word_1_229' title='bbox 121 1963 298 2009; x_wconf 81' lang='lat' dir='ltr'><strong>bulasque</strong></span> <span class='ocrx_word' id='word_1_230' title='bbox 323 1964 477 2009; x_wconf 84' lang='lat' dir='ltr'><strong>proponi</strong></span> <span class='ocrx_word' id='word_1_231' title='bbox 504 1956 693 2008; x_wconf 66' lang='lat' dir='ltr'><strong>publicaS,</strong></span> <span class='ocrx_word' id='word_1_232' title='bbox 717 1964 916 2004; x_wconf 87' lang='lat' dir='ltr'><strong>ecclesiae,</strong></span> <span class='ocrx_word' id='word_1_233' title='bbox 940 1970 1089 1998; x_wconf 83' lang='lat' dir='ltr'><strong>senatus</strong></span> <span class='ocrx_word' id='word_1_234' title='bbox 1107 1961 1417 2010; x_wconf 81' lang='lat' dir='ltr'><strong>Romanorumque</strong></span> <span class='ocrx_word' id='word_1_235' title='bbox 1446 1965 1567 1997; x_wconf 89' lang='lat' dir='ltr'><strong>omni-</strong></span> 
     </span>
     <span class='ocr_line' id='line_1_27' title="bbox 121 2011 1572 2057; baseline -0.001 -15"><span class='ocrx_word' id='word_1_236' title='bbox 121 2021 181 2043; x_wconf 91' lang='lat' dir='ltr'><strong>um</strong></span> <span class='ocrx_word' id='word_1_237' title='bbox 222 2011 398 2050; x_wconf 85' lang='lat' dir='ltr'><strong>nomine,</strong></span> <span class='ocrx_word' id='word_1_238' title='bbox 443 2023 517 2044; x_wconf 87' lang='lat' dir='ltr'><strong>nou</strong></span> <span class='ocrx_word' id='word_1_239' title='bbox 559 2022 615 2044; x_wconf 89' lang='lat' dir='ltr'><strong>mc</strong></span> <span class='ocrx_word' id='word_1_240' title='bbox 655 2016 696 2044; x_wconf 89' lang='lat' dir='ltr'><strong>ut</strong></span> <span class='ocrx_word' id='word_1_241' title='bbox 720 2011 926 2056; x_wconf 86' lang='lat' dir='ltr'><strong>improbum</strong></span> <span class='ocrx_word' id='word_1_242' title='bbox 982 2022 1101 2057; x_wconf 87' lang='lat' dir='ltr'><strong>neque</strong></span> <span class='ocrx_word' id='word_1_243' title='bbox 1145 2012 1330 2055; x_wconf 84' lang='lat' dir='ltr'><strong>periurum</strong></span> <span class='ocrx_word' id='word_1_244' title='bbox 1366 2020 1486 2055; x_wconf 88' lang='lat' dir='ltr'><strong>neque</strong></span> <span class='ocrx_word' id='word_1_245' title='bbox 1511 2011 1572 2042; x_wconf 88' lang='lat' dir='ltr'><strong>in-</strong></span> 
     </span>
     <span class='ocr_line' id='line_1_28' title="bbox 123 2057 1572 2102; baseline 0 -12"><span class='ocrx_word' id='word_1_246' title='bbox 123 2057 334 2090; x_wconf 75' lang='lat' dir='ltr'><strong>sidiatorem</strong></span> <span class='ocrx_word' id='word_1_247' title='bbox 361 2058 613 2102; x_wconf 82' lang='lat' dir='ltr'><strong>imperatoris,</strong></span> <span class='ocrx_word' id='word_1_248' title='bbox 642 2058 749 2091; x_wconf 80' lang='lat' dir='ltr'><strong>amici</strong></span> <span class='ocrx_word' id='word_1_249' title='bbox 774 2059 869 2097; x_wconf 86' lang='lat' dir='ltr'><strong>mei,</strong></span> <span class='ocrx_word' id='word_1_250' title='bbox 894 2057 1118 2097; x_wconf 86' lang='lat' dir='ltr'><strong>liberorum,</strong></span> <span class='ocrx_word' id='word_1_251' title='bbox 1140 2057 1204 2090; x_wconf 85' lang='lat' dir='ltr'><strong>sed</strong></span> <span class='ocrx_word' id='word_1_252' title='bbox 1234 2064 1274 2090; x_wconf 88' lang='lat' dir='ltr'><strong>ut</strong></span> <span class='ocrx_word' id='word_1_253' title='bbox 1303 2058 1438 2090; x_wconf 84' lang='lat' dir='ltr'><strong>bellum</strong></span> <span class='ocrx_word' id='word_1_254' title='bbox 1465 2057 1572 2090; x_wconf 78' lang='lat' dir='ltr'><strong>civile</strong></span> 
     </span>
     <span class='ocr_line' id='line_1_29' title="bbox 124 2103 1575 2149; baseline 0 -13"><span class='ocrx_word' id='word_1_255' title='bbox 124 2105 306 2136; x_wconf 87' lang='lat' dir='ltr'><strong>communi</strong></span> <span class='ocrx_word' id='word_1_256' title='bbox 351 2105 460 2138; x_wconf 77' lang='lat' dir='ltr'><strong>saluti</strong></span> <span class='ocrx_word' id='word_1_257' title='bbox 507 2109 580 2136; x_wconf 86' lang='lat' dir='ltr'><strong>tam</strong></span> <span class='ocrx_word' id='word_1_258' title='bbox 627 2104 871 2149; x_wconf 86' lang='lat' dir='ltr'><strong>perniciosum</strong></span> <span class='ocrx_word' id='word_1_259' title='bbox 921 2105 1134 2144; x_wconf 84' lang='lat' dir='ltr'><strong>tolleretur,</strong></span> <span class='ocrx_word' id='word_1_260' title='bbox 1173 2105 1370 2138; x_wconf 76' lang='lat' dir='ltr'><strong>abdicasse.</strong></span> <span class='ocrx_word' id='word_1_261' title='bbox 1431 2103 1575 2136; x_wconf 78' lang='lat' dir='ltr'>Deinde</span> 
     </span>
     <span class='ocr_line' id='line_1_30' title="bbox 124 2149 1577 2196; baseline 0 -14"><span class='ocrx_word' id='word_1_262' title='bbox 124 2160 268 2190; x_wconf 87' lang='lat' dir='ltr'><strong>omnes,</strong></span> <span class='ocrx_word' id='word_1_263' title='bbox 291 2152 368 2196; x_wconf 89' lang='lat' dir='ltr'><strong>qui,</strong></span> <span class='ocrx_word' id='word_1_264' title='bbox 393 2150 492 2196; x_wconf 91' lang='lat' dir='ltr'><strong>quod</strong></span> <span class='ocrx_word' id='word_1_265' title='bbox 519 2151 607 2185; x_wconf 82' lang='lat' dir='ltr'><strong>mihi</strong></span> <span class='ocrx_word' id='word_1_266' title='bbox 633 2151 780 2192; x_wconf 81' lang='lat' dir='ltr'><strong>favent,</strong></span> <span class='ocrx_word' id='word_1_267' title='bbox 806 2162 944 2185; x_wconf 78' lang='lat' dir='ltr'><strong>carcere</strong></span> <span class='ocrx_word' id='word_1_268' title='bbox 969 2151 1202 2192; x_wconf 79' lang='lat' dir='ltr'><strong>detinentur,</strong></span> <span class='ocrx_word' id='word_1_269' title='bbox 1243 2150 1383 2184; x_wconf 81' lang='lat' dir='ltr'><strong>dimitti</strong></span> <span class='ocrx_word' id='word_1_270' title='bbox 1410 2154 1446 2182; x_wconf 89' lang='lat' dir='ltr'><strong>et</strong></span> <span class='ocrx_word' id='word_1_271' title='bbox 1475 2149 1577 2182; x_wconf 81' lang='lat' dir='ltr'><strong>abla-</strong></span> 
     </span>
     <span class='ocr_line' id='line_1_31' title="bbox 125 2197 1576 2241; baseline -0.001 -12"><span class='ocrx_word' id='word_1_272' title='bbox 125 2202 180 2230; x_wconf 79' lang='lat' dir='ltr'><strong>tas</strong></span> <span class='ocrx_word' id='word_1_273' title='bbox 214 2197 403 2230; x_wconf 78' lang='lat' dir='ltr'><strong>facultates</strong></span> <span class='ocrx_word' id='word_1_274' title='bbox 432 2198 521 2241; x_wconf 84' lang='lat' dir='ltr'><strong>ipsis</strong></span> <span class='ocrx_word' id='word_1_275' title='bbox 550 2209 718 2232; x_wconf 86' lang='lat' dir='ltr'><strong>eorumve</strong></span> <span class='ocrx_word' id='word_1_276' title='bbox 745 2197 874 2231; x_wconf 84' lang='lat' dir='ltr'><strong>liberis</strong></span> <span class='ocrx_word' id='word_1_277' title='bbox 909 2198 1069 2233; x_wconf 87' lang='lat' dir='ltr'><strong>restitui.</strong></span> <span class='ocrx_word' id='word_1_278' title='bbox 1119 2197 1323 2231; x_wconf 84' lang='lat' dir='ltr'><strong>Absurdum</strong></span> <span class='ocrx_word' id='word_1_279' title='bbox 1350 2197 1466 2238; x_wconf 83' lang='lat' dir='ltr'><strong>enim,</strong></span> <span class='ocrx_word' id='word_1_280' title='bbox 1495 2207 1576 2228; x_wconf 86' lang='lat' dir='ltr'><strong>cum</strong></span> 
     </span>
     <span class='ocr_line' id='line_1_32' title="bbox 125 2243 1574 2289; baseline -0.001 -13"><span class='ocrx_word' id='word_1_281' title='bbox 125 2248 162 2276; x_wconf 87' lang='lat' dir='ltr'><strong>te</strong></span> <span class='ocrx_word' id='word_1_282' title='bbox 188 2243 262 2276; x_wconf 84' lang='lat' dir='ltr'><strong>illis</strong></span> <span class='ocrx_word' id='word_1_283' title='bbox 286 2245 507 2277; x_wconf 81' lang='lat' dir='ltr'><strong>miseriarum</strong></span> <span class='ocrx_word' id='word_1_284' title='bbox 535 2249 572 2278; x_wconf 81' lang='lat' dir='ltr'><strong>et</strong></span> <span class='ocrx_word' id='word_1_285' title='bbox 603 2245 914 2279; x_wconf 86' lang='lat' dir='ltr'><strong>incommodorum</strong></span> <span class='ocrx_word' id='word_1_286' title='bbox 942 2255 1083 2277; x_wconf 86' lang='lat' dir='ltr'><strong>causam</strong></span> <span class='ocrx_word' id='word_1_287' title='bbox 1111 2244 1264 2278; x_wconf 80' lang='lat' dir='ltr'><strong>inficiari</strong></span> <span class='ocrx_word' id='word_1_288' title='bbox 1293 2254 1474 2289; x_wconf 77' lang='lat' dir='ltr'><strong>nequeas,</strong></span> <span class='ocrx_word' id='word_1_289' title='bbox 1500 2254 1574 2288; x_wconf 88' lang='lat' dir='ltr'><strong>quo</strong></span> 
     </span>
     <span class='ocr_line' id='line_1_33' title="bbox 124 2289 1576 2336; baseline 0 -14"><span class='ocrx_word' id='word_1_290' title='bbox 124 2289 321 2334; x_wconf 83' lang='lat' dir='ltr'><strong>pristinum</strong></span> <span class='ocrx_word' id='word_1_291' title='bbox 355 2295 485 2323; x_wconf 84' lang='lat' dir='ltr'><strong>statum</strong></span> <span class='ocrx_word' id='word_1_292' title='bbox 518 2296 758 2336; x_wconf 85' lang='lat' dir='ltr'><strong>recuperent,</strong></span> <span class='ocrx_word' id='word_1_293' title='bbox 802 2290 898 2324; x_wconf 91' lang='lat' dir='ltr'><strong>nihil</strong></span> <span class='ocrx_word' id='word_1_294' title='bbox 937 2290 1115 2325; x_wconf 84' lang='lat' dir='ltr'><strong>laborare.</strong></span> <span class='ocrx_word' id='word_1_295' title='bbox 1178 2292 1366 2325; x_wconf 80' lang='lat' dir='ltr'><strong>Praeterea</strong></span> <span class='ocrx_word' id='word_1_296' title='bbox 1404 2291 1472 2330; x_wconf 83' lang='lat' dir='ltr'><strong>iis,</strong></span> <span class='ocrx_word' id='word_1_297' title='bbox 1511 2290 1576 2334; x_wconf 80' lang='lat' dir='ltr'><strong>qui</strong></span> 
     </span>
     <span class='ocr_line' id='line_1_34' title="bbox 125 2336 1574 2382; baseline -0.001 -13"><span class='ocrx_word' id='word_1_298' title='bbox 125 2346 266 2369; x_wconf 88' lang='lat' dir='ltr'><strong>mecum</strong></span> <span class='ocrx_word' id='word_1_299' title='bbox 300 2341 403 2376; x_wconf 83' lang='lat' dir='ltr'><strong>sunt,</strong></span> <span class='ocrx_word' id='word_1_300' title='bbox 437 2342 475 2370; x_wconf 88' lang='lat' dir='ltr'><strong>et</strong></span> <span class='ocrx_word' id='word_1_301' title='bbox 498 2337 702 2371; x_wconf 83' lang='lat' dir='ltr'><strong>illustribus</strong></span> <span class='ocrx_word' id='word_1_302' title='bbox 727 2342 764 2371; x_wconf 87' lang='lat' dir='ltr'><strong>et</strong></span> <span class='ocrx_word' id='word_1_303' title='bbox 787 2337 968 2372; x_wconf 82' lang='lat' dir='ltr'><strong>militibus</strong></span> <span class='ocrx_word' id='word_1_304' title='bbox 1001 2345 1038 2372; x_wconf 85' lang='lat' dir='ltr'><strong>et</strong></span> <span class='ocrx_word' id='word_1_305' title='bbox 1075 2339 1157 2372; x_wconf 88' lang='lat' dir='ltr'><strong>aliis</strong></span> <span class='ocrx_word' id='word_1_306' title='bbox 1183 2337 1460 2382; x_wconf 80' lang='lat' dir='ltr'><strong>consanguineis</strong></span> <span class='ocrx_word' id='word_1_307' title='bbox 1485 2336 1574 2369; x_wconf 84' lang='lat' dir='ltr'><strong>meis</strong></span> 
     </span>
     <span class='ocr_line' id='line_1_35' title="bbox 125 2383 1574 2429; baseline -0.001 -13"><span class='ocrx_word' id='word_1_308' title='bbox 125 2384 333 2417; x_wconf 81' lang='lat' dir='ltr'><strong>iuramento</strong></span> <span class='ocrx_word' id='word_1_309' title='bbox 378 2383 484 2416; x_wconf 82' lang='lat' dir='ltr'><strong>fidem</strong></span> <span class='ocrx_word' id='word_1_310' title='bbox 523 2383 624 2425; x_wconf 86' lang='lat' dir='ltr'><strong>dari,</strong></span> <span class='ocrx_word' id='word_1_311' title='bbox 659 2389 807 2429; x_wconf 85' lang='lat' dir='ltr'><strong>propter</strong></span> <span class='ocrx_word' id='word_1_312' title='bbox 830 2385 990 2418; x_wconf 86' lang='lat' dir='ltr'><strong>studium</strong></span> <span class='ocrx_word' id='word_1_313' title='bbox 1018 2386 1055 2418; x_wconf 91' lang='lat' dir='ltr'><strong>in</strong></span> <span class='ocrx_word' id='word_1_314' title='bbox 1079 2396 1134 2418; x_wconf 89' lang='lat' dir='ltr'><strong>me</strong></span> <span class='ocrx_word' id='word_1_315' title='bbox 1162 2384 1257 2418; x_wconf 82' lang='lat' dir='ltr'><strong>nihil</strong></span> <span class='ocrx_word' id='word_1_316' title='bbox 1280 2384 1468 2416; x_wconf 84' lang='lat' dir='ltr'><strong>adversum</strong></span> <span class='ocrx_word' id='word_1_317' title='bbox 1489 2393 1574 2426; x_wconf 87' lang='lat' dir='ltr'><strong>per-</strong></span> 
     </span>
     <span class='ocr_line' id='line_1_36' title="bbox 126 2428 1570 2486; baseline 0 -25"><span class='ocrx_word' id='word_1_318' title='bbox 126 2439 321 2475; x_wconf 80' lang='lat' dir='ltr'><strong>pessuros,</strong></span> <span class='ocrx_word' id='word_1_319' title='bbox 351 2435 461 2474; x_wconf 81' lang='lat' dir='ltr'><strong>atque</strong></span> <span class='ocrx_word' id='word_1_320' title='bbox 488 2431 597 2464; x_wconf 82' lang='lat' dir='ltr'><strong>etiam</strong></span> <span class='ocrx_word' id='word_1_321' title='bbox 622 2431 681 2464; x_wconf 77' lang='lat' dir='ltr'><strong>his</strong></span> <span class='ocrx_word' id='word_1_322' title='bbox 705 2436 742 2464; x_wconf 88' lang='lat' dir='ltr'><strong>et</strong></span> <span class='ocrx_word' id='word_1_323' title='bbox 767 2432 943 2477; x_wconf 82' lang='lat' dir='ltr'><strong>pecunias</strong></span> <span class='ocrx_word' id='word_1_324' title='bbox 970 2436 1006 2464; x_wconf 83' lang='lat' dir='ltr'><strong>et</strong></span> <span class='ocrx_word' id='word_1_325' title='bbox 1034 2432 1276 2486; x_wconf 79' lang='lat' dir='ltr'><strong>possessiones</strong></span> <span class='ocrx_word' id='word_1_326' title='bbox 1297 2434 1436 2473; x_wconf 78' lang='lat' dir='ltr'><strong>ereptas</strong></span> <span class='ocrx_word' id='word_1_327' title='bbox 1458 2428 1570 2462; x_wconf 83' lang='lat' dir='ltr'><strong>reddi.</strong></span> 
     </span>
     <span class='ocr_line' id='line_1_37' title="bbox 128 2475 1573 2522; baseline -0.001 -13"><span class='ocrx_word' id='word_1_328' title='bbox 128 2475 184 2509; x_wconf 83' lang='lat' dir='ltr'><strong>Ad</strong></span> <span class='ocrx_word' id='word_1_329' title='bbox 221 2476 311 2510; x_wconf 83' lang='lat' dir='ltr'><strong>haec</strong></span> <span class='ocrx_word' id='word_1_330' title='bbox 336 2486 516 2522; x_wconf 88' lang='lat' dir='ltr'><strong>quemque</strong></span> <span class='ocrx_word' id='word_1_331' title='bbox 556 2487 620 2521; x_wconf 89' lang='lat' dir='ltr'><strong>pro</strong></span> <span class='ocrx_word' id='word_1_332' title='bbox 647 2477 823 2522; x_wconf 84' lang='lat' dir='ltr'><strong>dignitate</strong></span> <span class='ocrx_word' id='word_1_333' title='bbox 849 2480 976 2511; x_wconf 83' lang='lat' dir='ltr'><strong>curari.</strong></span> <span class='ocrx_word' id='word_1_334' title='bbox 1026 2479 1064 2512; x_wconf 92' lang='lat' dir='ltr'><strong>Si</strong></span> <span class='ocrx_word' id='word_1_335' title='bbox 1091 2480 1186 2511; x_wconf 85' lang='lat' dir='ltr'><strong>enirn</strong></span> <span class='ocrx_word' id='word_1_336' title='bbox 1217 2477 1414 2521; x_wconf 80' lang='lat' dir='ltr'><strong>imperator</strong></span> <span class='ocrx_word' id='word_1_337' title='bbox 1437 2475 1573 2514; x_wconf 80' lang='lat' dir='ltr'><strong>fierem.</strong></span> 
     </span>
     <span class='ocr_line' id='line_1_38' title="bbox 131 2500 1573 2568; baseline -0.001 -13"><span class='ocrx_word' id='word_1_338' title='bbox 131 2522 209 2568; x_wconf 82' lang='lat' dir='ltr'><strong>ipse</strong></span> <span class='ocrx_word' id='word_1_339' title='bbox 236 2533 296 2556; x_wconf 83' lang='lat' dir='ltr'><strong>eos</strong></span> <span class='ocrx_word' id='word_1_340' title='bbox 320 2534 385 2568; x_wconf 87' lang='lat' dir='ltr'><strong>pro</strong></span> <span class='ocrx_word' id='word_1_341' title='bbox 410 2533 453 2556; x_wconf 90' lang='lat' dir='ltr'><strong>eo</strong></span> <span class='ocrx_word' id='word_1_342' title='bbox 477 2533 519 2556; x_wconf 84' lang='lat' dir='ltr'><strong>ac</strong></span> <span class='ocrx_word' id='word_1_343' title='bbox 540 2530 767 2558; x_wconf 86' lang='lat' dir='ltr'><strong>mererentur</strong></span> <span class='ocrx_word' id='word_1_344' title='bbox 793 2535 1018 2558; x_wconf 86' lang='lat' dir='ltr'><strong>munerarem</strong></span> <span class='ocrx_word' id='word_1_345' title='bbox 1050 2536 1116 2557; x_wconf 85' lang='lat' dir='ltr'><strong>nec</strong></span> <span class='ocrx_word' id='word_1_346' title='bbox 1157 2534 1279 2558; x_wconf 86' lang='lat' dir='ltr'><strong>eorum</strong></span> <span class='ocrx_word' id='word_1_347' title='bbox 1304 2533 1424 2556; x_wconf 80' lang='lat' dir='ltr'><strong>cui-am</strong></span> <span class='ocrx_word' id='word_1_348' title='bbox 1446 2500 1573 2555; x_wconf 83' lang='lat' dir='ltr'><strong>haberi</strong></span> 
     </span>
     <span class='ocr_line' id='line_1_39' title="bbox 131 2569 1575 2615; baseline -0.001 -13"><span class='ocrx_word' id='word_1_349' title='bbox 131 2572 306 2614; x_wconf 88' lang='lat' dir='ltr'><strong>peterem.</strong></span> <span class='ocrx_word' id='word_1_350' title='bbox 354 2569 452 2614; x_wconf 85' lang='lat' dir='ltr'><strong>Quia</strong></span> <span class='ocrx_word' id='word_1_351' title='bbox 476 2580 561 2603; x_wconf 84' lang='lat' dir='ltr'><strong>vero</strong></span> <span class='ocrx_word' id='word_1_352' title='bbox 591 2571 637 2605; x_wconf 87' lang='lat' dir='ltr'><strong>de</strong></span> <span class='ocrx_word' id='word_1_353' title='bbox 662 2573 740 2604; x_wconf 87' lang='lat' dir='ltr'><strong>iure</strong></span> <span class='ocrx_word' id='word_1_354' title='bbox 765 2582 846 2604; x_wconf 87' lang='lat' dir='ltr'><strong>meo</strong></span> <span class='ocrx_word' id='word_1_355' title='bbox 878 2576 1006 2615; x_wconf 82' lang='lat' dir='ltr'><strong>sponte</strong></span> <span class='ocrx_word' id='word_1_356' title='bbox 1036 2570 1192 2611; x_wconf 87' lang='lat' dir='ltr'><strong>decedo,</strong></span> <span class='ocrx_word' id='word_1_357' title='bbox 1222 2581 1282 2604; x_wconf 82' lang='lat' dir='ltr'><strong>eos</strong></span> <span class='ocrx_word' id='word_1_358' title='bbox 1321 2580 1464 2602; x_wconf 82' lang='lat' dir='ltr'><strong>securos</strong></span> <span class='ocrx_word' id='word_1_359' title='bbox 1494 2579 1575 2601; x_wconf 88' lang='lat' dir='ltr'><strong>cum</strong></span> 
     </span>
     <span class='ocr_line' id='line_1_40' title="bbox 132 2615 1576 2660; baseline -0.001 -12"><span class='ocrx_word' id='word_1_360' title='bbox 132 2615 334 2649; x_wconf 77' lang='lat' dir='ltr'><strong>abundanti</strong></span> <span class='ocrx_word' id='word_1_361' title='bbox 362 2625 478 2649; x_wconf 82' lang='lat' dir='ltr'><strong>rerum</strong></span> <span class='ocrx_word' id='word_1_362' title='bbox 505 2615 551 2649; x_wconf 85' lang='lat' dir='ltr'><strong>ad</strong></span> <span class='ocrx_word' id='word_1_363' title='bbox 576 2617 688 2650; x_wconf 87' lang='lat' dir='ltr'><strong>vitam</strong></span> <span class='ocrx_word' id='word_1_364' title='bbox 722 2616 919 2660; x_wconf 69' lang='lat' dir='ltr'><strong>degendam</strong></span> <span class='ocrx_word' id='word_1_365' title='bbox 959 2618 1242 2650; x_wconf 80' lang='lat' dir='ltr'><strong>necessariarum</strong></span> <span class='ocrx_word' id='word_1_366' title='bbox 1267 2615 1434 2650; x_wconf 77' lang='lat' dir='ltr'><strong>subsidio</strong></span> <span class='ocrx_word' id='word_1_367' title='bbox 1461 2615 1576 2648; x_wconf 84' lang='lat' dir='ltr'><strong>relin-</strong></span> 
     </span>
     <span class='ocr_line' id='line_1_41' title="bbox 133 2662 1575 2709; baseline -0.001 -15"><span class='ocrx_word' id='word_1_368' title='bbox 133 2673 247 2708; x_wconf 86' lang='lat' dir='ltr'><strong>quere</strong></span> <span class='ocrx_word' id='word_1_369' title='bbox 280 2662 414 2697; x_wconf 86' lang='lat' dir='ltr'><strong>iustum</strong></span> <span class='ocrx_word' id='word_1_370' title='bbox 448 2666 511 2695; x_wconf 87' lang='lat' dir='ltr'><strong>est.</strong></span> <span class='ocrx_word' id='word_1_371' title='bbox 560 2663 659 2698; x_wconf 85' lang='lat' dir='ltr'><strong>Haec</strong></span> <span class='ocrx_word' id='word_1_372' title='bbox 694 2665 723 2696; x_wconf 86' lang='lat' dir='ltr'><strong>si</strong></span> <span class='ocrx_word' id='word_1_373' title='bbox 750 2664 850 2703; x_wconf 81' lang='lat' dir='ltr'><strong>liant,</strong></span> <span class='ocrx_word' id='word_1_374' title='bbox 883 2666 936 2708; x_wconf 86' lang='lat' dir='ltr'><strong>(et</strong></span> <span class='ocrx_word' id='word_1_375' title='bbox 969 2674 1010 2696; x_wconf 86' lang='lat' dir='ltr'><strong>ea</strong></span> <span class='ocrx_word' id='word_1_376' title='bbox 1037 2665 1115 2697; x_wconf 86' lang='lat' dir='ltr'><strong>fieri</strong></span> <span class='ocrx_word' id='word_1_377' title='bbox 1141 2674 1296 2709; x_wconf 83' lang='lat' dir='ltr'><strong>aequum</strong></span> <span class='ocrx_word' id='word_1_378' title='bbox 1322 2662 1477 2706; x_wconf 87' lang='lat' dir='ltr'><strong>iudico‚)</strong></span> <span class='ocrx_word' id='word_1_379' title='bbox 1506 2662 1575 2692; x_wconf 84' lang='lat' dir='ltr'><strong>im-</strong></span> 
     </span>
     <span class='ocr_line' id='line_1_42' title="bbox 133 2705 1575 2755; baseline -0.003 -13"><span class='ocrx_word' id='word_1_380' title='bbox 133 2710 237 2753; x_wconf 84' lang='lat' dir='ltr'><strong>perio</strong></span> <span class='ocrx_word' id='word_1_381' title='bbox 272 2712 308 2742; x_wconf 84' lang='lat' dir='ltr'><strong>et</strong></span> <span class='ocrx_word' id='word_1_382' title='bbox 343 2707 660 2743; x_wconf 74' lang='lat' dir='ltr'><strong>administratione</strong></span> <span class='ocrx_word' id='word_1_383' title='bbox 697 2710 898 2755; x_wconf 77' lang='lat' dir='ltr'><strong>depositis,</strong></span> <span class='ocrx_word' id='word_1_384' title='bbox 936 2715 973 2743; x_wconf 90' lang='lat' dir='ltr'><strong>et</strong></span> <span class='ocrx_word' id='word_1_385' title='bbox 997 2710 1204 2744; x_wconf 64' lang='lat' dir='ltr'><strong>cixitatibus</strong></span> <span class='ocrx_word' id='word_1_386' title='bbox 1229 2710 1419 2747; x_wconf 73' lang='lat' dir='ltr'><strong>restitutis,</strong></span> <span class='ocrx_word' id='word_1_387' title='bbox 1443 2713 1505 2740; x_wconf 81' lang='lat' dir='ltr'><strong>aut</strong></span> <span class='ocrx_word' id='word_1_388' title='bbox 1529 2705 1575 2738; x_wconf 84' lang='lat' dir='ltr'><strong>ad</strong></span> 
     </span>
     <span class='ocr_line' id='line_1_43' title="bbox 136 2750 1573 2802; baseline -0.003 -15"><span class='ocrx_word' id='word_1_389' title='bbox 136 2759 300 2788; x_wconf 73' lang='lat' dir='ltr'><strong>sanctum</strong></span> <span class='ocrx_word' id='word_1_390' title='bbox 335 2756 493 2789; x_wconf 69' lang='lat' dir='ltr'><strong>montem</strong></span> <span class='ocrx_word' id='word_1_391' title='bbox 530 2750 652 2798; x_wconf 79' lang='lat' dir='ltr'><strong>Atlio,</strong></span> <span class='ocrx_word' id='word_1_392' title='bbox 689 2762 750 2791; x_wconf 78' lang='lat' dir='ltr'><strong>aut</strong></span> <span class='ocrx_word' id='word_1_393' title='bbox 784 2756 830 2788; x_wconf 80' lang='lat' dir='ltr'><strong>ad</strong></span> <span class='ocrx_word' id='word_1_394' title='bbox 870 2752 979 2790; x_wconf 79' lang='lat' dir='ltr'><strong>aliam</strong></span> <span class='ocrx_word' id='word_1_395' title='bbox 1010 2763 1150 2802; x_wconf 85' lang='lat' dir='ltr'><strong>partem</strong></span> <span class='ocrx_word' id='word_1_396' title='bbox 1176 2757 1323 2789; x_wconf 80' lang='lat' dir='ltr'><strong>Romani</strong></span> <span class='ocrx_word' id='word_1_397' title='bbox 1362 2756 1443 2792; x_wconf 71' lang='lat' dir='ltr'><strong>soli,</strong></span> <span class='ocrx_word' id='word_1_398' title='bbox 1472 2752 1573 2800; x_wconf 88' lang='lat' dir='ltr'><strong>(nolo</strong></span> 
     </span>
     <span class='ocr_line' id='line_1_44' title="bbox 138 2799 1574 2850; baseline -0.001 -18"><span class='ocrx_word' id='word_1_399' title='bbox 138 2799 232 2834; x_wconf 76' lang='lat' dir='ltr'><strong>e‘niin</strong></span> <span class='ocrx_word' id='word_1_400' title='bbox 268 2803 308 2837; x_wconf 85' lang='lat' dir='ltr'><strong>in</strong></span> <span class='ocrx_word' id='word_1_401' title='bbox 347 2801 536 2848; x_wconf 61' lang='lat' dir='ltr'><strong>peregrini</strong></span> <span class='ocrx_word' id='word_1_402' title='bbox 581 2801 674 2837; x_wconf 71' lang='lat' dir='ltr'><strong>terra</strong></span> <span class='ocrx_word' id='word_1_403' title='bbox 721 2804 899 2849; x_wconf 52' lang='lat' dir='ltr'><strong>exulum)</strong></span> <span class='ocrx_word' id='word_1_404' title='bbox 940 2804 1039 2848; x_wconf 80' lang='lat' dir='ltr'><strong>quod</strong></span> <span class='ocrx_word' id='word_1_405' title='bbox 1081 2804 1261 2850; x_wconf 85' lang='lat' dir='ltr'><strong>reliquum</strong></span> <span class='ocrx_word' id='word_1_406' title='bbox 1302 2808 1355 2837; x_wconf 84' lang='lat' dir='ltr'><strong>cst</strong></span> <span class='ocrx_word' id='word_1_407' title='bbox 1400 2805 1574 2833; x_wconf 80' lang='lat' dir='ltr'><strong>annorum</strong></span> 
     </span>
    </p>
   </div>
  </div>
 </body>
</html>
