1800 3132
319 142 391 200 64
771 163 773 165 ’
820 158 1191 202 CANTACUZEM

129 261 384 310 Α-(Ξ.134ιτες
413 260 662 314 ἑξαρκούσας
688 257 763 308 τὰς
792 259 1023 315 προσόδους
1050 261 1327 318 ἡγησάμενοι,
1358 261 1533 316 χάριτάς
1559 277 1605 303 τε
1633 262 1745 315 uium-

315 324 462 379 λόγουν
501 327 558 381 τῷ
586 324 752 382 μεγάλῳ
788 328 1012 384 δομεστίκῳ
1055 326 1232 377 πολλάς,
1279 326 1351 367 καί
1383 325 1596 381 πρόθυμοι
1637 320 1744 382 ἦσαν

314 396 400 438 τοῖς
428 388 680 444 ὁπουδήποτε
708 393 782 445 γῆς
806 394 889 433 τῶν
912 392 1129 445 Ῥωμαίων
1158 395 1366 444 πολεμίοις
1393 389 1622 445 μάχεσθαι.
1669 395 1743 433 καί

315 453 419 496 ὅπλα
449 455 725 506 ἐπεσκεύαζον
753 455 1071 511 διασμήχοντες,
1121 460 1193 499 καί
1230 459 1378 506 ἵππους
1399 459 1742 512 προσεπορίξοντο

313 523 387 562 καί
413 521 579 568 πλείους
619 522 691 562 καί
724 523 912 574 βελτίους
951 525 1034 563 τῶν
1059 525 1288 578 προτέρων·
1347 523 1418 563 καί
1446 518 1551 570 ὅλως
1574 518 1767 563 ἐδόκουν5

314 586 387 626 καί
415 586 678 639 ἀγανακτεῖν,
713 582 777 629 ὅτι
825 586 882 642 μη
913 586 1055 641 τάχιον
1094 585 1198 642 πρὸς
1239 583 1401 640 ἄμυναν
1428 584 1638 641 ἐξάγονται
1663 588 1746 629 τῶν

313 653 532 704 πολεμίων.

194 711 307 755 Ρ·378
425 716 480 757 θ’.
530 716 642 758 Ἐπεὶ
675 718 720 759 δὲ
755 719 889 759 ταῦτα
917 720 1031 775 αὐτῷ
1058 719 1228 775 διῴκητο
1259 719 1423 769 καλῶς,
1474 717 1743 769 συνεβούλευε

276 782 363 838 Βτῇ
391 783 599 835 βασιλίδι,
631 781 702 823 τὸν
730 781 823 824 υἱὸν
851 785 1026 836 βασιλέα
1052 781 1121 824 τὸν
1143 781 1334 836 Ἰωάννην
1370 784 1507 835 χρίειν
1551 797 1596 821 τε
1617 780 1740 840 ,μύρῳ
1785 824 1788 828 Δ

307 848 364 903 τῷ
392 846 492 902 ἁγίῳ
516 845 588 887 καί
610 847 755 902 στέφει
780 845 853 902 την
880 847 1062 903 κεφαλὴν
1091 852 1372 899 κατακοσμεῖν.
1432 845 1504 886 καί
1530 844 1669 887 ἔπεισέ
1693 859 1795 900 ιγεῐο

308 913 430 962 δόξας
471 905 756 964 ’βουλεύεσθαι
800 915 947 962 καλῶς.
1018 915 1100 955 ταῖν
1144 914 1190 953 δὲ
1218 908 1433 963 καθἀἷμα
1461 911 1743 972 προσηκόντων

306 980 475 1030 βασιλεῖ’
508 991 630 1019 τινων
669 976 726 1031 μὴ
771 979 932 1018 δίκαιον
973 974 1079 1019 εἶναι
1110 975 1443 1033 παραινούντων,
1482 978 1558 1017 τοῦ
1586 974 1742 1029 πατρὸς

306 1042 428 1099 ὀλίγῳ
457 1040 652 1096 πρότερον
683 1041 1014 1096 τετελευτηκότος
1040 1046 1244 1096 βασιλέως
1263 1075 1273 1095 ,
1303 1039 1375 1083 τὸν
1402 1039 1491 1082 υἱὸν
1516 1040 1740 1096 πανηγυρί-

306 1108 415 1159 ζειν,
446 1107 587 1162 <roam
616 1108 662 1149 δὲ
690 1108 834 1156 αὐτοῖς
866 1108 888 1147 ὅ
918 1107 1291 1162 παρακοιμιόμενος
1318 1104 1571 1154 Ἀπόκαυκος
1601 1105 1742 1147 ὖπετί-

303 1175 373 1213 θει
400 1174 532 1225 λέγειν
552 1203 564 1224 ,
626 1169 680 1221 ὥς
709 1174 752 1213 ἑκ
779 1176 857 1213 τῶν
885 1170 1063 1227 ὕστερον
1090 1174 1229 1226 γέγονε
1259 1172 1523 1226 καταφανὲς,
1570 1169 1643 1224 τὴν
1669 1169 1791 1224 γε-ι5

303 1239 530 1291 γενημένην
556 1236 700 1278 στάσιν
727 1239 905 1288 μελετῶν
958 1238 1030 1278 καί
1056 1236 1112 1292 μή
1150 1235 1397 1290 βουλόμενος
1436 1236 1637 1289 βασιλίδα
1666 1238 1739 1290 τῆς

301 1304 361 1350 εἰς
398 1300 531 1356 αὐτην
578 1303 651 1342 καί
692 1300 764 1344 τὸν
802 1301 891 1343 υἱὸν
933 1298 1096 1351 εὐνοίας
1131 1305 1310 1357 ἐνέχυρα
1355 1300 1482 1343 πιστοὶ
1511 1302 1751 1355 κεκτῆσθαο

299 1365 410 1421 παρά
444 1367 624 1420 μεγάλου
654 1368 896 1419 δομεστίκου
917 1370 950 1424 ,)
981 1369 1039 1416 εἷς
1065 1366 1140 1422 τὴν
1165 1365 1388 1422 ὑστεραίαν
1413 1364 1459 1407 τὸ
1492 1365 1612 1421 ἔργον
1641 1365 1736 1406 ἆνε-

298 1432 516 1487 βάλλετοῆ
543 1430 721 1484 βασιλὶς,
752 1429 829 1485 τήν
856 1434 1020 1486 μέμψιν
1048 1433 1171 1475 τινῶν
1201 1432 1448 1485 αἰτιωμένη,
1476 1429 1542 1471 ὅτι
1570 1430 1621 1484 δὴ
1653 1447 1735 1471 πυ-

260 1494 468 1549 Οθόμενοι
496 1502 789 1551 κατηγοροῖεν,
820 1497 877 1545 ὥς
908 1498 957 1539 οὖ
995 1498 1256 1551 κεχρημένων
1297 1500 1353 1553 τῷ
1388 1494 1601 1550 πράγματι
1628 1493 1786 1537 natam

296 1561 465 1617 καιρὸν,
513 1563 605 1603 ἀλλ’
633 1565 678 1603 ἐν
708 1558 770 1610 οἷς
798 1560 885 1603 ἔδει
913 1562 1140 1604 κόπτεσθαι
1167 1563 1239 1603 καί
1264 1564 1460 1617 θρηνεῖν,
1508 1575 1733 1615 πανηγυρι-

298 1624 451 1676 ζόντων
494 1628 635 1669 αότῶν
674 1628 746 1667 καί
786 1626 860 1681 τὴν
886 1626 1218 1682 βασιλικωτάτην
1245 1624 1467 1669 τελούντων
1495 1623 1654 1679 ἑορτήν.
1709 1622 1732 1665 ὅ

294 1693 335 1733 δ’
362 1693 620 1748 ἀνοηταίνειν
656 1690 813 1748 ἔφασκε
842 1690 1080 1734 παντάπασι
1111 1691 1208 1741 τούς
1245 1689 1459 1748 εἰρηκότας
1518 1688 1732 1744 καὶ,μηδὲ

388 1827 416 1848 1.
451 1813 680 1860 ἐξαρχούσας
718 1816 751 1848 Ρ.
846 1817 877 1850 3.
902 1816 976 1851 τῶν
999 1826 1067 1849 om.
1096 1815 1144 1848 Μ.
1243 1826 1295 1848 ιο.
1331 1813 1396 1846 καὶ
1420 1813 1573 1846 alterum
1596 1793 1668 1845 oin.
1691 1812 1731 1845 P.

389 1861 440 1905 ¹4·
463 1860 702 1906 ’Λπόκαυχος
727 1861 760 1893 Ρ.
785 1861 935 1908 ubique.

295 1959 373 1993 tur,
423 1954 581 1987 universi
617 1954 778 1987 contenti
811 1952 1022 1998 stipendiis,
1064 1962 1228 1997 magnum
1265 1951 1500 1986 domesticum
1537 1954 1740 1998 gratiarum·

295 2001 435 2033 actione
459 2000 789 2045 prosequebantur:
826 2004 863 2032 et
893 1998 1111 2043 ubicumque
1139 2003 1314 2031 terrarum
1349 1998 1516 2031 adversus
1554 2001 1730 2033 Romano-

296 2058 374 2080 rum
397 2045 518 2079 hostes
543 2047 588 2079 ad
614 2044 869 2079 decertandum
894 2055 931 2077 se
956 2049 1096 2090 paratos
1122 2044 1386 2083 ostendebant,
1421 2056 1515 2078 arma
1544 2051 1730 2090 extergen-

295 2098 351 2131 tes,
375 2098 412 2125 et
437 2103 548 2137 equos
574 2093 754 2125 consuetis
787 2091 907 2135 plures
934 2102 975 2122 ac
1006 2092 1171 2124 meliores
1208 2095 1451 2135 comparantes
1476 2091 1725 2137 dolentesque,

297 2138 396 2184 quod
419 2148 493 2170 non
517 2139 621 2170 citius
646 2137 691 2170 ad
724 2137 884 2170 hostium
922 2138 1072 2170 iniurias
1106 2137 1349 2171 defendendas
1375 2137 1628 2174 educerentur.

388 2195 419 2228 9.
468 2183 535 2216 His
572 2188 646 2216 tam
682 2184 866 2227 praeclare
890 2185 1019 2229 gestis,
1054 2184 1273 2227 imperatrici
1309 2183 1459 2217 suadere
1484 2184 1640 2223 institit,
1672 2185 1728 2218 uti

295 2230 469 2263 Ioannem
494 2230 608 2262 filium
632 2231 886 2273 imperatorem
913 2231 994 2263 oleo
1020 2235 1141 2263 sancto
1167 2230 1373 2274 ungendum
1405 2235 1442 2263 et
1463 2240 1594 2263 corona
1622 2241 1728 2264 exor-

296 2276 456 2308 nandum
482 2280 629 2308 curaret.
677 2275 817 2308 Placuit
844 2277 1031 2309 eonsilium
1052 2290 1058 2308 :
1098 2275 1161 2309 sed
1186 2288 1205 2309 e
1243 2276 1514 2320 consanguineis
1538 2277 1723 2311 nonnullis

298 2320 594 2355 dissentientibus
610 2346 619 2362 ‚
644 2323 707 2366 qui
732 2321 894 2355 dicerent
910 2347 922 2362 ‚
951 2322 1048 2355 haud
1073 2333 1226 2368 aequum
1252 2334 1346 2363 esse,
1371 2328 1472 2366 patre
1509 2323 1724 2367 imperatore

294 2368 403 2411 paulo
429 2373 511 2401 ante
540 2372 704 2409 mortuo,
731 2367 846 2401 filium
876 2369 1011 2413 agitare
1035 2370 1231 2412 panegyrin
1260 2368 1313 2413 (id
1339 2368 1436 2413 quod
1461 2369 1535 2402 illis
1560 2369 1727 2414 Apocau-

296 2412 396 2454 chus,
421 2416 510 2447 sacri
537 2413 693 2447 cubiculi
716 2415 931 2457 praefectus,
957 2420 1195 2459 suggesserat,
1223 2415 1434 2448 concitatam
1464 2414 1595 2450 deinde
1627 2411 1727 2450 nedi-

293 2461 431 2492 tionem
456 2461 525 2492 iam
549 2466 626 2494 tum
649 2459 839 2501 meditans,
862 2465 903 2492 ut
926 2467 1051 2505 postea
1079 2461 1221 2502 claruit,
1247 2467 1284 2494 et
1306 2462 1433 2494 nolens
1458 2461 1724 2505 imperatricem

294 2505 569 2539 benevolentiae
595 2507 632 2538 in
658 2506 775 2551 ipsam
798 2512 834 2539 et
861 2506 975 2540 filium
1001 2507 1106 2540 fidele
1129 2509 1259 2552 pignus
1282 2506 1416 2540 habere
1440 2518 1460 2538 a
1494 2517 1636 2552 magno.
1656 2507 1724 2540 do-

294 2552 471 2596 mestic07)
506 2553 662 2596 Augusta
700 2563 775 2585 rem
805 2554 844 2586 in
883 2553 976 2585 diem
1003 2559 1184 2597 posterum
1213 2554 1377 2594 distulit,
1401 2553 1636 2600 quorumdam
1663 2564 1723 2586 re·

292 2597 574 2643 prehensionem
605 2603 765 2632 causata:
809 2599 872 2644 qui
905 2599 1076 2633 videlicet
1109 2600 1251 2633 crimini
1299 2599 1453 2638 darent,
1489 2601 1673 2643 negotium
1701 2607 1722 2632 a·

293 2649 456 2687 tempore
490 2645 646 2677 alienum
670 2647 849 2690 suscipere
874 2651 910 2678 et
942 2646 1072 2678 festum
1105 2646 1234 2679 ducere
1269 2647 1520 2691 panegyricum
1553 2645 1722 2689 diemque

295 2701 465 2735 peragere
497 2691 778 2735 regalissimum‚
813 2691 956 2737 quando
993 2691 1110 2724 adhuc
1134 2692 1301 2736 plangere
1326 2691 1586 2736 lamentarique
1612 2700 1719 2735 opor-

286 2742 396 2771 -teret.
447 2736 546 2781 Quos
580 2737 628 2770 ita
663 2738 872 2783 loquentes,
902 2749 1044 2784 Prorsus
1079 2738 1232 2773 delirare
1255 2737 1456 2773 affirmabat
1479 2747 1625 2782 magnus
1649 2735 1718 2769 do-
