1812 3132
533 192 910 236 ms'romAnuM
953 193 1024 234 111.
1054 194 1123 238 25.
1412 190 1431 225 1
1445 169 1514 227 55

92 299 165 342 καὶ
202 295 330 347 αὐτὸς
366 291 468 353 ᾤετο
503 292 705 349 βασιλεῦς
747 295 863 351 κοινῇ
901 297 1151 346 λυσιτελεῖν,
1199 294 1272 334 καί
1307 289 1464 345 περιών
1489 305 1532 332 τε
1546 285 1626 330 Α’ζῦ.
1640 294 1722 341 ι34ι

91 360 298 417 ἠνάγκαζε
345 365 476 402 ποιεῖν
512 359 586 400 καὶ
634 358 911 414 α’ποθνὴσκων
951 355 1225 411 συνεβούλευέ
1260 371 1304 399 τε
1346 354 1436 410 ἅμα
1463 355 1537 398 καὶ

92 429 317 482 ἐπέσκηπτε
334 423 573 474 τελευταάκς
591 422 774 473 ἐντολάς.
816 425 939 465 τοῦτο
961 425 1007 464 δέ
1027 424 1113 464 ἐστι
1128 457 1140 476 ,
1167 419 1388 476 βασιλικήν
1407 423 1543 476 3035--

91 510 143 534 τα
172 493 220 534 σὲ
248 492 416 532 ἐνδῦναι
444 489 517 530 καί
532 492 617 531 τῶν
636 487 892 544 πραγμάτων
916 486 1206 530 ἀνθάπτεσθαι
1226 485 1543 543 κραταιότερον,

67 557 152 606 ὄῶς
177 554 306 610 μόνου
335 553 482 598 τούτου
510 554 584 602 τοὶς
614 556 961 609 προσδοκωμένας
989 554 1079 594 οἴου
1108 568 1151 594 τε
1180 552 1379 605 ἐσομένου
1408 567 1538 592 κατα-

92 622 243 664 παύειν
271 620 509 676 συμφοράς.
539 617 588 661 οὕ
619 618 749 672 μόνον
774 618 854 674 γὰρ
885 619 1033 675 ἡμεῖς,
1063 614 1152 660 ὅσοι
1182 617 1392 674 πάρεσμεν
1419 615 1545 670 νυνὶ,-

93 686 203 730 dud·
229 685 302 728 καὶ
326 683 371 727 εἴ
400 702 462 734 τις
505 680 660 728 ἄλλοθί
681 701 760 727 που
789 687 872 727 τῶν
899 683 1128 740 περιδόξων
1159 682 1233 725 καί
1259 681 1422 738 μεγάλα
1462 683 1545 723 δυ-

91 755 278 804 ναμένων
307 753 535 806 διατρίβει,
573 751 623 792 οὖ
652 748 781 804 μόνον
810 745 887 792 οιῖκ
913 751 987 792 ἐπὶ
1010 755 1095 798 τοῖς
1120 751 1349 804 γινομένοις
1378 748 1536 803 ἀγανα-

91 815 258 872 κτήσει,
287 815 395 858 ἀλλὰ
424 816 498 859 καί
524 814 669 873 ἑορτῆς
707 814 871 872 ἡμέραν
899 817 1057 870 ἐκείνην
1067 848 1079 867 ,
1096 842 1100 846 ·
1120 817 1165 858 ἐν
1191 810 1220 872 ᾗ
1252 813 1328 864 τὰς
1356 813 1658 872 ἐμφυλιὶ-Ρ,43ο

44 898 165 931 Ιοους
193 881 477 924 καταλύεσθαι
505 883 669 933 ἐξέσται
696 880 889 935 στάσεις,
932 886 1081 934 νομιεῖ.
1136 880 1209 922 καί
1251 878 1403 929 πάντες
1433 879 1546 922 dvm.

88 947 321 1004 κηρύξομεν
347 950 525 1001 βασιλέα
553 944 858 1003 προθυμότατα
876 981 889 1000 ,
930 946 978 988 οὗ
1009 947 1104 988 νυνί
1129 945 1286 1000 μόνον,
1328 945 1435 988 ἀλλὰ
1464 945 1538 988 καὶ

88 1012 161 1056 τὸν
187 1015 343 1068 προτοῦ
379 1012 510 1054 πάντα
551 1011 703 1069 χρόνον
742 1008 920 1067 ἄγεσθαι
953 1013 1185 1066 εἰθισμένοι
1209 1010 1322 1068 παρά
1356 1014 1433 1053 σοῦ
1463 1010 1539 1053 καὶ

88 1077 217 1134 τιμήν
247 1077 321 1120 καί
346 1073 537 1131 εῦνοιαν,
567 1076 668 1134 ὅσην
694 1082 869 1132 βασιλεῖ
889 1080 1116 1134 προσῆκεν,
1145 1074 1173 1133 ἢ
1201 1074 1267 1119 ὅτι
1293 1075 1534 1134 ε’γγυτάτῳ,

89 1142 387 1200 παρεχόμενοι.
444 1145 572 1186 αὐτοί
605 1160 648 1186 τε
677 1143 715 1186 οἱ
745 1143 819 1186 τὸν
849 1141 1031 1197 πόλεμον
1057 1143 1338 1199 κεκινηκότες,
1383 1145 1429 1185 ἐκ
1457 1144 1537 1184 τοῦ

41 1210 272 1264 ιὸνομίζειν
302 1209 445 1266 ῥᾷσταγ
467 1208 837 1266 περιγενήσεσθαι,
865 1206 918 1251 ἂν
945 1212 1142 1263 πολέμιον
1170 1213 1342 1263 βασιλεῖ
1363 1223 1546 1264 περιαγ--

88 1273 304 1331 γείλωσιν,
334 1275 510 1331 ὁρῶντες
540 1271 622 1332 ἤδη
650 1276 700 1319 τοὶ
731 1274 958 1331 πράγματα
977 1277 1347 1332 α’ντεστραμμένα,
1379 1276 1452 1316 καί
1475 1271 1536 1329 μὴ

89 1347 195 1382 κατὰ
224 1343 324 1384 νοῦν
350 1342 629 1397 χωρήσαντα,
659 1341 792 1384 πολλοὶ
820 1344 897 1397 τῆς
920 1342 1125 1396 α’βουλιάς
1153 1338 1298 1390 αὐτοῖς
1326 1355 1538 1394 καταμεμ-

88 1405 297 1460 ψάμενοι,
325 1406 704 1464 χωρήσουσι-πρὸς
733 1407 808 1464 τήν
838 1408 1004 1464 εἰρήνην
1031 1408 1292 1462 α’ναγκαίως,
1321 1405 1364 1448 εἴ
1388 1421 1435 1461 γε
1465 1407 1541 1447 καί

90 1468 209 1526 ὀλίγα
236 1475 309 1527 τῆς
344 1474 426 1515 τῶν
455 1470 564 1516 ὅλων
601 1477 808 1530 σωτηρίας
833 1477 952 1528 μέλει
980 1475 1054 1516 καί
1074 1471 1135 1528 μὴ
1164 1471 1429 1516 παντάπασιν
1465 1470 1547 1514 ἐπὶ·

35 1536 200 1595 widun
225 1539 299 1579 καί
327 1541 472 1595 φθορᾷ
499 1541 621 1595 σφῶν
649 1556 695 1581 τε
726 1541 866 1583 αῦτῶν
895 1540 967 1582 καὶ
1003 1542 1088 1583 τῶν
1117 1539 1373 1594 πραγμάτων
1399 1538 1536 1580 πάντα

87 1609 221 1662 ποιεῖἰν
242 1602 323 1645 «καί
347 1605 722 1659 πραγματεύεσθαι
750 1606 986 1660 ἐγνώκασιν.
1044 1604 1088 1648 εἴ
1099 1608 1240 1648 τοίνυν
1267 1603 1313 1646 ἔκ
1339 1621 1385 1646 τε
1411 1604 1579 1659 ἦμῶνΒ·

35 1668 38 1672 ’
88 1663 530 1711 τῶὶῖξένσοιψσυνόντων
569 1672 642 1712 καί
679 1670 821 1713 αὐτῶν
856 1675 940 1714 τῶν
980 1671 1190 1725 πολεμίων
1231 1671 1354 1713 οὐδὲν
1393 1672 1583 1725 ἓτερονν.
1603 1673 1672 1720 348

89 1732 372 1791 ἀναφαίνεται
399 1734 604 1792 σωτήριον
629 1743 715 1785 τοῖς
743 1738 871 1790 πᾶσι,
912 1738 1095 1790 βέλτιον,
1127 1736 1228 1791 ἡμῖν
1267 1735 1512 1788 πειθόμενον
1521 1767 1535 1789 ,

182 1859 213 1891 7.
241 1846 340 1891 μέγα
368 1847 401 1879 P.
530 1849 564 1886 8.
588 1848 659 1882 οὐκ
685 1847 768 1886 add.
783 1848 830 1882 M.
966 1850 1019 1884 13.
1043 1845 1110 1890 ὅση
1135 1848 1182 1882 Μ.
1309 1847 1359 1882 15.
1383 1856 1535 1895 περιγε-

181 1894 320 1927 νέσθαι
343 1893 392 1927 Μ.
418 1906 485 1940 mg.

88 1993 130 2022 ut
151 1988 320 2028 ⁴faceres,
359 1987 522 2021 instabat
559 1991 596 2021 et
635 1988 793 2022 moriens
833 1989 941 2023 simul
975 1990 1190 2024 hortabatur
1227 1994 1264 2024 et
1293 1992 1332 2024 in
1365 1992 1536 2025 extremis

87 2034 268 2068 mandatis
295 2034 424 2074 dabat,
460 2034 500 2068 id
532 2039 603 2074 est,
638 2039 680 2067 ut
711 2041 879 2069 ornatum
908 2037 1181 2080 imperatorium
1208 2037 1247 2070 in
1278 2041 1316 2071 te
1347 2038 1467 2083 capias
1499 2042 1537 2072 et

87 2082 277 2115 adrerum
303 2081 551 2114 moderamina
585 2082 784 2126 impensius
819 2082 1029 2116 incumbas:
1066 2084 1104 2115 in
1132 2095 1204 2128 quo
1243 2084 1320 2117 solo
1356 2085 1536 2118 malorum

87 2130 156 2162 sita
182 2133 237 2161 est
262 2127 441 2171 depulsio.
493 2127 640 2171 Quippe
679 2139 753 2161 non
786 2128 918 2169 modo,
950 2130 1014 2173 qui
1039 2142 1157 2163 coram
1183 2130 1372 2171 adsumus,
1409 2130 1474 2164 sed
1497 2135 1536 2164 et

89 2174 179 2207 alibi
206 2174 376 2218 degentes
410 2173 480 2207 viri
513 2173 674 2207 illustres
707 2185 748 2207 ac
771 2180 939 2218 potentes
966 2187 1080 2220 usque
1115 2177 1206 2210 adeo
1238 2177 1307 2210 hoc
1331 2178 1427 2210 sacto
1458 2188 1535 2210 non

87 2219 396 2263 indignabuntur,
430 2224 472 2252 ut
496 2221 605 2252 ctiam
630 2221 726 2254 diem
754 2221 878 2261 illum,
911 2233 984 2267 quo
1019 2223 1142 2256 civiles
1178 2223 1374 2256 discordias
1408 2234 1534 2257 sanare

86 2267 239 2306 licebit,
263 2266 396 2299 festum
421 2267 647 2299 numeraturi
673 2267 766 2300 sint:
796 2278 995 2313 omnesque
1020 2269 1250 2313 cupidissime
1276 2275 1312 2302 te
1334 2271 1533 2314 imperato-

87 2324 164 2346 rem
188 2312 446 2353 salutabimus,
470 2313 572 2346 cuius
596 2313 748 2357 imperio
774 2325 848 2348 non
871 2314 996 2355 hodie,
1023 2316 1086 2349 sed
1111 2315 1264 2348 antehac
1292 2327 1433 2360 semper
1457 2316 1534 2360 regi

86 2359 358 2399 consuevimus,
406 2363 444 2391 et
479 2358 656 2392 honorem
696 2360 1084 2408 benevolentiamque,
1118 2368 1289 2408 quantam
1321 2363 1532 2408 imperatori

87 2405 262 2438 debemus
277 2428 286 2445 ‚
310 2410 373 2438 aut
397 2406 432 2438 ei
458 2406 681 2449 proximam,
706 2405 777 2440 tibi
802 2408 1022 2441 tribuemus:
1062 2409 1207 2453 ipsique
1231 2409 1321 2442 belli
1348 2414 1532 2450 auctores,

87 2463 167 2484 cum
193 2463 230 2484 se
254 2451 357 2484 nullo
384 2451 532 2495 negotio
564 2454 768 2496 superiores
799 2453 876 2487 sore
903 2454 1147 2494 confiderent,
1185 2455 1214 2487 si
1239 2460 1276 2488 te
1310 2455 1532 2501 imperatrici

85 2497 232 2536 hostem,
265 2498 401 2531 factum
441 2509 623 2531 rumorem
654 2500 934 2544 circumquaque
969 2506 1200 2546 spargerent,
1239 2501 1305 2534 ubi
1343 2511 1399 2535 res
1434 2508 1531 2536 retro

87 2554 276 2582 conversas
301 2550 339 2576 et
366 2542 534 2578 adversus
559 2544 672 2578 animi
698 2547 914 2579 sententiam
941 2548 1106 2581 evenisse
1131 2546 1312 2588 viderint,
1346 2548 1533 2583 levitatem

86 2591 157 2634 ipsi
185 2601 284 2623 suam
308 2596 544 2629 accusantes,
581 2591 698 2626 velint
720 2592 841 2626 nolint
863 2592 908 2626 ad
932 2604 1056 2637 pacem
1084 2593 1337 2634 inclinabunt,
1371 2594 1402 2628 si
1435 2605 1533 2628 com-

85 2638 206 2670 munis
237 2637 363 2670 salutis
406 2636 466 2669 vel
503 2637 649 2670 tantilla
681 2650 765 2672 cura
798 2644 1017 2685 tangantur,
1056 2650 1124 2673 nec
1156 2640 1200 2674 ad
1237 2651 1339 2673 suum
1371 2641 1534 2685 ipsorum

85 2683 315 2728 aliorumque
348 2683 514 2716 omnium
559 2684 710 2717 exitium
755 2685 873 2719 facere
907 2696 947 2717 ac
976 2686 1096 2719 moliri
1133 2687 1252 2720 omnia
1283 2686 1530 2722 decreverunt.

88 2728 211 2772 Quare
237 2739 316 2762 cum
344 2735 380 2763 et
414 2740 461 2763 ex
492 2735 636 2771 nostra,
671 2731 734 2776 qui
771 2737 808 2765 te
841 2733 1048 2778 sequimur,
1080 2737 1116 2766 et
1154 2743 1198 2767 ex
1233 2732 1391 2767 hostium
1426 2740 1531 2779 parte

89 2775 191 2809 aliud
215 2776 267 2810 rei
294 2775 469 2822 publicae
495 2777 651 2812 salutare
675 2777 771 2814 nihil
796 2783 987 2824 appareat,
1012 2779 1164 2826 aequius
1187 2785 1263 2827 est,
1295 2786 1417 2815 nostro
1443 2791 1531 2816 con-

328 2862 345 2873 ο
