1800 3138
299 179 410 251 276
788 196 1173 240 'CANTACUZENI

97 292 280 349 &rc-¹342
293 310 432 343 κοντας
461 295 594 351 αύτῷ·
651 297 749 349 πρίν
775 293 854 351 γάρ
876 294 972 346 τούς
996 293 1144 352 ὅρκους
1163 297 1357 351 γενέσθαι
1384 299 1725 354 προσεχώρησαν.

288 359 487 414 βασιλεύς
516 362 562 402 δὲ
594 360 825 414 α’ντέλεγεν,
864 360 1022 404 ἀδικεῖν
1061 361 1234 417 φάσκων
1271 360 1448 418 Κράλην
1483 365 1557 405 καί
1585 360 1724 420 παρα-’-

287 427 493 467 σπονδεῖν.
562 427 606 476 ἐξ
649 421 748 466 ὅτου
788 424 866 481 γὰρ
906 428 1089 480 ἐγένοντο
1119 425 1164 468 αἱ
1193 427 1436 481 συμβάσεις,
1464 429 1550 470 δεῖν
1579 426 1722 470 ἑκατέ-

286 506 388 546 ρους
415 491 600 545 στέργειν
627 486 689 540 οἷς
715 491 951 534 συνέθεντο.
1004 494 1045 534 εἰ
1072 493 1107 533 δ’
1136 487 1220 548 ἄρα
1247 491 1320 534 καί
1342 491 1490 548 μέτριά
1516 508 1609 535 τινα
1625 495 1722 536 ἑθέ-

285 558 351 598 λοι
381 556 563 609 ἀδικεῖν,
591 557 760 611 Χρέλην
785 558 865 609 μὲν
891 554 1019 610 ἔχειν,
1050 555 1267 613 ὅμόφυλόν
1293 572 1339 598 τε
1368 552 1466 599 ὅντα
1492 557 1566 599 καί
1592 554 1744 616 ὄλίγῳὸ

284 619 487 676 πρότερον
525 616 863 675 αὐτομολήσαντα
896 622 1146 675 Ῥωμαίοις,
1190 621 1421 664 Μελενίκον
1450 623 1496 664 δὲ
1524 624 1628 680 ἒᾷν,
1675 627 1721 674 ἐξ

283 687 389 728 §nav
427 682 507 741 ἤδη
546 689 736 728 παλαιῶν
771 685 954 741 ὑπήκοον
987 683 1084 729 ὄντα
1122 692 1209 736 τοῖς
1242 686 1461 741 Ῥωμαίων
1486 690 1724 741 βασιλεῦσι.

249 749 462 806 ΒΚράλης
504 753 550 793 δὲ
589 752 669 805 οὐχ
705 748 826 809 ἑτέρῳ
853 752 1055 808 ἔφασκεν,
1085 752 1176 794 ἀλλ’
1205 749 1323 810 αύτῷ
1343 753 1581 808 χρήσεσθαι
1608 754 1720 795 διαι-

279 820 380 873 τητῇ
408 818 507 872 περί
535 811 595 858 ὧν
622 817 947 872 α’μφισβητοῦσι.
1001 816 1099 866 τοὺς
1124 819 1204 871 μὲν
1228 815 1309 873 γάρ
1340 815 1488 874 ὅρκους
1506 816 1603 866 τούς
1621 816 1722 873 περὶ

279 885 361 924 τῶν
407 883 596 924 σπονδῶν
633 884 684 939 τῇ
722 882 949 940 προτεραίᾳ
996 880 1260 939 γεγράφθαι,
1306 878 1368 931 οἷς
1415 884 1774 939 ἒγγέγραπται,ιο,

277 946 357 996 τάς
382 949 460 1001 μὲν
487 945 756 1003 ἦρπασμένας
784 948 900 1006 αὐτῷ
929 951 974 990 ἐκ
1001 951 1072 1004 τῆς
1093 945 1320 1002 ε,Ρωμαίων
1342 945 1560 1002 ἡγεμονίας
1576 945 1719 997 πόλεις

276 1010 391 1065 ἔχειν
427 1012 501 1054 καί
534 1012 745 1068 μηδεμίαν
782 1013 1057 1055 ἀπαιτεῖσθαι
1094 1017 1195 1070 παρ’
1223 1010 1369 1066 αὕτοῦ,
1396 1011 1471 1062 τάς
1498 1014 1537 1054 δ’
1565 1012 1626 1055 ἔτι
1651 1028 1719 1055 τε-

275 1076 432 1126 λούσας
459 1075 538 1119 ὖπὸ
564 1078 797 1132 “Ρωμαίοις
822 1081 999 1133 βασιλέα
1026 1076 1161 1133 ἔχειν·
1223 1075 1320 1120 ὥστ’
1349 1079 1425 1119 οὔκ
1453 1073 1504 1120 ἂν
1532 1078 1713 1133 α’δικοίη,

275 1147 447 1191 πολλαῖς
473 1142 675 1199 πρότερον
702 1141 876 1199 ἦμὲραις
904 1139 933 1199 ἢ
963 1146 1157 1198 γενέσθαι
1174 1141 1247 1192 τοὶς
1267 1142 1466 1193 τοιαύτας
1485 1141 1716 1197 συμβάσεις

276 1209 421 1262 Χρέλη
448 1207 556 1260 μετὰ
587 1210 822 1250 Μελενίκου
851 1206 1252 1264 προσχωρήσαντος,
1284 1209 1341 1256 ὥς
1369 1210 1414 1251 ἑκ
1443 1211 1526 1250 τῶν
1555 1208 1766 1255 ἐκείνουιὸ

272 1270 526 1327 γραμμάτων
556 1273 706 1326 ἐγινετο
734 1276 990 1329 καταφανές.
1042 1271 1243 1326 βασιλεύς
1271 1275 1317 1314 δὲ
1344 1271 1448 1328 πρός
1475 1289 1519 1315 τε
1545 1272 1592 1315 τὸ
1622 1277 1715 1316 πεί-

273 1342 367 1380 θειν
408 1337 516 1391 ὄμοῦ
555 1336 624 1378 διὰ
665 1336 742 1387 τοὶς
773 1335 974 1387 τοιαύτας
1004 1338 1288 1393 εὖρεσιλογίας
1313 1339 1386 1379 καί
1410 1337 1518 1393 πρὸς
1542 1337 1587 1381 τὸ
1616 1336 1715 1392 βιά-

274 1404 421 1453 ζεσθαι
460 1401 568 1456 ἔχων
597 1400 836 1457 ἀδυνάτως,
876 1400 1149 1458 παρεχώρησε
1178 1402 1250 1443 καί
1275 1397 1401 1456 ἄκων,
1432 1406 1506 1445 καί
1528 1406 1710 1458 ἐγένοντο

233 1466 314 1510 Col
352 1463 468 1523 ὅρκοι
506 1467 578 1510 ἐπὶ
603 1467 779 1516 τούτοις.
849 1466 951 1521 μετὰ
991 1469 1037 1508 δὲ
1072 1466 1167 1515 τοὺς
1197 1463 1343 1522 ὅρκους
1369 1467 1391 1509 ὄ
1430 1468 1604 1524 Κράλης
1630 1471 1712 1511 τῶν

269 1535 316 1576 ἐν
355 1535 466 1574 τέλει
503 1531 602 1580 τούς
633 1533 946 1581 δυνατωτάτους
977 1533 1112 1574 αὐτοῦ
1138 1530 1380 1586 συναγαγών
1406 1534 1619 1590 τέσσαρας
1643 1530 1766 1580 ὅν-αο

269 1615 345 1648 τας
383 1595 488 1652 πρὸς
515 1604 600 1646 τοῖς
637 1597 793 1648 εἴκοσι,
840 1598 1046 1653 τέσσαρας
1071 1598 1148 1650 μὲν
1178 1596 1303 1646 αύτὸς
1331 1603 1509 1651 κατεῖχε,
1535 1598 1632 1649 τοὺς
1661 1602 1710 1642 δὲ

269 1661 400 1705 εἴκοσι
435 1665 662 1719 παρεδίδου
699 1667 870 1716 βασιλεῖ
904 1660 993 1715 ἅμα
1032 1668 1122 1711 ταῖς
1158 1662 1230 1703 ὑπ’
1267 1664 1447 1712 ἐκείνους
1476 1671 1707 1720 στρατιαῖς,

270 1726 327 1780 ὥς
353 1726 490 1770 πάντα
518 1726 760 1783 προθύμως,
794 1726 899 1781 ἅπερ
930 1723 982 1769 ἂν
1014 1729 1159 1784 κελεύῃ
1187 1727 1408 1781 βασιλεὺς,
1445 1728 1707 1783 ποιήσοντας.

269 1797 421 1844 ἐκεῖνος
456 1796 536 1848 μὲν
565 1789 640 1837 οὖν
668 1791 757 1848 ἅμα
790 1797 1012 1849 Τριβαλοΐς
1038 1795 1390 1851 παρεσκευάζοντο
1418 1793 1476 1843 ὥς
1503 1795 1704 1851 ἀφιξόμε-

262 1974 316 2009 Ex
355 1984 428 2019 quo
467 1971 564 2005 enim
608 1971 736 2006 foedus
781 1966 993 2016 conceptum
1026 1971 1104 2010 sit,
1140 1975 1333 2015 utrumque
1365 1970 1481 2016 pactis
1515 1973 1703 2007 conventis

264 2026 357 2054 stare
403 2024 582 2064 oportere.
690 2018 791 2053 uodsi
819 2019 1017 2051 modestius
1051 2017 1222 2051 iniuriam
1246 2017 1362 2050 facere
1389 2019 1498 2057 velit,
1533 2019 1702 2052 Chrelem

264 2067 337 2100 sibi
362 2066 505 2104 habeat,
534 2065 619 2109 quia
640 2070 677 2098 et
698 2065 881 2098 Triballus
899 2065 947 2097 sit
966 2070 1003 2098 et
1025 2064 1134 2108 paulo
1161 2069 1245 2097 ante
1269 2063 1315 2095 ad
1340 2063 1516 2097 Romanos
1540 2065 1702 2099 transfu-

266 2114 380 2157 gerit:
409 2112 627 2146 Melenicum
651 2112 856 2157 relinquat,
879 2121 974 2156 quae
1000 2111 1086 2144 inde
1114 2121 1135 2142 a
1158 2110 1307 2143 vetustis
1328 2110 1550 2154 temporibus
1568 2112 1701 2144 Roma—

268 2159 307 2192 ni
335 2159 424 2191 iuris
460 2158 580 2190 fuerit.
631 2156 751 2190 Crales
779 2163 902 2191 contra
936 2167 1009 2190 non
1034 2157 1127 2196 alio,
1152 2154 1215 2189 sed
1243 2155 1398 2199 ipsomet
1423 2157 1542 2190 iudice
1566 2158 1605 2189 in
1629 2159 1700 2192 ista

265 2205 332 2238 lite
357 2215 518 2239 usurum.
577 2203 666 2236 Nam
698 2205 902 2236 iuramenta
934 2203 1090 2236 foederis
1122 2201 1201 2234 heri
1227 2202 1266 2234 in
1291 2202 1443 2235 tabellas
1467 2203 1578 2236 relata
1603 2215 1694 2245 esse,

266 2253 307 2284 in
332 2250 462 2297 quibus
490 2254 657 2293 pateret,
682 2255 725 2282 ut
748 2261 836 2294 quas
865 2261 884 2282 a
911 2249 1068 2283 Romano
1091 2247 1295 2292 principatu
1334 2247 1545 2282 abstulisset
1577 2249 1698 2292 urbes,

266 2297 338 2330 sibi
375 2296 530 2329 haberet
566 2296 778 2340 nullamque
814 2301 977 2340 repetere
1013 2295 1066 2328 sas
1101 2298 1214 2327 esset:
1251 2304 1343 2337 quae
1369 2299 1488 2327 autem
1513 2295 1631 2329 adhuc
1656 2297 1696 2331 in

265 2353 308 2375 eo
333 2347 620 2382 numerarentur,
632 2343 859 2386 imperatoris
876 2346 1004 2374 essent.
1033 2339 1152 2384 Quare
1164 2338 1328 2372 nihilhic
1342 2341 1508 2374 adversus
1531 2343 1697 2387 aequita-

264 2394 336 2422 tem
362 2389 526 2432 peccari,
552 2399 633 2420 cum
658 2389 782 2422 multis
811 2386 938 2421 diebus
964 2392 1046 2420 ante
1070 2385 1208 2418 isthaec
1239 2391 1342 2429 pacta
1369 2387 1516 2420 Chreles
1541 2387 1587 2420 ad
1615 2389 1694 2422 eius

261 2442 382 2479 partes
416 2434 600 2467 transierit
619 2458 629 2475 ,
684 2434 755 2467 uod
792 2446 834 2468 ex
857 2433 988 2467 litteris
1014 2431 1174 2464 eiusdem
1204 2437 1352 2464 constet.
1405 2434 1600 2478 Imperator
1626 2445 1695 2468 nec

260 2480 475 2524 persuadere
500 2480 618 2524 potis,
643 2447 708 2513 utlii
732 2484 804 2512 tam
828 2483 993 2523 prompte
1018 2477 1126 2511 verba
1164 2476 1459 2519 funditabantur,
1499 2490 1566 2512 nec
1588 2491 1693 2524 coge-

259 2538 318 2566 re,
344 2528 450 2559 cessit
474 2526 618 2559 invitus.
669 2527 714 2559 Et
738 2528 892 2559 iuratum
922 2525 1104 2569 utrimque
1132 2523 1236 2556 dictis
1271 2536 1377 2568 supra
1409 2525 1692 2560 conditionibus.

257 2572 381 2604 Postea
411 2572 552 2611 Crales,
582 2578 736 2617 quatuor
762 2577 797 2604 et
828 2570 957 2614 viginti
980 2581 1124 2602 suorum
1150 2569 1381 2612 dynastarum
1404 2571 1692 2616 opulentissimis

257 2619 477 2662 cougregatis
507 2623 544 2650 et
567 2624 723 2662 quatuor
747 2618 817 2651 sibi
843 2617 1010 2656 retentis,
1036 2621 1172 2648 ceteros
1200 2626 1278 2648 cum
1305 2629 1366 2650 sua
1396 2629 1690 2664 unumquemque

255 2665 358 2708 copia
395 2663 544 2695 militari
580 2665 787 2708 imperatori
811 2662 984 2696 attribuit
1000 2686 1009 2701 ,
1044 2661 1203 2694 facturos
1227 2663 1393 2696 alacriter
1417 2664 1535 2697 omnia
1552 2689 1562 2705 ,
1595 2675 1690 2710 quae

254 2710 285 2743 is
317 2709 416 2742 velit.
465 2708 557 2741 Cum
595 2709 767 2742 Triballis
805 2710 915 2753 igitur
945 2707 1237 2751 Didymotichum
1271 2709 1341 2742 iter
1373 2708 1580 2743 adornabat.
1643 2710 1690 2743 At

253 2756 317 2800 qui
356 2754 633 2788 Thessalonicae
667 2760 791 2794 erant,
837 2755 946 2798 Syrge
987 2753 1134 2787 duetore
1173 2753 1387 2788 Rhentinam
1424 2761 1685 2800 processerunt.

251 2803 338 2838 east
374 2801 402 2835 li
438 2799 628 2845 indigenae
665 2805 707 2833 ut
732 2800 1020 2835 cantaeuzenum
1052 2810 1221 2834 aerumna
1247 2806 1394 2846 cogente
1421 2800 1467 2834 ad
1493 2801 1684 2848 ‘Triballos
