1800 3132
529 148 905 193 Hls‘romARUM
944 152 1015 191 111.
1057 152 1100 196 8.
1447 127 1521 184 63

91 253 297 310 „ov'noiiv”
324 252 404 308 ἔφη
432 253 593 304 „rafim
620 252 752 310 τούτῳ
781 249 969 306 παράδος
997 248 1231 291 ἅπελθιόν.”
1286 247 1342 298 ὥς
1367 249 1413 290 δὲ
1443 254 1605 304 pen-AB.
1626 252 1706 299 ¹34¹

93 322 164 363 ὃὲν
208 317 414 373 μελλήσας
470 314 689 372 ἐπορεύετο
739 316 790 358 τοὶ
845 316 1176 372 προστεταγμένα
1223 313 1525 369 ἔκπληρώσων,

92 385 191 442 πρὶν
233 383 369 426 οἴκαδε
404 383 541 423 ἐλθεῖν
596 381 617 422 ὃ
654 384 784 436 μέγας
812 383 1050 435 ὁόμέστικος
1092 382 1277 423 ἐκέλευεν
1324 379 1524 436 ἀναστρέ-

93 466 201 507 φειν.
264 449 335 490 καί
371 450 445 502 τῆς
485 449 564 501 μὲν
610 446 850 503 προθυμίας
893 447 1009 488 ἕνεκα
1051 443 1215 502 ἐπῄνει,
1264 444 1314 488 τὰ
1358 443 1526 501 χρήμα-

66 517 146 558 5τα
185 516 231 557 δὲ
275 512 460 556 ἐκέλευεν
504 508 631 554 αὗτὸν
670 512 914 568 φυλάττειν,
962 512 1020 561 ὥς
1067 511 1141 553 νῦν
1175 511 1254 565 μὲν
1292 511 1432 553 αὐτῶν
1475 510 1526 552 οὗ

93 582 285 638 δεομένῳ.
340 578 414 621 ἐὰν
446 579 492 620 δὲ
533 580 613 619 τῶν
652 580 772 620 ἰδίων
814 579 1123 629 α’ναλωθέντων,
1166 578 1239 617 καί
1275 575 1429 619 τούτων
1457 577 1526 617 δε-

90 648 197 703 ηθῇ,
234 643 312 687 τότ’
341 639 420 700 ἤδη
453 643 705 697 λαμβάνειν,
750 643 806 694 ὥς
836 645 948 700 αὐτῷ
984 645 1056 684 καί
1082 645 1218 684 ταῦτα
1248 643 1526 698 διαφέροντα,

91 711 166 753 καὶ
206 706 461 761 ἀναλίσκειν,
520 705 614 749 ὅποι
654 706 705 751 ἂν
748 711 846 767 δοκῇ
890 711 950 767 τῷ
981 709 1105 765 κοινῷ
1140 707 1407 749 οἷναλωθέντα
1440 706 1526 760 μα’-

91 781 214 818 λιστα
257 772 548 830 λυσιτελήσειν.
625 774 648 815 ὅ
693 777 734 816 δ’
781 774 1011 830 ἀπηγόρευε
1054 775 1132 827 μὲν
1177 773 1260 814 τῶν
1300 771 1566 828 χρημάτωνῦ

45 839 165 897 iord-v
201 839 414 897 φυλακην,
453 839 504 881 οὗ
547 841 642 881 καθ’
683 837 835 896 ἧόόνὴν
873 836 991 892 εἶναι,
1032 836 1218 894 φάσκων,
1249 837 1362 895 αὐτῷ
1389 855 1526 892 παρα-

92 907 279 960 κατέχειν
316 905 396 947 ἔτι·
467 902 580 958 ὅμως
633 906 865 960 α’ναγκαιως
925 903 1279 960 προσταττόμενος
1324 904 1527 948 ἐπείθετο.

91 970 196 1026 μετοὶ
224 973 345 1013 τοῦτο
384 972 430 1012 δὲ
458 968 479 1011 ὅ
505 973 638 1026 μέγας
663 973 901 1023 δομέστικος
925 972 1010 1012 τῶν
1049 985 1094 1011 τε
1130 970 1404 1024 συγκλητικῶν
1432 972 1531 1011 καθ’

94 1040 166 1080 ἕνα
193 1039 266 1080 καί
292 1039 375 1078 τῶν
403 1033 536 1086 ἄλλως
563 1036 744 1094 εὕγενειζι
775 1033 1084 1092 διαφερόντων,
1123 1033 1266 1076 ἔπειτα
1303 1034 1375 1076 καί
1401 1052 1528 1091 στρα-

94 1102 246 1152 τιώτας
275 1101 660 1157 μετακαλούμενος,
700 1104 751 1157 τῆ
755 1118 773 1150 ς
801 1118 846 1143 τε
875 1099 988 1157 παρὰ
1018 1099 1223 1154 βασιλέως
1246 1100 1528 1154 ἀποτεταγμέ-

47 1170 167 1224 ιόνης
192 1165 351 1225 ἑκάστῳ
382 1169 577 1224 προνοίας
605 1166 859 1209 ἐπυνθάνετο
886 1166 957 1209 τὸν
988 1163 1170 1222 οἷριθμὸν
1196 1167 1270 1208 καί
1303 1165 1343 1207 εἰ
1382 1167 1530 1207 τοσοῦ-

95 1249 165 1277 τον
201 1236 388 1289 κέκτηται
416 1237 491 1275 νῦν
542 1230 570 1288 ἢ
597 1235 672 1275 τοῦ
698 1235 948 1287 τεταγμένου
977 1227 1114 1287 ἧττον.
1167 1232 1251 1272 τῶν
1279 1232 1326 1272 δὲ
1355 1231 1529 1286 α’ποκρι-

95 1301 282 1352 ναμένων
310 1297 500 1349 ἑκάστου,
540 1295 651 1347 ὅπως
683 1294 770 1352 εἶχε
799 1296 851 1339 τὰ
880 1298 1036 1352 αὐτοῦ’,
1075 1302 1160 1346 τοῖς
1187 1296 1267 1348 μὲν
1297 1297 1530 1350 α’πεστερη-

93 1366 233 1419 μένοις
270 1365 350 1407 τῶν
387 1362 560 1406 δεόντων
596 1364 669 1406 τὸν
710 1360 1007 1419 Πατρικιιότην
1040 1364 1225 1404 ἐκέλευεν
1264 1361 1530 1415 α’ναπληροῦν

95 1429 170 1472 καί
204 1432 375 1486 προσέτι
412 1430 700 1484 προστιθέναι,
743 1426 842 1471 ὅσον
883 1430 1000 1486 αὐτῷ
1034 1428 1169 1475 καλῶς
1215 1425 1328 1481 ἔχειν
1367 1426 1528 1480 ἐδόκει,

44 1495 306 1550 αοᾶναλόγως
346 1493 500 1552 ἑκάστῳ
530 1493 605 1549 την
645 1494 883 1550 εὐεργεσίαν
911 1495 1174 1548 προστιθείς·
1227 1498 1312 1541 τοῖς
1340 1493 1386 1534 δὲ
1414 1494 1575 1534 α’νεν-Ι)

100 1563 207 1610 δεεῖς
233 1558 310 1608 τοὶς
337 1562 382 1602 ἐκ
406 1562 612 1613 βασιλέως
642 1558 789 1613 ἔχουσι
820 1557 1051 1615 προσόδους
1079 1557 1151 1599 καί
1182 1558 1325 1607 αὕτοῖς
1343 1557 1529 1608 ἐκέλευεν

98 1624 253 1679 ὅμοίως
281 1623 386 1680 πρὸς
414 1622 474 1674 οἷς
506 1625 651 1679 ἔχουσι
678 1626 750 1666 καί
775 1622 916 1680 ἑτέρας
946 1625 1230 1679 προστιθέναι.
1288 1624 1361 1664 καί
1374 1624 1418 1664 ἐν
1440 1619 1532 1677 ἑξη-

98 1706 220 1733 κοντα
257 1690 434 1745 ἡμέραις
458 1688 639 1743 μάλιστα
666 1692 936 1744 γεγενημένου
965 1691 1040 1730 τοῦ
1067 1689 1335 1740 α’ναδασμοῦ,
1373 1694 1459 1737 τοῖς
1486 1703 1532 1728 τε

99 1754 268 1798 ἔλαττον
296 1754 441 1809 ἔχουσι
466 1757 729 1811 προσετίθετο
757 1754 803 1796 τὸ
832 1756 1018 1796 ἐλλεῖπον
1044 1752 1148 1807 μετά
1172 1753 1432 1808 προσθήκης,
1462 1752 1535 1795 καί

48 1817 187 1872 25τοῖς
214 1823 470 1874 λειπομένοις
493 1820 672 1877 μηδενὸς
698 1821 723 1876 ἦ
756 1820 974 1877 προσθήκη
1002 1820 1278 1875 προσεγίνετο.
1333 1817 1406 1861 καί
1431 1818 1535 1862 πάν-

207 1927 256 1961 16.
282 1923 597 1972 ἀποκρινομένων
620 1925 654 1958 Ρ.

100 2005 282 2046 fecturus,
327 2004 539 2049 priusquam
573 2002 719 2036 domum
763 2002 978 2047 attingeret,
1019 2012 1165 2046 magnus
1204 2001 1420 2037 domesticus
1454 2015 1536 2037 eum

100 2056 266 2091 revocat,
291 2055 328 2084 et
351 2050 396 2084 de
420 2049 585 2083 lubentia
610 2047 877 2088 collaudatum,
915 2048 1084 2092 pecunias
1110 2059 1250 2082 servare
1275 2050 1399 2090 iubet,
1437 2049 1535 2095 quod

102 2098 148 2131 iis
171 2097 278 2132 modo
314 2108 388 2131 non
422 2102 535 2141 egeat.
583 2095 652 2129 Ubi
685 2095 758 2128 suis
789 2096 1032 2138 consumptis,
1066 2099 1102 2127 et
1125 2095 1183 2128 his
1208 2096 1426 2141 indiguerit,
1460 2102 1537 2130 tum

103 2145 199 2189 ipsas
224 2154 369 2189 quoque
393 2149 434 2177 ut
459 2142 532 2176 sibi
556 2142 772 2176 necessarias
797 2147 1048 2185 accepturum,
1074 2140 1203 2187 ibique
1227 2153 1286 2175 eas
1311 2143 1513 2187 positurum
1528 2167 1538 2182 ‚

103 2189 169 2224 ubi
195 2201 315 2224 earum
343 2191 502 2233 erogatio
528 2190 581 2222 rei
600 2188 766 2234 publicae
793 2188 987 2232 plurimum
1011 2187 1198 2231 profutura
1229 2189 1423 2223 videbitur.
1471 2190 1540 2223 Hic

104 2237 170 2270 ille
193 2237 350 2282 primum
377 2236 603 2280 tergiversari
631 2241 668 2268 et
693 2234 877 2273 dictitare,
901 2245 1026 2280 parum
1050 2233 1122 2267 sibi
1151 2234 1344 2268 iucundam
1370 2246 1450 2269 esse
1468 2246 1540 2280 pe-

105 2285 234 2317 cuniae
275 2283 485 2316 custodiam.
540 2283 802 2318 Verumtamen
835 2282 1011 2325 imperata
1052 2281 1170 2314 facere
1209 2292 1354 2315 necesse
1395 2281 1536 2316 habuit.

105 2328 311 2363 Secundum
348 2328 436 2362 haec
458 2340 605 2374 magnus
638 2327 876 2367 domesticus,
908 2327 1131 2372 primoribus
1165 2327 1314 2373 singulis
1340 2334 1376 2362 et
1398 2328 1538 2374 alioqui

104 2376 300 2410 nobilitate
331 2375 597 2420 praestantibus
629 2379 666 2407 et
696 2379 880 2419 praeterea
912 2373 1092 2407 militibus
1126 2374 1327 2415 accersitis,
1364 2381 1539 2421 quantum

105 2423 237 2469 cuique
271 2422 466 2467 Imperator
505 2421 738 2461 decrevisset,
781 2420 1083 2465 percunctabatur
1117 2425 1153 2453 et
1185 2425 1372 2455 tantumne
1403 2421 1537 2462 modo,

106 2480 153 2503 an
177 2469 295 2502 minus
319 2468 555 2513 possiderent.
604 2467 746 2512 Quibus
773 2466 1082 2512 sigillatim'quod
1118 2476 1173 2500 res
1206 2472 1283 2500 erat
1317 2467 1538 2514 responden-

106 2516 224 2556 tibus,
255 2516 467 2549 Patriciotae
493 2514 698 2554 mandavit,
735 2517 777 2546 ut
800 2514 864 2558 qui
888 2513 1044 2546 fraudati
1069 2517 1189 2546 essent
1206 2538 1216 2553 ‚
1250 2523 1374 2547 eorum
1408 2513 1536 2548 damna

107 2565 310 2596 resarciret:
349 2565 387 2596 et
410 2562 556 2606 insuper
581 2565 757 2606 quantum
782 2559 909 2593 decere
937 2560 1137 2599 iudicaret,
1172 2565 1329 2604 spectata
1361 2562 1538 2606 cuiusque

109 2608 284 2654 dignitate
310 2613 347 2641 et
373 2609 522 2648 meritis,
547 2607 730 2640 adiiceret.
781 2606 855 2652 Qui
876 2606 921 2639 ab
948 2607 1167 2651 Imperatore
1190 2606 1400 2642 sufficientia
1424 2607 1539 2640 habe-

109 2660 192 2688 reut
215 2653 415 2699 stipendia,
446 2654 520 2687 illis
554 2653 723 2688 similiter
746 2653 818 2686 alia
843 2653 928 2686 addi
954 2653 1069 2686 iussit.
1119 2653 1178 2686 Sic
1202 2653 1330 2687 diebus
1355 2653 1538 2699 sexaginta

111 2701 264 2734 maxime
289 2701 468 2735 divisione
492 2701 608 2742 sacta,
641 2710 721 2732 cum
745 2700 864 2732 minus
889 2697 1130 2739 habentibus,
1154 2699 1252 2746 quod
1275 2701 1410 2740 deerat,
1436 2710 1538 2734 acce-

113 2745 214 2782 deret
239 2759 322 2783 cum
348 2746 528 2790 auctario,
560 2752 598 2782 et
620 2746 772 2794 reliquis
794 2745 888 2781 nihil
913 2744 1199 2782 desiderantibus
1226 2752 1349 2783 tamen
1385 2746 1540 2782 addere·
