1812 3146
534 143 912 187 nts'romAmJM
951 147 1023 187 111.
1054 149 1123 192 80.
1443 131 1557 204 Z‘497

113 248 311 300 κρυμένοι
340 244 414 287 καί
437 251 663 300 κατηφεῖς,
703 244 882 300 ἐμήνυον
911 243 969 295 ὥς
997 245 1131 304 ἐκείνῃ
1158 248 1209 304 τῇ
1235 247 1358 290 νυκτὶ
1381 246 1489 304 πρὸς
1515 247 1652 291 5215.st
1670 252 1756 303 1344

112 327 267 366 σχατον
295 312 490 354 κινδύνου
519 307 633 364 ἥξει,
676 313 898 364 βασιλίδος
925 310 1117 365 μάλιστα.
1137 314 1463 369 ἐξωργισμένης,
1490 314 1565 357 καὶ

111 375 315 432 πρόνοιάν
353 393 444 419 τινα
483 375 620 418 αὑτοῦ
647 378 836 419 ἐκέλευον
862 382 1092 420 ποιεῖσθαι.
1162 381 1237 434 τῆς
1260 376 1393 436 αὐτῆς
1427 382 1472 424 δὲ
1501 377 1560 422 αἵ-

115 459 193 496 ρας
219 445 292 484 καί
316 439 486 497 ἑτέρους
512 443 557 483 ἐκ
585 441 856 498 συνθήματος
871 446 1194 498 παρεσκεύαζον,
1226 446 1560 501 α’φικνουμένους

87 507 231 562 ὄπαρά
259 507 334 563 τὴν
363 510 496 550 οἰκίαν
524 506 599 563 την
626 510 810 562 ἐκείνου,
840 508 1067 562 ἄνωνύμως
1096 508 1228 559 οὕτως
1255 511 1296 552 εἰ
1323 507 1450 560 αὖτὸς
1478 513 1559 554 αὖ-

111 573 207 617 τόθι
244 572 308 629 εἴη
348 574 529 630 ἐρωτᾷν,
576 571 634 622 ὥς
672 591 715 615 τι
755 573 894 616 δεινὸν
930 578 1007 616 τοῦ
1035 573 1159 630 λόγου
1190 578 1556 632 προσημαίνοντος.

112 635 163 680 οὗ
201 637 280 695 γάρ
319 637 523 681 εἰώθεσαν
563 639 705 697 ἐκείνῳ
737 639 942 695 πρότερον
972 637 1085 682 οὕτω
1112 644 1433 698 προσφέρεσθαι
1454 644 1592 687 ‘Bm-n

110 711 254 759 μαῖοι,
295 703 403 746 α’λλά
441 702 598 760 πολλὴν
634 704 712 760 την
740 706 971 760 θεραπείαν
999 709 1209 761 προσῆγον
1236 709 1311 748 καί
1335 706 1408 762 τήν
1435 713 1560 750 κολα-

110 771 239 814 κείαν.
296 773 335 814 Γ
334 772 495 825 αβαλᾶς
524 773 571 814 δὲ
599 766 679 827 ἤδη
707 771 780 813 τὸν
810 768 984 826 ὄλεθρον
1013 774 1059 813 ἐκ
1090 771 1257 814 πάντων
1282 773 1558 830 τεκμαιρόμε-

64 853 179 886 ῐονος
206 839 279 878 καί
305 838 462 889 δείσας,
493 838 551 892 μὴ
587 839 662 879 καί
688 837 981 892 παραπόλοιτο,
1010 842 1134 880 τινῶν
1163 837 1267 894 πρὸς
1294 837 1456 893 ἔχθραν
1484 841 1557 881 ἐπ-

110 902 330 956 ελθόντων,
356 901 592 960 ὑπότρομος
630 903 702 945 καί
738 902 932 959 περιδεὴς
963 905 1022 952 εἰς
1052 901 1124 945 τὸν
1162 905 1235 958 τῆς
1264 907 1371 945 θεοῦ
1398 907 1558 960 Σοφίας

108 968 326 1024 γενόμενος
354 970 480 1022 νεών,
510 970 603 1011 οὐδ’
633 966 746 1011 οὕτω
785 966 1001 1020 σώζεσθαι
1043 971 1256 1022 gnavare,
1294 968 1400 1011 ἀλλὰ
1436 975 1558 1026 φιλο-

111 1038 266 1090 ψυχῶν
293 1033 440 1088 πολλὰ,
468 1034 545 1089 την
572 1036 732 1089 ἐσθῆτα
760 1033 933 1087 α’ποδύς,
961 1037 1108 1090 σχῆμα
1133 1038 1334 1089 μοναχῶν
1359 1034 1557 1090 περιεβά-

112 1105 232 1154 λετο,
273 1098 403 1149 οὕτως
431 1097 613 1154 οἰόμενος
639 1098 762 1153 μόλις
790 1098 925 1158 ἑαυτῷ
949 1099 1024 1155 την
1057 1100 1271 1156 σωτηρίαν
1299 1102 1556 1156 ἑκπορίσειν·

60 1167 309 1210 ιότοσοῦτον
348 1167 620 1221 ἐξεπέπληκτο
649 1172 742 1214 ταῖς
771 1166 962 1215 ἀπειλαῖς
991 1166 1063 1207 καί
1087 1165 1163 1216 τὰς
1188 1169 1349 1223 φρένας
1372 1171 1558 1210 κατεσεί-

110 1236 210 1288 σθη.
269 1231 292 1274 ὅ
329 1233 461 1286 μέγας
499 1233 546 1274 δὲ
582 1231 683 1283 δοὺξ
720 1233 813 1273 ἐπεὶ
847 1230 1025 1274 πύθοιτο
1050 1234 1191 1274 πᾶσαν
1223 1230 1330 1273 κατὰ
1359 1235 1457 1275 νοῦν
1482 1232 1559 1288 τὴν

108 1300 362 1354 κακουργίαν
390 1298 633 1351 α’ποβᾶσαν,
662 1299 709 1339 ἐκ
733 1299 809 1338 τοῦ
828 1295 966 1351 Ἱεροῦ
993 1296 1246 1350 ἐπανελθών,
1276 1299 1425 1340 αὕτίκα
1453 1298 1561 1354 πρὸς

110 1368 184 1419 τῆς
211 1366 285 1406 τοῦ
313 1366 417 1405 θεοῦ
443 1362 604 1419 Σοφίας
630 1361 702 1404 τὸν
729 1361 833 1404 νεών
859 1363 1038 1419 ἀφῖκτο,
1078 1365 1150 1404 καί
1172 1362 1245 1404 τὸν
1274 1365 1407 1417 μέγαν
1434 1367 1591 1418 λογο-(Ῐ

111 1430 238 1484 θέτην
268 1427 454 1483 εὑρηκώς
493 1427 544 1470 τὰ
589 1431 787 1482 μοναχῶν
824 1430 1131 1483 ἠμφιεσμένον,
1183 1426 1379 1470 ἐκόπτετο
1423 1429 1556 1471 πολλὰ

59 1495 184 1541 αοκαί
218 1494 294 1550 τὴν
325 1495 500 1549 χηρείαν
528 1493 776 1548 ἀπωδύρετο
802 1496 874 1547 τῆς
904 1492 1114 1548 θυγατρὸς
1140 1495 1215 1534 καί
1241 1493 1562 1549 ἆπαραμύθητα

111 1564 291 1603 ἐπένθει.
348 1562 568 1614 λογοθέτης
597 1561 643 1600 δὲ
675 1558 695 1600 ὃ
722 1560 852 1613 μέγας
880 1562 1046 1606 πολλοῖς
1072 1562 1358 1611 παρεμυθεῖτο
1393 1559 1558 1612 λόγοις,-

112 1624 234 1668 οὖδὲν
258 1623 404 1667 καινὸν
431 1627 739 1678 συμβεβηκέναι
769 1621 969 1680 φάσκων,
1012 1624 1052 1664 εἰ
1074 1625 1156 1664 τῶν
1185 1622 1464 1678 ἀνθρωπίνων
1492 1626 1562 1665 da*

110 1690 368 1749 πραγμάτων
407 1689 551 1733 ἄλλοτε
592 1686 727 1739 ἄλλως
756 1692 999 1746 φερομένων
1026 1690 1100 1730 καί
1131 1686 1441 1740 α’στατούντων,
1483 1691 1559 1731 νῦν

210 1783 263 1818 16.
288 1779 355 1823 τὴν
381 1792 448 1814 om.
473 1781 508 1815 P.

111 1869 188 1890 sum
227 1857 338 1900 igitur
381 1854 593 1888 accedentes
630 1854 708 1895 illi,
742 1853 954 1899 perfusique
992 1853 1179 1897 lacrymis,
1215 1852 1252 1884 et
1277 1852 1428 1886 deiectis
1455 1852 1558 1887 humi

110 1904 294 1943 vultibus,
328 1904 520 1937 certiorem
554 1901 718 1941 faciunt,
755 1901 817 1933 illa
852 1906 961 1933 nocte
987 1900 1026 1932 in
1053 1911 1191 1932 summo
1220 1899 1430 1933 discrimine
1453 1901 1555 1933 futu-

112 1961 214 1992 rum,
245 1949 473 1994 imperatrice
513 1948 654 1981 scilicet
676 1948 864 1980 iracundia
894 1951 1165 1981 effervescente:
1200 1952 1238 1978 et
1263 1946 1481 1987 hortantur,
1518 1953 1558 1980 ut

112 1997 183 2029 sibi
228 1995 430 2041 provideat.
501 1995 752 2028 Subornarant
798 1994 945 2028 interim
980 2004 1024 2025 ex
1049 1993 1122 2025 alia
1159 1994 1456 2037 conspiratione,
1491 1995 1557 2038 qui

111 2044 236 2076 eadem
262 2043 350 2076 hora
379 2043 425 2075 ad
450 2043 528 2075 eius
559 2041 666 2074 aedes
691 2041 883 2079 venirent,
909 2046 946 2073 et
972 2040 1050 2072 sine
1077 2040 1250 2078 nomine,
1282 2051 1368 2072 num
1395 2040 1473 2083 ipse
1498 2051 1555 2073 es-

112 2096 169 2123 set
200 2091 311 2130 intus,
347 2090 642 2128 sciscitarentur,
666 2087 766 2120 velut
789 2088 845 2120 his
870 2086 991 2120 verbis
1016 2086 1194 2118 horribile
1220 2085 1393 2131 quiddam
1422 2087 1559 2130 praesi-

112 2135 384 2180 gnificantibus:
422 2147 497 2169 non
529 2135 627 2167 enim
653 2134 743 2166 alias
770 2135 821 2166 sic
845 2139 997 2167 tractare
1023 2133 1126 2164 illum
1158 2133 1329 2172 Romani,
1355 2131 1419 2165 sed
1445 2135 1559 2166 multa

113 2195 196 2216 cum
231 2182 464 2216 observantia
499 2188 537 2215 et
575 2181 822 2214 assentatione
863 2184 1137 2213 consueverant.
1198 2178 1354 2212 Gabalas
1387 2179 1558 2213 omnibus

106 2229 259 2263 -indiclls
285 2240 410 2263 necem
439 2228 511 2262 sihi
539 2229 578 2262 in
603 2228 743 2261 foribus
769 2237 846 2260 esse
872 2228 1085 2265 coniieiens,
1111 2230 1148 2259 et
1171 2222 1380 2265 formidans,
1405 2236 1450 2258 ne
1476 2229 1561 2271 qui-1

113 2275 268 2308 busdam
306 2287 350 2309 ex
390 2274 475 2309 odio
518 2276 558 2308 in
590 2285 628 2306 se
665 2272 890 2307 irruentibus
926 2273 1019 2306 male
1045 2273 1206 2317 periret,
1230 2281 1311 2305 cum
1337 2276 1492 2306 tremore
1518 2279 1560 2307 ac

103 2333 245 2368 pavore
269 2333 397 2367 magno
422 2323 462 2355 in
484 2321 661 2366 templum
687 2319 865 2363 Sophiae,
891 2325 1075 2365 tamquam
1100 2318 1146 2350 ad
1173 2317 1326 2361 asylum,
1345 2319 1436 2351 facta
1463 2319 1560 2364 fuga,

113 2371 287 2416 quoniam
311 2381 357 2403 ne
381 2369 432 2402 sic
458 2368 605 2414 quidem
629 2378 667 2401 se
695 2367 832 2400 salvum
858 2367 936 2400 fore
961 2365 1144 2404 credebat,
1157 2368 1194 2396 et
1222 2363 1421 2409 producere
1448 2367 1560 2399 vitam

112 2428 188 2450 non
215 2415 447 2450 mediocriter
472 2414 668 2459 cupiebat,
704 2413 871 2446 monachi
901 2413 1068 2446 habitum
1095 2410 1239 2450 induit,
1273 2411 1330 2444 vix
1359 2412 1467 2445 etiam
1492 2412 1559 2447 hac

114 2463 256 2496 ratione
285 2473 322 2496 se
347 2466 523 2495 servatum
549 2462 593 2494 iri
620 2472 790 2506 sperans:
818 2460 909 2493 adeo
936 2459 1046 2492 minis
1070 2458 1250 2491 attonitus
1296 2463 1333 2491 et
1365 2468 1559 2493 concussus

114 2515 193 2543 erat
216 2509 440 2542 medullitus.
465 2507 614 2552 Magnus
642 2507 715 2540 dux
740 2511 857 2539 totum
882 2505 1101 2539 maleficium
1126 2514 1170 2537 cx
1196 2506 1373 2538 sententia
1399 2506 1564 2540 evenisse

113 2561 306 2601 postquam
342 2553 545 2595 intellexit,
579 2554 690 2587 Hiero
726 2563 908 2593 reversus,
946 2553 1048 2585 ilicet
1091 2549 1217 2583 aedem
1252 2550 1408 2596 Sophiae
1439 2554 1557 2596 petit:

117 2604 341 2648 inventoque
379 2601 431 2634 ibi
470 2599 654 2645 logotheta
689 2611 768 2632 cim]
805 2600 939 2632 vestitu
964 2597 1179 2636 monastico,
1202 2597 1342 2641 plangit
1365 2599 1494 2632 mirum
1522 2600 1560 2633 iu

115 2649 284 2688 modum,
326 2653 363 2681 ct
402 2646 612 2680 viduitatem
648 2647 745 2680 filiae
772 2647 1013 2684 lamentatur,
1048 2643 1221 2688 doletque
1247 2641 1408 2677 dolorem
1433 2646 1560 2679 incon-

116 2694 318 2731 solabilem.
369 2693 567 2738 Logotheta
592 2693 669 2728 eius
707 2694 843 2725 luctum
870 2692 990 2724 levare
1017 2690 1140 2723 multis
1165 2690 1285 2733 verbis,
1314 2692 1464 2734 nititur,
1489 2693 1559 2724 ait-

117 2753 209 2787 que,
244 2741 338 2775 nihil
380 2740 573 2785 contigisse
612 2740 719 2780 novi,
765 2739 796 2773 ai
832 2738 1000 2773 humanis
1042 2736 1150 2771 rebus
1184 2746 1326 2781 semper
1363 2738 1470 2772 aliter
1524 2742 1561 2769 et

165 2809 437 2842 camacuzenus
460 2807 507 2840 ΙΙ.
1251 2805 1297 2838 32
