1800 3146
526 162 899 206 Hls'romARUM
928 165 1000 203 111.
1032 166 1099 210 711.
1425 140 1538 208 463

115 263 374 321 οἷνοίγνυσιν,
409 264 495 306 ἄλλ’
543 262 672 312 αὐτὸς
710 261 959 318 ἐπιορκήσας
995 264 1068 304 καί
1116 257 1432 317 συκοφαντήσας
1476 260 1548 301 καί
1556 265 1736 312 A.c.1343

113 331 188 375 τόν
213 330 390 385 πόλεμον
430 326 670 384 κεκινηκοός,
714 326 744 370 οἳ
780 325 982 384 πρότερον
1028 322 1102 369 οὗκ
1139 326 1328 382 ἠδυνήθη
1367 325 1438 367 διὰ
1465 327 1546 368 τῶν

114 401 278 442 πολλῶν
314 395 499 450 αἱμάτων
539 397 612 437 καί
636 396 719 436 τῶν
746 393 982 448 ἀνηκέστων
1012 392 1360 448 καταπράξασθαι
1390 393 1543 444 κακῶν,

113 463 159 505 τὸ
189 464 263 517 ἐμὲ
291 464 563 518 διαφθεῖραι,
606 461 738 502 ταῦτα
767 462 843 501 νῦν
870 460 1043 508 ἐλπίσας
1080 461 1125 501 ἐκ
1152 459 1237 500 τῶν
1262 459 1547 512 ψευδολογιῶν
1558 459 1672 494 P·6¹0

90 531 191 578 5105·
218 529 357 585 φίλου,
387 522 546 581 ἤνοιξεν
564 559 576 579 ,
603 523 662 575 ὥς
694 541 814 582 φησι,
846 523 898 567 τὰ
928 523 1160 578 σπλάγχνα,
1192 519 1272 578 οὐχ
1301 523 1370 565 ἵνα
1400 528 1548 579 φιλαν-

114 596 296 649 θρώπως
322 595 521 648 δέξηται,
551 593 700 649 (τοῦτο
731 590 812 647 γὰρ
842 593 888 633 ἐκ
917 593 1073 633 πολλοῦ
1102 589 1290 643 δεόμενος
1318 587 1446 640 αὐτὸς
1474 590 1548 631 οὐκ

113 658 436 715 εἰσακούομαι,)
466 658 636 699 ἀλλ’ἵνα
665 659 861 715 καταπίῃ.
919 658 1052 699 ταῦτα
1078 658 1158 710 μὲν
1184 651 1260 698 οὖν
1288 657 1327 698 εἰ
1352 657 1424 696 καί
1448 672 1549 711 τρα-

111 722 289 780 χύτερόν
319 740 407 773 πως
435 725 549 765 δοκεῖ
572 725 780 779 εἰρῆσθαι,
810 721 1030 778 συγγνώμη
1056 724 1112 780 τῷ
1130 719 1268 767 πάθει.
1322 719 1440 776 ψυχὴ
1467 720 1546 778 γὰρ

111 787 194 831 tino
241 791 403 831 πολλῶν
439 787 703 844 ἀδικημάτων
743 791 964 831 πιεσθεῖσα
1003 788 1075 829 καί
1101 787 1337 836 κατώδυνος
1373 789 1549 828 τοιαῦτα

65 851 166 904 ‚0322-
207 856 407 910 ἐξενέγκοι
451 854 523 896 καί
558 856 695 912 πολλῷ
731 852 987 909 τραχύτερα.
1058 851 1163 908 πρὸς
1201 858 1284 902 τοῖς
1323 850 1463 901 ἄλλοις
1504 854 1551 894 δὲ

114 922 188 964 καί
224 919 269 963 τὸ
316 918 523 973 ἐπιτίμιόν
566 936 695 975 φησιν
739 921 836 973 ἐμοὶ
883 920 1027 961 λύσειν
1067 915 1356 974 χαριζόμενος.
1411 918 1450 960 εἰ
1473 920 1552 972 μὲν

115 981 187 1029 οὖν
214 987 358 1039 εἷδώς,
386 984 416 1027 οἳ
444 988 515 1027 δεῖ
543 985 642 1041 περὶ
667 987 752 1027 τῶν
781 986 1011 1039 ἐπιτιμίων,
1038 987 1210 1026 τοιαῦτα
1238 981 1455 1026 πλάττεται
1482 986 1554 1027 καὶ

115 1050 246 1095 οἴεται
274 1052 502 1109 ἐξαπατᾷν,
531 1048 752 1106 συγγνώμη
780 1049 909 1105 πολλὴ
938 1050 983 1092 τὸ
1016 1050 1164 1098 εἰωθὸς
1191 1052 1380 1091 ποιοῦντι
1399 1065 1411 1078 ·
1450 1050 1490 1092 εἰ
1515 1051 1552 1091 δ’

115 1118 261 1172 α’γνοεῖ
280 1113 353 1171 τήν
381 1113 579 1169 δύναμιν,
618 1113 672 1170 ἢν
711 1115 800 1170 ἔχει
838 1115 936 1172 περὶ
962 1115 1014 1158 τὰ
1041 1116 1240 1168 τοιαῦτα,
1278 1113 1380 1171 ὅπερ
1410 1113 1552 1167 οἴομαι

66 1184 187 1230 ι5καί
213 1179 417 1235 μάλιστα,
458 1181 536 1235 ἐγώ
578 1179 748 1233 διδάξω.
803 1183 888 1224 τῶν
926 1180 1160 1237 ἀνθρώπων
1201 1179 1239 1222 οἱ
1289 1183 1366 1233 μὲν
1410 1177 1585 1236 ὄρθιόςΒ

115 1250 253 1302 βιοῦσι
283 1249 356 1288 καί
381 1245 525 1300 νόμοις
554 1250 807 1302 προσέχουσι
841 1250 950 1289 θεοῦ
990 1246 1062 1288 καί
1090 1245 1188 1300 περὶ
1228 1244 1301 1300 τὴν
1335 1244 1475 1287 πίστιν
1508 1247 1557 1287 οἷ-

115 1317 291 1369 σφαλεῖς
319 1313 444 1365 εἰσιν,
503 1311 542 1355 οἱ
574 1315 621 1355 δὲ
659 1314 902 1356 τούναντίον
944 1310 1067 1353 ἅπαν.
1126 1308 1240 1359 ὅσοις
1280 1305 1351 1352 οὖν
1377 1308 1406 1364 ἢ
1434 1311 1557 1353 ἀσέλ-

115 1395 226 1433 γειαι
261 1373 287 1433 ἢ
329 1380 538 1433 ἐπιορκίαι
575 1375 603 1433 ἢ
639 1376 760 1434 φόνοι
794 1373 822 1433 ἦ
859 1395 899 1420 τι
925 1380 1007 1420 τῶν
1036 1376 1382 1431 ἀπηγορευμένων
1414 1378 1557 1431 ἕτερον

116 1439 364 1498 τολμᾶταιῆ
392 1443 490 1497 περὶ
514 1443 588 1497 την
611 1445 750 1486 πίστιν
779 1442 1050 1499 σφάλλονται,
1080 1442 1258 1495 δόγμασι
1285 1443 1557 1496 προσέχοντες

64 1515 309 1564 ῃοπονηροῖς
347 1506 419 1548 καί
459 1508 796 1562 διεφθαρμένοις,
841 1503 956 1548 οὗτοι
991 1511 1063 1562 τῆς
1086 1509 1255 1562 μερίδος
1281 1505 1459 1556 ἓαυτοὺς
1481 1505 1554 1561 ἧλ-

117 1571 365 1629 λοτριώκασι
394 1574 470 1614 τοῦ
499 1575 713 1627 Χριστοῦ·
762 1572 937 1624 οὐδεμία
963 1571 1044 1626 γὰρ
1086 1573 1279 1613 κοινωνία
1312 1572 1424 1627 φωτὶ
1449 1572 1555 1628 πρὸς

117 1637 277 1688 σκότος.
335 1637 372 1679 οἱ
413 1637 622 1693 ἀρχιερεῖς
650 1639 697 1679 δὲ
724 1639 805 1679 τῶν
831 1637 961 1679 θείων
989 1634 1238 1691 θελημοὶτων
1266 1639 1370 1680 εἰσίν
1397 1637 1553 1693 ἐκφαν-

116 1693 239 1761 τορες
277 1702 351 1745 καί
391 1704 624 1746 διδακτικοί
657 1702 732 1745 καί
770 1704 1033 1759 προνοητικοί
1072 1707 1155 1747 τῶν
1191 1697 1340 1748 ἄλλων.
1394 1706 1552 1760 πρῶτοι

212 1795 295 1844 17.ἡ“
319 1796 515 1843 α’σέλγειαι
539 1796 621 1832 add.
645 1797 694 1831 M.

117 1888 189 1925 que
200 1887 296 1910 nunc
311 1880 464 1911 reserat:
488 1876 552 1910 sed
575 1876 654 1922 ipse
678 1873 845 1921 periurus
869 1880 906 1910 et
930 1877 1167 1914 calumniator
1191 1885 1228 1914 et
1251 1881 1342 1916 belli
1369 1883 1546 1926 incentor,

120 1922 219 1970 quod
247 1928 354 1957 antea
383 1934 447 1968 per
482 1923 613 1957 multas
645 1923 774 1957 caedes
811 1929 847 1957 et
875 1925 1027 1958 iniurias
1053 1927 1292 1961 atrocissimas
1315 1929 1451 1964 efficere
1475 1943 1546 1964 ne·-

117 1971 258 2017 quivit,
279 1976 318 2004 ut
342 1981 398 2004 me
422 1970 669 2010 interimeret,
694 1971 732 2004 id
756 1981 853 2004 nunc
880 1981 924 2004 ex
948 1972 1147 2006 mendaciis
1171 1974 1275 2008 amici
1300 1987 1338 2010 se
1364 1983 1549 2011 assecutu-

117 2028 197 2051 rum
221 2018 389 2057 confisus,
411 2017 546 2051 viscera
570 2018 707 2061 aperit,
746 2023 786 2050 ut
808 2017 880 2059 ait,
906 2029 980 2051 non
1004 2023 1045 2051 ut
1068 2018 1276 2056 humaniter
1297 2034 1355 2056 me
1381 2025 1549 2068 accipiat,

119 2063 205 2143 {illoc
231 2063 325 2097 enim
353 2062 492 2108 pridem
517 2062 595 2108 ipse
619 2064 810 2097 obsecrans
833 2074 908 2098 non
932 2065 1134 2112 exaudior)
1157 2067 1221 2100 sed
1244 2073 1285 2102 ut
1307 2079 1364 2102 me
1389 2069 1549 2106 devoret.

157 2119 219 2143 aec
240 2110 271 2143 si
290 2110 478 2155 aliquanto
513 2110 712 2144 aculeatius
740 2110 838 2144 dicta
866 2110 1079 2153 videantur,
1117 2116 1263 2148 affectus
1295 2121 1454 2149 meretur
1487 2128 1550 2151 ve-

119 2156 229 2190 niam.
283 2156 432 2190 Animus
469 2157 567 2190 enim
590 2157 759 2202 pluribus
784 2167 926 2202 pressus
954 2163 992 2191 et
1017 2159 1241 2194 exulceratus
1268 2162 1410 2196 iniuriis
1426 2187 1439 2203 ,
1461 2165 1548 2197 talia

121 2206 160 2236 et
183 2201 296 2236 multo
326 2203 435 2237 etiam
456 2205 639 2249 asperiora
661 2204 756 2238 solet
779 2205 898 2238 edere.
955 2205 1100 2240 Praeter
1123 2213 1242 2241 cetera
1265 2209 1374 2242 etiam
1395 2220 1550 2254 poenam

120 2248 363 2283 anathematis
389 2248 481 2284 mihi
510 2250 798 2285 condonaturum
828 2251 1033 2296 pollicetur.
1110 2253 1149 2288 Si
1191 2254 1302 2298 igitur
1342 2255 1388 2290 de
1418 2258 1547 2301 poenis

121 2307 197 2330 rem
221 2299 371 2336 tenens,
394 2302 438 2331 nt
460 2295 589 2338 debet,
617 2296 709 2332 haec
734 2298 840 2343 fingit
865 2302 903 2330 et
925 2309 983 2332 me
1007 2299 1242 2345 decepturum
1266 2308 1396 2347 sperat,
1421 2304 1548 2339 volens

121 2344 312 2387 antiquum
347 2342 528 2377 obtinenti
557 2345 716 2389 ignosco,
763 2345 829 2379 Sin
866 2350 988 2379 antem
1006 2371 1016 2387 ,
1041 2347 1133 2393 quid
1156 2346 1228 2380 sibi
1266 2347 1306 2380 in
1343 2349 1400 2383 his
1424 2350 1547 2392 liceat,

121 2389 279 2435 ignorat,
312 2393 353 2422 ut
387 2390 556 2436 equidem
586 2401 690 2432 reor,
724 2402 789 2435 ego
826 2391 945 2436 ipsum
987 2392 1136 2428 docebo.
1192 2394 1362 2429 Homines
1397 2396 1545 2441 quidam

120 2437 232 2469 vitam
264 2439 386 2470 sancte
421 2439 458 2469 et
489 2435 620 2471 divinis
655 2436 796 2482 legibus
820 2439 1076 2474 convenienter
1107 2441 1327 2482 instituunt,
1359 2447 1470 2488 atque
1502 2446 1544 2480 in

121 2482 298 2527 religione
321 2481 415 2516 firmi
437 2492 478 2515 ac
500 2483 646 2517 stabiles
670 2490 776 2518 sunt:
802 2484 952 2529 quidam
974 2497 1118 2530 prorsus
1143 2488 1322 2521 contraria
1344 2489 1403 2522 via
1424 2491 1546 2534 gradi-

122 2533 242 2562 untur.
301 2528 554 2574 Quotcumque
588 2531 699 2575 igitur
723 2536 787 2564 aut
809 2531 966 2565 libidine
990 2538 1053 2566 aut
1076 2535 1234 2578 periurio
1262 2540 1326 2568 aut
1347 2534 1545 2571 homicidio

121 2579 185 2608 aut
219 2575 292 2607 alio
327 2575 498 2620 quopiam
535 2577 807 2611 interdictorum
838 2589 876 2611 se
911 2580 1176 2621 contaminant,
1213 2587 1276 2615 aut
1302 2582 1341 2615 in
1366 2582 1450 2617 fidei
1477 2585 1546 2618 ‹lo-⁴

121 2622 238 2654 ctrina
265 2633 384 2655 errore
409 2622 533 2667 aliquo
560 2622 750 2664 ducuntur,
778 2623 819 2658 hi
843 2634 919 2658 sese
944 2637 964 2658 a
992 2625 1127 2660 Christi
1150 2631 1252 2672 parte
1275 2626 1545 2665 abalienarunt:

122 2667 223 2700 nulla
246 2668 381 2713 qnippe
407 2670 559 2702 societas
584 2670 655 2703 luci
680 2671 726 2704 ad
750 2671 926 2708 tenebras.
976 2673 1145 2718 Episcopi
1171 2679 1290 2708 autem
1315 2675 1457 2710 divinae
1480 2690 1546 2712 vo-

121 2712 272 2752 luntatis
307 2714 522 2759 interpretes
558 2721 594 2749 et
627 2716 789 2751 doctores
822 2724 914 2752 sunt.
964 2719 1091 2764 ltaque
1127 2720 1183 2754 illi
1215 2722 1322 2766 primi
1360 2734 1380 2755 a
1414 2725 1543 2770 spiritu

119 2759 243 2803 docti,
278 2761 426 2807 quinam
463 2768 611 2808 propter
641 2764 879 2810 pertinaciam
915 2766 954 2799 in
985 2765 1080 2799 malo
1116 2778 1136 2800 a
1159 2768 1238 2804 Deo
1261 2772 1424 2816 ,praecisi
1463 2772 1547 2812 sint,
