1812 3132
299 165 373 230 84
833 178 1201 251 CANTAcUzENi

90 281 609 336 Δ.(1.ι34ια’ντιλεγόντων,
636 279 710 324 τόν
749 278 934 335 θόρυβον
970 282 1162 335 γίνεσθαι
1207 278 1383 322 τουτονί.
1449 275 1730 332 διῖσχυρίζετο

291 350 339 391 δὲ
364 347 437 389 καί
464 344 659 401 ὕστερον,
698 345 822 388 οὐδὲν
849 340 949 388 ἄλλο
985 347 1176 401 οἰηθῆναι
1201 343 1281 400 τήν
1305 341 1467 399 ἀρχήν·
1524 342 1624 383 οὐδὲ
1650 338 1730 395 γὰρ

291 412 384 454 οὐδ’
417 411 545 460 αὐτός
583 427 621 453 τι
653 406 749 468 ᾔδει
775 412 858 452 τῶν
886 412 1146 465 γιγνομένων.
1204 408 1343 451 ἔπειτα
1365 405 1604 461 (ὃςμείζων
1631 400 1683 460 ἦν
1710 405 1734 447 ὅ

294 476 480 535 θόρυβος
511 479 583 519 καί
613 475 874 530 παρετείνετο
904 474 1095 528 ἐπιπολὺ,
1138 476 1311 527 νομίσας
1338 472 1411 515 καί
1436 471 1562 522 αὐτὸς
1589 470 1734 514 νεοότε-

295 542 373 599 ρόν
410 559 450 585 τι
490 538 621 595 εἶναι,
661 538 846 590 οἷναστοὶς
883 539 994 598 ἐξῄει
1030 542 1195 597 μαθεῖν
1220 537 1376 581 ἐθέλων
1402 538 1484 579 τῶν
1511 538 1760 591 γινομένωνό

295 608 379 663 τὴν.
411 609 563 649 αἰτίαν.
634 605 714 663 ὁρᾷ
755 607 800 647 δὲ
838 606 923 647 τῶν
961 605 1184 659 βασιλείων
1220 603 1298 659 τήν
1327 602 1462 658 αὖλὴν
1488 600 1734 658 πλήθουσαν

297 674 489 727 ἀνδρῶν,
535 673 578 714 οἳ
617 667 726 726 ἦσαν
762 673 815 712 ου’
858 673 934 712 τοῦ
981 671 1274 724 στρατιωτικοῦ
1314 667 1538 723 καταλόγου
1576 664 1732 721 μόνον,

258 738 406 781 educi
436 740 507 779 καί
532 739 613 779 τῶν
641 739 706 778 ἐπ’
735 736 915 792 εὐγενείᾳ
942 735 1294 789 λαμπρυνομένων
1320 735 1446 788 νέων,
1474 732 1548 775 καί
1563 731 1635 775 τόν
1652 748 1734 773 πα-

297 800 504 860 τριάρχην
535 804 580 844 ἐν
606 803 750 854 μέσοις
789 800 929 849 αὐτοῖς
968 798 1129 842 ἑστῶτα
1170 797 1243 840 καὶ
1278 802 1589 852 λογομαχοῦντα
1630 795 1734 853 πρὸς

299 869 458 918 αὐτούς
499 869 841 923 διαφερομένους.
901 866 1013 907 αἰτία
1052 866 1099 907 δὲ
1136 866 1208 919 τῆς
1237 864 1448 920 διαφορᾶς
1474 859 1553 919 ἦν,
1585 859 1652 905 ὅτι
1678 859 1786 918 δὴιο

296 931 439 990 ἦξίουν
471 934 661 986 μείζονος
697 933 819 986 τιμῆς
854 929 928 972 τὸν
961 931 1091 984 μέγαν
1127 931 1365 982 δομέστικον
1394 927 1553 970 δίκαιον
1576 925 1734 983 τυγχά-

297 1014 383 1041 νειν
411 995 514 1040 εἶναι
568 999 640 1040 καί
678 996 738 1051 μή
778 1001 864 1046 τοῖς
890 999 1055 1044 πολλοῖς
1083 994 1236 1048 ὅμοίως
1268 995 1371 1051 πεζῇ
1395 995 1480 1036 τῶν
1508 995 1732 1047 βασιλείων

297 1065 472 1106 εἰσιέναι
500 1061 577 1118 τῆν
606 1061 763 1117 αὐλήν·
829 1058 875 1110 ὃς
903 1060 954 1102 οὔ
981 1059 1109 1113 μόνον
1135 1061 1210 1102 νῦν
1235 1060 1317 1102 τῶν
1345 1056 1453 1101 ὅλων
1478 1058 1733 1114 πραγμάτων

296 1128 384 1182 ἔχει
399 1127 472 1184 τὴν
489 1126 648 1182 ἀρχὴν,
679 1125 785 1169 α’λλὰ
811 1128 894 1179 καί,
923 1128 1126 1180 βασιλέως
1143 1122 1368 1181 περιόντος,
1385 1120 1731 1180 παραδυναστειῖ-

298 1210 357 1236 ων
378 1188 430 1249 ἦν
452 1195 524 1235 καί
541 1190 739 1242 πολλάκις
763 1192 833 1233 ὑπ’
861 1191 1015 1233 ἐκεινου
1047 1191 1399 1247 προσκεκλημένος
1426 1187 1531 1245 πρὸς
1556 1187 1631 1244 τὴν
1656 1189 1788 1242 flou-15

297 1261 457 1308 σιλειάς
485 1258 712 1299 κοινωνίαν.
780 1257 826 1299 ἐν
853 1258 1005 1306 αἰτίαις
1034 1271 1079 1298 τε
1107 1254 1178 1298 τόν
1214 1253 1476 1311 πατριάρχην
1501 1251 1571 1295 διὰ
1597 1254 1733 1296 ταῦτα

297 1326 535 1375 ἐποιοῦντο,
578 1318 642 1363 ὅτι
682 1319 733 1376 δὴ
773 1319 981 1379 περιορῴη
1018 1321 1091 1362 καί
1126 1319 1185 1375 μὴ
1215 1321 1403 1374 βασιλίδι
1431 1318 1655 1374 παραινοίη
1680 1315 1733 1360 τὰ

297 1388 570 1443 προσήκοντα.
639 1389 774 1428 ταῦτα
823 1384 873 1441 δή
915 1386 1054 1435 αὐτοῖς
1081 1386 1270 1440 ἐλέγετο,
1317 1385 1366 1426 οὗ
1408 1386 1538 1427 πᾶσιν
1583 1382 1733 1436 ὁμοίας

298 1452 442 1508 ἔχουσι
481 1452 559 1502 τὰς
594 1449 774 1507 γνώμας.
827 1451 919 1493 ἀλλ’
961 1447 1023 1500 οἷς
1058 1453 1135 1505 μὲν
1163 1447 1304 1493 εὔνοια
1334 1448 1438 1505 πρὸς
1465 1451 1618 1491 ἐκεῖνον
1645 1444 1697 1503 ἦν
1716 1479 1729 1502 ,

298 1515 573 1568 ἐσπουδάζετό
604 1532 648 1559 τε
677 1517 844 1571 ἀληθῶς
865 1515 1018 1569 ὁμοίως
1038 1518 1111 1557 καί
1133 1516 1311 1570 ἐλέγετο,
1341 1513 1380 1556 οἱ
1411 1516 1446 1556 δ’
1478 1513 1785 1568 ἐθεράπευοναο

252 1581 368 1626 Βτὸν
405 1581 552 1637 καιρόν
580 1582 654 1623 καί
689 1580 764 1636 τὴν
805 1582 986 1636 μεγάλου
1018 1581 1259 1634 δομεστίκου
1288 1577 1495 1632 δύναμιν·
1550 1575 1656 1634 ἦσαν
1683 1580 1731 1622 δὲ

298 1648 342 1690 οἳ
364 1646 436 1688 καί
463 1647 798 1702 δυσχεραίνοντες
826 1644 930 1702 πρὸς
959 1644 1059 1695 τούς
1085 1643 1230 1700 λόγους
1256 1647 1327 1687 καί
1351 1645 1482 1700 ἡδέως
1509 1639 1561 1686 ἂν
1595 1641 1731 1687 κωλύ-

276 1725 452 1766 σοντες,
483 1714 522 1755 εἰ
546 1713 658 1767 ἐξῆν,
688 1708 798 1765 ὅμως
820 1710 901 1752 ὑπὸ
927 1713 1045 1760 δέους
1072 1716 1312 1767 συμφωνεῖν
1339 1707 1506 1751 ἐδόκουν
1532 1715 1615 1759 τοῖς
1633 1713 1731 1751 πολ-

296 1782 408 1833 λοῖς,
451 1777 654 1831 οἰόμενοι,
697 1777 855 1820 ἐκείνου
883 1777 1114 1827 συνειδότος
1140 1777 1213 1819 καί
1249 1775 1425 1832 ἀφανῶς
1461 1771 1512 1818 τὰ
1553 1777 1730 1819 τοιαῦτα

389 1894 442 1917 20.
469 1883 532 1915 καὶ
556 1893 625 1916 om.
651 1881 700 1915 M.

296 1978 456 2024 aliquam
483 1979 682 2023 ‘iurgantes
726 1978 778 2010 sic
807 1987 867 2010 eos
900 1974 1111 2017 vociferari3
1131 1975 1221 2021 quin
1254 1974 1355 2009 aliud
1387 1974 1483 2009 nihil
1514 1985 1658 2021 prorsus
1688 1987 1727 2010 se

294 2030 440 2071 putasse
471 2030 595 2069 postea
620 2024 826 2058 affirmavit:
861 2033 981 2066 neque
1017 2022 1114 2054 enim
1146 2023 1203 2055 vel
1228 2022 1305 2067 ipse
1332 2021 1420 2066 quid
1445 2027 1609 2066 ageretur
1635 2023 1730 2056 scie·

296 2073 370 2105 bat.
420 2072 609 2104 Crescente
645 2075 681 2103 et
710 2068 846 2103 diutius
871 2069 1019 2102 durante
1046 2067 1222 2112 strepitu,
1258 2073 1353 2101 ratus
1375 2073 1412 2101 et
1437 2069 1514 2113 ipse
1539 2068 1728 2115 quippiam

297 2117 382 2150 novi
423 2116 577 2157 tentari,
620 2127 765 2160 surgens
805 2115 902 2155 exit,
947 2115 1000 2147 uti
1038 2124 1179 2148 causam
1208 2115 1374 2149 noscitet.
1421 2115 1563 2148 Atrium
1599 2116 1727 2160 palatii

297 2164 466 2209 plenum,
497 2174 569 2195 non
593 2174 636 2196 ex
660 2162 743 2195 albo
768 2161 919 2194 militari
944 2161 1084 2201 solum,
1127 2160 1191 2193 sed
1223 2161 1332 2194 etiam
1365 2171 1409 2194 ex
1442 2161 1632 2195 iuvenibus
1659 2172 1728 2195 no-

297 2211 444 2243 bilitate
468 2208 671 2242 illustribus
687 2233 697 2249 ‚
729 2213 765 2241 et
790 2206 1026 2241 Patriarcham
1048 2211 1200 2240 stantem
1227 2207 1265 2239 in
1289 2206 1408 2240 medio
1429 2207 1621 2253 verbisque
1647 2218 1728 2242 cum

297 2257 385 2300 ipsis
411 2254 619 2289 velitantem
643 2255 754 2288 videt.
803 2253 915 2286 Causa
945 2252 1176 2286 dissensionis
1206 2257 1300 2295 erat,
1342 2253 1439 2299 quod
1461 2254 1519 2287 illi
1555 2265 1727 2299 magnum

301 2302 537 2336 domesticum
563 2300 699 2334 maiore
725 2299 943 2345 dignandum
969 2299 1105 2333 honore
1139 2299 1332 2332 censebant
1366 2304 1403 2333 et
1434 2300 1584 2334 non'ut
1614 2312 1727 2335 unum

302 2349 346 2381 de
373 2349 493 2381 infima
517 2347 625 2393 plebe
651 2347 770 2379 aulam
795 2346 921 2390 palatii
944 2345 1098 2390 pedibus
1123 2345 1256 2379 debere
1279 2346 1443 2392 ingredi,
1466 2347 1530 2392 qui
1555 2348 1626 2381 iam
1651 2357 1727 2382 non

300 2395 416 2428 solum
447 2398 630 2439 praeesset
662 2403 798 2427 summo
832 2393 1005 2437 imperio,
1041 2392 1107 2425 sed
1130 2391 1292 2426 defuncti
1324 2403 1469 2438 quoque
1502 2393 1726 2438 imperatoris

286 2441 437 2486 collega
473 2446 510 2474 et
554 2440 677 2474 crebro
722 2438 769 2472 ad
818 2438 1104 2472 communionem
1139 2439 1281 2484 imperii
1313 2439 1357 2472 ab
1394 2439 1522 2473 eodem
1552 2440 1726 2473 invitatus

302 2487 449 2520 fuisset:
485 2491 593 2531 atque
617 2486 750 2520 idcirco
780 2483 1018 2530 patriarcham
1043 2484 1260 2529 carpebant,
1305 2486 1368 2531 qui
1399 2486 1625 2526 conniveret,
1657 2496 1726 2520 nec

302 2533 566 2578 imperatricem
602 2532 704 2565 officii
727 2532 783 2564 sui
807 2530 1025 2564 admoneret.
1073 2531 1169 2565 Haec
1191 2532 1246 2564 illi
1271 2531 1529 2578 loquebantur:
1554 2543 1620 2566 nec
1648 2538 1726 2566 erat

301 2591 372 2612 nna
397 2589 495 2613 mens
523 2579 698 2613 omnibus.
747 2578 836 2611 Nam
857 2577 920 2623 qui
944 2578 1046 2611 illum
1075 2577 1275 2622 diligebant
1302 2579 1409 2624 eique
1433 2590 1477 2611 ex
1499 2578 1619 2612 animo
1645 2584 1724 2612 stu-

303 2625 464 2665 debant,
507 2625 604 2670 quod
639 2625 862 2664 sentiebant,
898 2623 937 2657 id
973 2625 1011 2657 in
1048 2634 1109 2657 ore
1143 2624 1345 2658 habebant:
1389 2625 1452 2658 alii
1487 2630 1585 2658 metu
1622 2624 1722 2658 illius

302 2673 488 2717 potentiae
532 2672 683 2716 tempori
719 2670 971 2705 inserviebant.
1031 2670 1140 2704 Erant
1177 2673 1308 2711 etiam,
1346 2671 1410 2715 qui
1443 2681 1620 2705 sermones
1654 2670 1722 2704 hos

304 2719 442 2762 aegrius
481 2716 655 2758 ferentes,
689 2718 845 2751 libenter
875 2717 1089 2758 vetuissent,
1133 2717 1162 2750 si
1195 2718 1416 2762 potuissent:
1453 2717 1568 2751 nihilo
1604 2717 1722 2751 minus

259 2769 262 2772 ⁴
305 2763 458 2811 quadam
480 2763 566 2798 mali
592 2763 784 2800 formidine
815 2763 978 2810 pluribus
1002 2763 1214 2810 adstipulari
1241 2763 1477 2806 videbantur,
1501 2764 1723 2810 cogitantes,
