1754 3146
231 142 265 197 8
831 157 1103 200 Pemoan

229 265 381 298 Annam·
398 261 442 295 de
465 271 556 305 pace
579 259 663 304 (64).
724 259 975 294 Cantacuzeni
996 261 1140 305 legatus
1158 259 1274 306 joede
1309 259 1579 308 crudeliterque
1602 249 1669 298 ac:

231 309 383 354 cipitur.
431 306 644 351 Apocauchi
670 304 878 340 maledieta.
925 309 1094 340 Amurius
1109 319 1225 351 quare
1242 308 1388 340 litteras
1409 308 1481 341 sibi
1504 307 1670 342 redditas

230 355 284 390 ad
306 356 560 400 Imperatorem
586 351 768 386 detulerit.
814 353 990 397 Episcopi
1001 352 1334 395 Didymotichensis
1345 352 1566 398 praedictio.
1600 355 1670 388 Ca—

230 402 339 435 stella
366 401 533 443 Illeropes
557 406 590 431 et
614 398 784 439 pecuarii
798 410 833 431 se
855 397 1015 441 dedunt,·
1041 399 1171 444 quibus
1184 400 1409 433 Momitzilus
1424 400 1669 444 praeficitur.-

231 448 334 483 cuius
361 457 477 479 mores
502 442 758 478 describuntur
779 444 864 488 (65).
913 444 1209 487 Didymotichum
1236 444 1289 479 ad
1307 445 1567 491 Imperatorem
1589 457 1671 480 cum

229 491 381 528 Amurio
418 491 535 526 venit.
592 489 776 523 Thraciae
810 490 914 524 urbes
954 490 1200 532 refractariae
1241 492 1459 537 puniuntur.
1518 492 1671 526 Morbus

229 537 384 574 Amurii.
432 535 662 570 Praesidium
689 538 830 570 missum
856 535 1150 580 Adrianopolin.
1180 537 1354 584 illiusque
1376 536 1671 582 Didymotichum

231 584 366 629 infelix
397 582 574 618 excursio.
630 583 799 616 Amurius
821 591 967 616 mortem
988 583 1028 615 in
1053 583 1228 626 conflictu
1262 582 1400 617 evadit.
1457 583 1671 618 Alexandro

231 634 438 666 Moesorum
462 630 554 674 regi,
582 640 651 673 pro
677 629 820 662 auxilio
845 627 985 662 dantur
999 628 1105 662 urbes
1120 641 1274 663 novem.-
1300 631 1377 664 eius
1393 629 1671 674 tergiversatio.

235 680 315 722 Qua
341 677 486 710 ratione
512 675 701 708 coniurati
726 675 856 708 Persas
881 686 899 708 e
929 674 1090 708 Thracia
1124 674 1276 710 educere
1299 676 1427 710 conati
1455 675 1543 708 sint.
1592 676 1671 710 Eos

233 726 416 757 incassum
440 722 576 754 nititur
599 722 755 755 retinere
781 720 974 754 Amat-ius:
1006 719 1050 754 de
1074 732 1147 774 quo
1173 720 1276 767 apud
1296 723 1556 767 Imperatorem
1581 733 1671 756 con.-

231 770 426 815 queritur,
463 765 691 813 reditumque
728 779 774 800 ex
809 767 896 800 Asia
932 778 1010 800 eum
1041 767 1220 800 militibus
1244 768 1452 801 melioribus
1473 768 1674 812 pollicetur

229 817 319 859 (66).
370 815 463 848 Eum
487 813 660 847 hortatur
692 813 920 857 Imperator,
956 812 1177 856 legationem
1193 813 1411 856 Byzantium
1426 815 1565 853 mittat,
1597 824 1673 860 quo

231 873 345 895 rzaves
369 868 403 894 et
425 861 620 905 pecuniam
645 857 696 891 ad
724 857 881 891 reditum
906 856 1145 903 adipiscatur.
1194 860 1384 904 Principes
1411 860 1672 894 Constantino·

226 908 310 953 poli
333 906 517 941 Amurium
544 903 587 938 de
613 905 817 938 abiectione
843 903 1134 950 reprehendunt,
1160 917 1276 939 naves
1298 917 1376 941 eum
1401 906 1560 951 pecunia
1583 917 1672 950 pro-

229 954 391 989 mittunt.
438 950 613 997 Defendit
638 963 685 986 se.
737 950 854 984 Locus
882 950 926 984 de
955 949 1176 985 discrimine
1201 953 1391 986 servitutis
1412 954 1505 997 (67)-
1551 953 1673 995 Impe-

228 1008 336 1034 rator
369 998 554 1031 divinitus
586 1009 608 1028 a
635 997 755 1031 Persis
783 995 1032 1040 praedonibus
1064 997 1255 1033 liberatur.
1314 999 1406 1032 Eius
1433 1009 1558 1043 pugna
1592 1009 1674 1031 eum

229 1044 475 1080 obsessoribus
501 1043 663 1076 Asomati
695 1051 729 1075 et
765 1043 943 1076 victoria.
1005 1044 1194 1078 Discessus
1226 1045 1391 1078 Amurii:
1428 1051 1464 1077 et
1498 1055 1615 1091 quare
1639 1044 1672 1078 is

229 1091 408 1125 discessus
436 1088 656 1133 Imperatori
670 1087 965 1125 commodaverit.
1016 1090 1294 1135 Gratianopolis
1315 1089 1467 1124 obsidio.
1517 1090 1674 1133 Smyrna

229 1150 254 1172 a
283 1137 435 1171 Latinis
461 1143 570 1179 capta
596 1134 671 1178 (68)
731 1135 782 1167 Ab
810 1136 888 1169 eius
909 1134 1098 1180 praefecto
1122 1136 1311 1181 Angelitze
1336 1149 1413 1170 non
1438 1135 1581 1170 modica
1610 1147 1675 1180 pe-

231 1185 358 1217 cunia.
405 1181 583 1226 Episcopi
619 1179 951 1223 Didymotichensis
982 1182 1112 1216 obitus.
1153 1180 1365 1217 Alexandri
1387 1194 1410 1215 a
1434 1181 1590 1217 Morrha
1613 1192 1675 1215 re-

214 1241 348 1264 -cessus
371 1229 459 1272 (69).
508 1228 734 1261 Momitzilus
769 1227 938 1262 Persicas
961 1239 1077 1261 naves
1103 1236 1178 1261 tres
1200 1227 1378 1263 incendit.
1429 1229 1576 1268 Persae,
1607 1228 1677 1273 qui

229 1275 331 1321 apud
359 1276 675 1311 Cantacuzenum‚
715 1272 881 1307 custodes
921 1285 1070 1307 suarum
1105 1275 1259 1308 navium
1285 1274 1498 1320 interfectos
1542 1274 1676 1308 ulcisci

230 1321 378 1358 ardent.
426 1321 492 1353 Eis
519 1321 721 1364 Imperator
737 1320 917 1354 Romanos
933 1319 1128 1366 adiungit;
1154 1322 1234 1354 eius
1252 1321 1504 1365 regiunculam
1524 1319 1678 1365 deprae-

229 1367 318 1402 dari
346 1366 453 1400 iubet.
503 1366 728 1399 Momitzilus
755 1366 955 1411 improviso
984 1365 1147 1400 adventu
1173 1368 1430 1412 Imperatorem
1451 1375 1585 1401 terret.-
1609 1376 1677 1399 cu.-

228 1416 288 1448 ius
306 1414 441 1446 milites
455 1410 639 1457 fugiunt:
663 1413 736 1456 ipse
764 1424 842 1445 cum
868 1413 999 1457 paucis
1021 1421 1167 1446 strenue
1193 1425 1229 1447 se
1253 1421 1388 1448 tuetur.
1434 1410 1677 1447 Lamzarethi

218 1459 363 1507 famuli
387 1459 427 1491 in
459 1456 641 1492 dominum
678 1460 792 1492 mirus
815 1470 921 1492 amor
945 1466 980 1492 et
1001 1457 1114 1504 fides.
1164 1460 1389 1493 Momitzilus
1416 1459 1461 1492 ab
1476 1462 1585 1493 Anna
1609 1458 1677 1490 im-

226 1505 415 1553 peratrice
434 1502 584 1548 despota
609 1504 870 1547 renuntiatur,-
899 1516 1003 1550 quem
1024 1505 1302 1539 camacuzenus
1323 1506 1473 1550 insuper
1483 1504 1572 1538 data
1589 1515 1676 1548 sup·-

226 1553 320 1598 plici
354 1550 469 1585 venia
503 1550 836 1584 Sebastocratorem
869 1559 977 1584 creat.
1029 1551 1160 1584 Persae
1185 1551 1226 1583 in
1250 1552 1373 1584 Asiam
1398 1550 1551 1585 redeunt
1588 1549 1677 1594 (70).

228 1597 477 1640 Palaealogus
495 1597 696 1641 Imperator
719 1605 902 1640 aegrotat.
951 1597 1112 1635 Moesus,
1137 1605 1244 1641 rupto
1258 1596 1429 1641 foedere,
1455 1595 1677 1642 Apocaucho

216 1645 345 1677 >mittit
377 1643 535 1678 auxilia.
588 1640 771 1675 Callidum
798 1643 1037 1688 Imperatoris
1062 1644 1269 1677 eonsilium.
1322 1645 1442 1677 Gener
1465 1641 1678 1688 Apocauchi

229 1691 271 1723 in
297 1689 416 1722 Hebro
438 1701 662 1722 summersus.
694 1688 959 1731 Didymoticho
978 1689 1194 1734 repellitur:
1222 1689 1412 1723 Morrham
1431 1697 1562 1723 vastat.
1590 1689 1677 1722 Mo-

228 1736 390 1769 mitzilus
415 1735 486 1767 sibi
507 1737 755 1780 principatum
777 1737 966 1780 proprium
993 1733 1197 1775 meditans,
1224 1749 1246 1769 a
1268 1737 1524 1770 Cantacuzeno
1553 1742 1587 1769 et
1609 1734 1676 1766 im-

225 1783 413 1827 peratrice
437 1783 546 1813 Anna
571 1780 697 1826 deficit
723 1783 775 1825 (7¹
793 1783 816 1824 χ.
865 1781 1068 1815 Archontes
1104 1782 1185 1815 sive
1210 1782 1358 1826 imperii
1380 1794 1447 1827 pro
1470 1792 1586 1826 puero
1604 1781 1678 1814 Im-

226 1836 396 1873 peratore
430 1835 463 1861 et
493 1826 604 1860 vidua
634 1825 953 1862 administratores
989 1829 1155 1860 miserum
1179 1829 1236 1861 rei
1254 1827 1427 1873 publicae
1452 1835 1585 1860 statum
1610 1824 1678 1859 do-

230 1874 332 1906 lent.-
373 1873 603 1919 imperatrici
632 1885 756 1918 pacem
781 1874 947 1908 suadent.
995 1873 1146 1908 Moleste
1160 1873 1245 1918 fert
1270 1873 1529 1918 Apocauchus‚
1551 1873 1677 1917 patri-

229 1919 452 1964 archamque
478 1928 513 1953 et
532 1920 723 1960 Gabalum,
749 1931 915 1964 magnum
935 1919 1168 1965 logothetam,
1189 1931 1226 1953 se
1251 1922 1410 1954 visentes
1423 1917 1474 1952 ad
1486 1931 1570 1952 suas
1583 1930 1676 1963 par-

230 1974 282 1998 tes
307 1964 473 1998 reducit.-
505 1966 768 2011 imperatricem
803 1967 987 2011 castigat.-
1022 1965 1187 1998 Gabalae
1216 1966 1337 2010 filiam
1362 1964 1559 2010 despondet
1587 1963 1678 2008 (72).

229 2010 470 2057 Apocauchus
509 2011 553 2045 de
589 2014 736 2057 integro
767 2012 1061 2045 Cantacuzenum
1086 2012 1126 2044 in
1149 2012 1416 2055 imperatricem
1442 2009 1595 2044 irritat.-
1630 2021 1678 2043 ac

231 2069 400 2097 rursum,
431 2069 652 2103 quamquam
675 2057 881 2098 submissus,
904 2055 1125 2091 dominatur.
1173 2058 1387 2102 Legationis
1413 2055 1466 2091 ad
1486 2068 1564 2091 eum
1589 2057 1677 2090 mit-

232 2102 366 2138 tendae
391 2112 522 2136 auctor
547 2112 608 2136 est.
657 2104 862 2136 Mittuntur
885 2104 992 2138 simul
1016 2103 1124 2138 binae
1149 2104 1351 2148 epistolae,
1377 2103 1512 2148 quibus
1529 2102 1678 2148 signifi-

232 2158 342 2184 catur
363 2147 538 2193 gaudium
564 2147 607 2183 de
634 2150 712 2182 eius
738 2150 933 2183 voluntate
962 2151 1107 2193 imperii
1130 2148 1361 2193 deponendi:
1399 2157 1440 2182 ut
1452 2148 1562 2194 salso
1584 2160 1677 2182 nar-

232 2203 387 2230 raverat
414 2195 661 2240 Apocauchus.
713 2194 883 2228 Conditio
908 2197 945 2229 ei
966 2196 1200 2240 proponitur,
1238 2208 1312 2240 qua
1335 2196 1469 2229 veniat
1497 2196 1584 2239 (73).
1630 2193 1679 2228 In

236 2250 324 2275 acta
338 2241 575 2283 Imperatoris
595 2241 802 2287 inquiritur
812 2255 826 2284 ,·
851 2241 940 2275 bene
956 2242 1159 2286 praefuisse
1175 2242 1358 2276 communi
1371 2240 1533 2274 docetur.
1579 2240 1679 2279 Lori·

233 2289 322 2333 gior-
344 2288 580 2331 Imperatoris
608 2288 728 2320 oratio
745 2310 755 2325 ,
792 2299 866 2333 qua
902 2287 1142 2321 archontibus
1169 2288 1384 2332 ignobilitas
1414 2295 1449 2320 et
1463 2285 1678 2331 impruden-

234 2335 290 2366 tia
315 2332 491 2366 obiicitur
517 2342 552 2366 et
574 2334 631 2366 rei
649 2334 818 2378 publicae
840 2342 956 2367 status
986 2332 1206 2378 deploratur.
1256 2331 1457 2379 Respondet
1481 2341 1679 2378 praeterea

236 2376 290 2417 ad
311 2377 375 2418 id,
405 2378 506 2424 quod
525 2378 741 2420 patriarcha
767 2391 846 2412 eum
870 2380 922 2413 ad
938 2379 1093 2414 reditum
1111 2381 1304 2419 invitans,
1329 2390 1449 2423 poena
1474 2379 1679 2418 soluturum

224 2423 401 2463 dixerat,
427 2434 462 2458 et
483 2424 526 2458 de
550 2426 591 2458 vi
619 2425 861 2458 anathematis
876 2425 1049 2470 disputat.
1099 2426 1144 2458 In
1159 2426 1234 2469 sine
1259 2427 1391 2467 ingens
1409 2426 1514 2469 pacis
1534 2421 1679 2459 deside-

238 2471 334 2505 rium
359 2471 448 2515 (715).
496 2472 657 2505 Pheraei
681 2471 826 2505 veniam
849 2481 884 2504 et
907 2484 1006 2516 opem
1032 2472 1076 2504 ab
1101 2472 1323 2515 Imperatore
1336 2471 1522 2515 flagitant
1541 2478 1576 2504 et
1591 2481 1678 2503 con·

238 2525 451 2562 sequuntur.
514 2519 574 2549 Ex
607 2518 694 2562 ipsis
716 2518 976 2551 mutabilitatis
996 2517 1173 2560 fortunae
1197 2517 1376 2551 humanae
1401 2515 1650 2550 documentum
1665 2529 1678 2548 .-

209 2563 212 2567 ’
241 2574 395 2607 quorum
417 2564 579 2606 exemplo
607 2563 779 2605 Byzantii
803 2572 1009 2602 terrentur,
1044 2572 1080 2596 et
1113 2575 1188 2596 non
1212 2575 1315 2606 posse
1339 2563 1525 2608 imperium
1548 2560 1679 2607 defen-

242 2607 328 2642 dere
345 2632 353 2639 .
388 2610 512 2642 multis
544 2610 735 2654 probatur.
794 2608 1004 2642 ostenditur
1028 2609 1127 2648 item,
1154 2612 1296 2643 Annam
1327 2608 1594 2653 imperatricem
1618 2607 1680 2640 sui

242 2655 336 2688 iuris
352 2667 429 2687 non
444 2667 526 2688 esse.
579 2655 852 2700 Chrysobergis,
883 2655 998 2698 legati
1009 2655 1258 2700 Imperatoris,
1274 2654 1483 2689 constantia
1501 2652 1682 2687 adversus

244 2701 363 2733 minas
388 2709 423 2733 et
448 2700 614 2735 verbera.
665 2703 885 2736 Archontum
914 2702 1079 2735 invictus
1103 2701 1246 2736 animus
1262 2703 1302 2734 in
1322 2712 1463 2735 arcano
1480 2697 1678 2733 reticendo.

248 2747 422 2782 Gareclae
447 2745 599 2784 deditio.
647 2747 800 2783 Rursum
822 2748 925 2795 pacis
946 2748 1078 2795 petitio
1102 2747 1191 2794 (75).
1250 2748 1413 2785 Castella
1438 2744 1618 2794 quaedam
1641 2755 1680 2799 se
