1800 3132
563 191 944 233 HISTORIARUM
982 190 1055 230 111.
1095 191 1136 233 3.
1482 182 1553 239 27

112 315 192 352 μαι
218 298 302 340 τῶν
328 294 430 352 πρὸς
466 294 542 350 τὴν
576 295 776 349 βασιλίδα
817 292 950 347 λόγων
988 290 1279 344 ἀποσχέσθαι,
1309 288 1364 328 ου’
1391 283 1751 342 φαύληνΑ.Ο.134ι

115 365 209 406 τινὰ
250 363 456 416 ἐσομένων
495 361 699 416 ἕπιθήκην
737 361 820 401 τῶν
866 359 1014 402 κακῶν.
1073 356 1095 398 ὁ
1126 358 1162 398 δ’
1192 355 1268 397 οὐκ
1300 353 1421 409 ἀνίη,
1463 348 1673 408 ἆλλῬ.357

116 432 300 472 ἐκέλευεν
339 428 632 482 ἀπαγγέλλειν,
671 427 747 468 νῦν
774 426 874 479 μὲν,
925 424 1123 480 φάσκων,
1163 420 1235 463 τὸν
1276 418 1396 474 λόγον
1430 417 1561 471 μόνον

115 498 269 538 ἐκεῖνον
294 492 364 536 τὸν
392 490 625 548 ποιήσαντα
655 489 732 546 τήν
757 488 970 546 ταραχήν,
1006 487 1108 536 ἴσως
1139 489 1186 529 δέ
1216 502 1311 528 τινα
1347 483 1423 526 καί
1450 481 1558 525 ἄλλα

87 561 228 616 5ἔχειν
260 561 471 615 ἀνέκφορα
510 559 556 600 ἐν
585 558 638 615 τῇ
679 559 813 614 ψυχῇ.
857 557 1005 598 αὕτίκα
1032 556 1111 607 μὲν
1140 548 1215 594 οὖν
1245 548 1266 592 ὃ
1295 549 1561 606 πατριάρχης

113 628 245 669 ἐποίει
284 624 336 667 τά
369 626 668 678 κεκελευσμένοι
710 624 782 665 καί
807 624 858 680 τῇ
896 620 1087 676 βασιλίδι
1114 615 1392 674 ἀπήγγειλεν,
1427 612 1507 658 ὅσα
1534 614 1558 657 ὅ

112 694 242 747 μέγας
283 693 520 745 δομέστικος
562 691 668 746 πρὸς
707 687 835 731 αὐτὸν
878 688 1138 741 διαλεχθείη.
1191 684 1216 739 ἡ
1247 685 1293 726 δὲ
1321 681 1488 730 ἐλπίδος
1514 697 1561 724 τε

114 757 195 809 ἔξω
235 760 309 800 καί
341 760 451 813 πέρα
487 754 741 813 προσδοκίας
779 753 928 809 λόγους
965 758 1057 801 ταῖς
1087 753 1232 799 ἀκοαῖς
1270 749 1559 804 εἰσδεξαμένη,

113 822 259 879 ἠνιᾶτο
285 826 365 877 μὲν
392 821 464 864 ἐπί
488 827 573 871 τοῖς
603 823 863 876 λεγομένοις,
895 819 1163 872 ἐξεπέπληκτο
1191 818 1261 867 δὲ,
1306 813 1385 869 δ’,τι
1412 812 1460 856 τό
1489 811 1561 856 τὸν

64 893 247 945 ιομέγαν
284 891 524 942 δομέστικον
552 886 727 940 πεῖσαν,
754 882 932 929 τοιαῦτά
963 900 1008 927 τε
1036 884 1330 937 ἐνθυμηθῆναι
1360 880 1434 922 καί
1459 877 1561 936 πρὸς

117 953 245 1011 αὐτήν
262 956 405 997 εἰπεῖν.
443 950 556 1008 ὅμως
585 950 738 1009 ἑαυτήν
769 953 1056 1006 ἀναλαβοῦσα,
1071 947 1323 1003 ἀντεμήνυεν
1344 948 1478 1002 αὐτῷ,
1500 944 1559 1001 μή

115 1021 383 1064 παντάπασιν
411 1020 524 1078 mitt?
549 1020 770 1075 προσήκειν
796 1017 896 1067 τούς
920 1014 1135 1066 τοιούτους
1163 1012 1336 1068 λόγους,
1364 1012 1464 1054 οὐδὲ
1486 1013 1599 1066 τῆςΒ

115 1088 251 1129 αὐτοῦ
279 1088 465 1136 διανοίας
485 1086 630 1137 ἀξίους
658 1081 795 1139 εἶναι,
826 1084 927 1126 οὐδὲ
956 1084 1031 1137 τῆς
1060 1079 1166 1137 πρὸς
1197 1082 1374 1134 βασιλέα
1404 1080 1562 1134 φιλίας,

113 1151 165 1210 ἢν
190 1153 236 1195 ἐκ
263 1155 423 1195 παίδων
450 1147 554 1209 ἄχρι
574 1150 647 1194 καί
670 1152 730 1201 εἰς
754 1149 850 1193 τόδε
874 1148 1028 1206 χρόνου
1068 1145 1260 1203 ἀλλήλοις
1291 1141 1562 1200 διετηρήσατε

60 1223 82 1267 ⁴1
92 1216 268 1269 5ἆδολον
287 1217 360 1261 καί
373 1215 579 1275 καθαράν.
610 1216 674 1259 διὸ
707 1213 807 1258 οὐδὲ
829 1218 1054 1257 πείθεσθαι
1073 1209 1140 1256 οἷά
1157 1227 1201 1255 τε
1217 1209 1317 1265 εἰμι’,
1346 1207 1403 1259 ὥς
1424 1225 1563 1264 παρα-

115 1287 370 1343 φρονοῦντος
397 1286 512 1328 ἕνεκα
547 1282 772 1339 ἀνθρώπου
797 1280 1017 1338 προήχθης
1041 1283 1101 1329 εἶς
1126 1280 1320 1327 τοσοῦτον
1338 1279 1411 1318 καί
1437 1273 1564 1331 ὄργῆς

114 1354 188 1394 καί
224 1352 372 1407 λύπης.
429 1349 510 1405 ἐγώ
550 1352 595 1392 δὲ
635 1347 731 1405 μήτ’
766 1348 988 1404 ἀκηκοέναι
1019 1348 1091 1388 τοῦ
1119 1340 1347 1400 ἀνθρώπου
1377 1343 1564 1396 λέγοντος

109 1415 324 1473 ὁμολογῶ,
370 1415 464 1472 μήτ’
501 1417 541 1458 εἰ
569 1414 643 1457 καὶ
669 1417 886 1469 συνέβαινε
925 1413 1170 1464 πυθέσθαι,
1201 1404 1415 1466 προῦργου
1443 1405 1564 1462 ποιή-

115 1487 279 1526 σασθαι
317 1480 505 1533 κολάζειν
544 1481 615 1524 τὸν
654 1478 840 1524 εἰπόντα.
896 1479 996 1521 οὐδὲ
1037 1476 1118 1533 γάρ
1160 1475 1282 1525 αὐτὸς
1322 1473 1375 1518 σύ
1406 1474 1565 1517 ἐλάττω

62 1549 297 1603 αοδύναμιν
339 1547 449 1603 ἔχεις
485 1545 513 1603 ἢ
554 1548 661 1603 ἐγώ,
709 1547 897 1598 κολάζειν
923 1561 968 1587 τε
995 1542 1096 1594 τούς
1128 1542 1464 1599 προσκρούοντας
1493 1543 1568 1584 καί

116 1611 363 1669 συγγνώμην
392 1617 619 1669 παρέχειν,
649 1609 701 1654 ἂν
728 1614 889 1668 ἐθέλῃς.
943 1611 984 1652 εἰ
1018 1612 1096 1663 μὲν
1139 1605 1213 1651 οὖν
1250 1607 1418 1651 ἐκείνων
1450 1607 1568 1650 ἕνεκα

114 1683 198 1721 τῶν
228 1678 362 1734 λόγων
395 1678 520 1731 μόνον
558 1678 829 1733 ἀγανακτεῖς,
862 1674 978 1732 παρὰ
1010 1677 1175 1718 σαυτοῦ
1212 1676 1374 1727 μᾶλλον
1409 1670 1437 1727 ἢ
1465 1675 1565 1727 παρ’

114 1747 221 1799 ἐμοῦ
248 1742 448 1802 προσήκει
475 1741 703 1799 λαμβάνειν
732 1742 861 1792 δίκας.
915 1743 1020 1784 εἰδὲ
1048 1742 1125 1783 καί
1145 1755 1254 1790 τινος
1281 1737 1427 1796 ἑτέρου
1458 1739 1598 1797 diffie

115 1901 251 1936 talibus
278 1901 325 1935 ad
351 1912 429 1934 eam
454 1900 712 1946 supersedeas,
749 1911 842 1945 quae
861 1898 1116 1944 praesentibus
1142 1899 1246 1931 malis
1270 1909 1345 1932 non
1369 1909 1478 1942 parvo
1504 1897 1571 1931 ad-

117 1949 320 1982 ditamento
346 1948 467 1981 futura
497 1953 592 1981 sunt.
641 1948 708 1981 Ille
734 1957 808 1980 non
835 1958 872 1979 se
900 1946 1066 1986 flectere,
1104 1950 1141 1978 et
1165 1946 1324 1986 instare,
1351 1950 1393 1978 ut
1416 1945 1572 1989 impera-

115 1996 199 2030 trici
236 1995 385 2028 nuntius
418 1998 507 2029 iret:
544 2004 643 2027 nunc
678 1994 828 2040 quidem
861 1993 957 2025 illud
992 1991 1141 2026 verbum
1177 1992 1293 2026 solum
1332 2002 1432 2031 esse,
1471 1992 1572 2036 quod

116 2042 240 2077 turbas
267 2043 486 2085 concitaret3
522 2042 679 2075 fortasse
716 2045 838 2074 autem
873 2040 946 2072 alia
978 2038 1155 2085 quosdam
1188 2039 1327 2072 inclusa
1359 2037 1496 2072 habere
1532 2039 1573 2071 in

115 2094 284 2135 pectore,
323 2099 418 2135 quae
446 2087 600 2133 prodere
626 2088 757 2123 nolint.
808 2086 938 2119 Statim
967 2086 1074 2132 igitur
1102 2085 1306 2130 patriarcha
1331 2085 1377 2118 ad
1413 2086 1574 2130 impera-

116 2137 244 2170 tricem
267 2136 406 2176 refert,
441 2147 534 2181 quae
559 2149 579 2170 a
612 2146 741 2180 magno
768 2133 968 2167 domestico
1010 2134 1212 2177 acceperit,
1243 2137 1280 2165 et
1311 2132 1410 2166 iussa
1447 2131 1572 2167 efficit.

118 2183 224 2228 Quae
256 2188 329 2216 tam
361 2183 565 2227 insperatos
601 2186 640 2215 et
673 2183 941 2226 inexspectatos
973 2190 1156 2212 sermones
1191 2178 1339 2212 auribus
1372 2178 1567 2219 hauriens,

117 2230 352 2263 contristatur
386 2235 422 2263 et
460 2227 507 2260 ad
539 2234 724 2275 stuporem
747 2229 923 2268 miratur,
961 2226 1051 2273 quid
1077 2237 1159 2259 eum
1184 2225 1229 2258 ad
1260 2226 1350 2259 haec
1383 2225 1574 2270 cogitanda

118 2281 156 2310 et
193 2276 262 2310 sibi
298 2275 504 2322 eloquenda
544 2276 757 2321 perpulerit.
815 2275 955 2307 Tamen
989 2280 1031 2308 ut
1065 2284 1102 2306 se
1142 2272 1310 2316 collegit,
1348 2273 1383 2306 ei
1413 2272 1574 2306 vicissim

117 2324 279 2358 nuntiari
306 2322 430 2357 iubet:
466 2321 577 2355 Nulla
604 2323 746 2356 ratione
770 2321 862 2354 haec
888 2321 1006 2365 ipsum
1030 2319 1135 2364 loqui
1162 2319 1311 2363 decere;
1347 2330 1468 2365 neque
1491 2319 1571 2352 eius

118 2370 287 2414 ingenio,
308 2381 430 2415 neque
450 2380 574 2403 amore
600 2370 690 2410 illo,
719 2380 791 2414 quo
822 2379 860 2401 se
886 2368 964 2412 ipse
1010 2373 1047 2400 et
1082 2368 1279 2410 imperator
1311 2371 1437 2400 mutuo
1474 2365 1574 2399 dile-

117 2418 262 2458 xerint,
288 2427 469 2462 quemque
494 2428 515 2450 a
538 2417 696 2462 pueritia
721 2426 837 2461 usque
861 2414 907 2447 ad
936 2414 1006 2448 hoc
1029 2420 1171 2457 tempus
1216 2425 1346 2458 purum
1374 2413 1575 2447 sincerum·

120 2475 192 2510 que
218 2464 486 2503 conservarint,
513 2462 621 2509 digna
647 2474 734 2497 esse.
785 2462 966 2507 Quocirca
987 2472 1024 2494 se
1051 2459 1199 2493 credere
1225 2462 1335 2493 etiam
1355 2470 1430 2492 non
1453 2471 1574 2505 posse,

119 2522 201 2544 eum
222 2515 369 2554 propter
391 2509 579 2543 hominem
606 2511 746 2544 fatuum
774 2520 816 2543 eo
840 2508 1049 2541 iracundiae
1085 2506 1400 2552 aegritudinisque
1424 2518 1574 2551 proces-

118 2558 219 2594 sisse.
255 2555 397 2589 Deinde
420 2567 458 2590 se
484 2568 552 2590 nec
575 2556 721 2590 audisse
746 2555 835 2601 quid
861 2554 1017 2595 dict-reu
1046 2565 1113 2585 nec
1144 2553 1175 2586 si
1202 2554 1327 2588 audire
1352 2555 1573 2598 contigisset,

119 2614 250 2648 operae
275 2603 433 2647 pretium
458 2614 646 2637 censuram
670 2603 796 2643 fuisse,
819 2602 1004 2635 hominem
1035 2600 1212 2641 multare,
1246 2602 1391 2646 quando
1418 2601 1573 2644 ipsemet

118 2662 193 2683 non
231 2650 407 2682 minorem
442 2661 548 2696 quam
580 2651 682 2694 ipsa,
721 2655 757 2682 et
784 2648 986 2695 puniendi,
1023 2658 1042 2679 a
1080 2647 1213 2690 quihus
1249 2649 1403 2682 offensus
1428 2648 1495 2687 sit,
1534 2652 1572 2681 et

119 2695 353 2741 ignoscendi,
388 2695 418 2727 si
447 2697 558 2737 velit,
593 2697 847 2731 auctoritatem
880 2694 1027 2730 habeat.
1077 2692 1323 2736 Quamobrem
1358 2695 1388 2728 si
1422 2699 1572 2739 propter

81 2748 84 2751 ’
120 2743 215 2776 iilud
239 2743 388 2776 verbum
424 2742 611 2776 dumtaxat
642 2743 913 2789 indignaretur,
948 2754 967 2774 a
1003 2742 1198 2785 semetipso
1221 2742 1354 2786 magis,
1392 2751 1499 2787 quam
1523 2740 1570 2772 ab

121 2789 186 2823 illa
209 2800 345 2836 poenas
371 2800 510 2824 sumere
536 2790 740 2826 convenire.
790 2789 828 2823 Si
854 2800 926 2834 quo
960 2788 1032 2823 alio
1058 2788 1244 2834 sibiopus
1269 2789 1339 2830 sit,
1370 2787 1468 2835 quod
1491 2788 1572 2833 ipsa
