<?xml version="1.0" encoding="UTF-8"?>
<!DOCTYPE html PUBLIC "-//W3C//DTD XHTML 1.0 Transitional//EN"
    "http://www.w3.org/TR/xhtml1/DTD/xhtml1-transitional.dtd">
<html xmlns="http://www.w3.org/1999/xhtml" xml:lang="en" lang="en">
 <head>
  <title>
</title>
<meta http-equiv="Content-Type" content="text/html;charset=utf-8" />
  <meta name='ocr-system' content='tesseract 3.04.00' />
  <meta name='ocr-capabilities' content='ocr_page ocr_carea ocr_par ocr_line ocrx_word'/>
</head>
<body>
  <div class='ocr_page' id='page_1' title='image "./corpusscriptorum24niebuoft_0133.png"; bbox 0 0 1812 3132; ppageno 0'>
   <div class='ocr_carea' id='block_1_1' title="bbox 520 160 1533 238">
    <p class='ocr_par' dir='ltr' id='par_1_1' title="bbox 520 160 1533 238">
     <span class='ocr_line' id='line_1_1' title="bbox 520 160 1533 238; baseline 0.001 -13"><span class='ocrx_word' id='word_1_1' title='bbox 520 160 908 226; x_wconf 71' lang='lat' dir='ltr'><strong>msTomARUM</strong></span> <span class='ocrx_word' id='word_1_2' title='bbox 949 188 1020 228; x_wconf 86' lang='lat'>111.</span> <span class='ocrx_word' id='word_1_3' title='bbox 1051 194 1121 238; x_wconf 84' lang='lat'><em>19.</em></span> <span class='ocrx_word' id='word_1_4' title='bbox 1435 189 1455 224; x_wconf 89' lang='lat'>1</span> <span class='ocrx_word' id='word_1_5' title='bbox 1472 190 1499 226; x_wconf 83' lang='lat'><em>2</em></span> <span class='ocrx_word' id='word_1_6' title='bbox 1515 189 1533 226; x_wconf 85' lang='lat'>1</span> 
     </span>
    </p>
   </div>
   <div class='ocr_carea' id='block_1_2' title="bbox 36 280 1730 1859">
    <p class='ocr_par' dir='ltr' id='par_1_2' title="bbox 36 280 1730 1859">
     <span class='ocr_line' id='line_1_2' title="bbox 84 280 1730 347; baseline 0.004 -20"><span class='ocrx_word' id='word_1_7' title='bbox 84 301 232 341; x_wconf 82' lang='grc' dir='ltr'><em>καιρον</em></span> <span class='ocrx_word' id='word_1_8' title='bbox 262 288 422 342; x_wconf 76' lang='grc' dir='ltr'><em>ζητεῖν,</em></span> <span class='ocrx_word' id='word_1_9' title='bbox 463 286 510 328; x_wconf 74' lang='grc' dir='ltr'><em>ἓν</em></span> <span class='ocrx_word' id='word_1_10' title='bbox 537 280 571 345; x_wconf 81' lang='grc' dir='ltr'><em>ᾦ</em></span> <span class='ocrx_word' id='word_1_11' title='bbox 597 287 742 328; x_wconf 80' lang='grc' dir='ltr'><em>τοῦτον</em></span> <span class='ocrx_word' id='word_1_12' title='bbox 771 286 990 339; x_wconf 73' lang='grc' dir='ltr'><em>ἀμυνεῖται</em></span> <span class='ocrx_word' id='word_1_13' title='bbox 1018 288 1146 347; x_wconf 73' lang='grc' dir='ltr'><em>ἀξίως</em></span> <span class='ocrx_word' id='word_1_14' title='bbox 1173 289 1247 344; x_wconf 85' lang='grc' dir='ltr'><em>τῆς</em></span> <span class='ocrx_word' id='word_1_15' title='bbox 1272 286 1437 345; x_wconf 61' lang='grc' dir='ltr'><em>ὕβρεως</em></span> <span class='ocrx_word' id='word_1_16' title='bbox 1463 291 1536 346; x_wconf 65' lang='grc' dir='ltr'><em>τῆς</em></span> <span class='ocrx_word' id='word_1_17' title='bbox 1550 300 1730 345; x_wconf 71' lang='grc' dir='ltr'><em>Δ,(;.ι34ι</em></span> 
     </span>
     <span class='ocr_line' id='line_1_3' title="bbox 87 347 1538 411; baseline 0.003 -18"><span class='ocrx_word' id='word_1_18' title='bbox 87 354 145 400; x_wconf 84' lang='grc' dir='ltr'><em>εἰς</em></span> <span class='ocrx_word' id='word_1_19' title='bbox 184 350 320 394; x_wconf 73' lang='grc' dir='ltr'><em>αὐτόν.</em></span> <span class='ocrx_word' id='word_1_20' title='bbox 375 354 521 394; x_wconf 79' lang='grc' dir='ltr'><em>τοῦτον</em></span> <span class='ocrx_word' id='word_1_21' title='bbox 564 352 611 394; x_wconf 81' lang='grc' dir='ltr'><em>δὲ</em></span> <span class='ocrx_word' id='word_1_22' title='bbox 653 351 802 394; x_wconf 78' lang='grc' dir='ltr'><em>οὕδένα</em></span> <span class='ocrx_word' id='word_1_23' title='bbox 832 347 957 395; x_wconf 68' lang='grc' dir='ltr'><em>ἄλλον</em></span> <span class='ocrx_word' id='word_1_24' title='bbox 988 351 1127 408; x_wconf 78' lang='grc' dir='ltr'><em>εἶναι,</em></span> <span class='ocrx_word' id='word_1_25' title='bbox 1166 350 1191 410; x_wconf 80' lang='grc' dir='ltr'><strong><em>ἢ</em></strong></span> <span class='ocrx_word' id='word_1_26' title='bbox 1216 353 1292 410; x_wconf 63' lang='grc' dir='ltr'><em>την</em></span> <span class='ocrx_word' id='word_1_27' title='bbox 1317 354 1364 398; x_wconf 72' lang='grc' dir='ltr'><em>ἐκ</em></span> <span class='ocrx_word' id='word_1_28' title='bbox 1390 358 1464 411; x_wconf 76' lang='grc' dir='ltr'><em>τῆς</em></span> <span class='ocrx_word' id='word_1_29' title='bbox 1493 353 1538 398; x_wconf 75' lang='grc' dir='ltr'><em>ὲ·-</em></span> 
     </span>
     <span class='ocr_line' id='line_1_4' title="bbox 88 415 1572 477; baseline 0.005 -18"><span class='ocrx_word' id='word_1_30' title='bbox 88 421 244 473; x_wconf 82' lang='grc' dir='ltr'><em>σπέρας</em></span> <span class='ocrx_word' id='word_1_31' title='bbox 280 415 483 460; x_wconf 75' lang='grc' dir='ltr'>ἐπάνοδον</span> <span class='ocrx_word' id='word_1_32' title='bbox 524 417 671 460; x_wconf 70' lang='grc' dir='ltr'><em>αὐτοῦ.</em></span> <span class='ocrx_word' id='word_1_33' title='bbox 727 415 834 460; x_wconf 74' lang='grc' dir='ltr'><em>οὕτω</em></span> <span class='ocrx_word' id='word_1_34' title='bbox 863 420 944 474; x_wconf 79' lang='grc' dir='ltr'><em>γὰρ</em></span> <span class='ocrx_word' id='word_1_35' title='bbox 976 421 1132 462; x_wconf 80' lang='grc' dir='ltr'><em>ἐκείνου</em></span> <span class='ocrx_word' id='word_1_36' title='bbox 1163 419 1395 477; x_wconf 78' lang='grc' dir='ltr'><em>φάσκοντος</em></span> <span class='ocrx_word' id='word_1_37' title='bbox 1433 417 1572 477; x_wconf 72' lang='grc' dir='ltr'><em>ἄκη-Β</em></span> 
     </span>
     <span class='ocr_line' id='line_1_5' title="bbox 88 482 1535 543; baseline 0.003 -19"><span class='ocrx_word' id='word_1_38' title='bbox 88 485 241 525; x_wconf 82' lang='grc' dir='ltr'><em>κοέναι.</em></span> <span class='ocrx_word' id='word_1_39' title='bbox 296 483 370 535; x_wconf 78' lang='grc' dir='ltr'><em>ἐμὲ</em></span> <span class='ocrx_word' id='word_1_40' title='bbox 399 484 447 525; x_wconf 85' lang='grc' dir='ltr'><em>δὲ</em></span> <span class='ocrx_word' id='word_1_41' title='bbox 474 482 574 539; x_wconf 72' lang='grc' dir='ltr'><em>περὶ</em></span> <span class='ocrx_word' id='word_1_42' title='bbox 609 483 805 525; x_wconf 73' lang='grc' dir='ltr'><em>πλείστου</em></span> <span class='ocrx_word' id='word_1_43' title='bbox 833 485 1081 537; x_wconf 79' lang='grc' dir='ltr'><em>ποιούμενον</em></span> <span class='ocrx_word' id='word_1_44' title='bbox 1107 486 1158 528; x_wconf 80' lang='grc' dir='ltr'><em>τὰ</em></span> <span class='ocrx_word' id='word_1_45' title='bbox 1186 485 1270 540; x_wconf 80' lang='grc' dir='ltr'><em>σοὶ,</em></span> <span class='ocrx_word' id='word_1_46' title='bbox 1300 488 1422 543; x_wconf 83' lang='grc' dir='ltr'><em>(ου’δὲ</em></span> <span class='ocrx_word' id='word_1_47' title='bbox 1451 487 1535 543; x_wconf 79' lang='grc' dir='ltr'><em>γὰρ</em></span> 
     </span>
     <span class='ocr_line' id='line_1_6' title="bbox 60 548 1543 608; baseline 0.003 -18"><span class='ocrx_word' id='word_1_48' title='bbox 60 548 185 603; x_wconf 72' lang='grc' dir='ltr'><em>ὅπερί</em></span> <span class='ocrx_word' id='word_1_49' title='bbox 209 549 439 602; x_wconf 79' lang='grc' dir='ltr'><em>ἐλαχίστων</em></span> <span class='ocrx_word' id='word_1_50' title='bbox 471 548 494 590; x_wconf 83' lang='grc' dir='ltr'>ὅ</span> <span class='ocrx_word' id='word_1_51' title='bbox 522 550 738 600; x_wconf 85' lang='grc' dir='ltr'><em>κίνδυνος,</em></span> <span class='ocrx_word' id='word_1_52' title='bbox 770 548 878 591; x_wconf 78' lang='grc' dir='ltr'><em>ἀλλὰ</em></span> <span class='ocrx_word' id='word_1_53' title='bbox 908 551 1008 605; x_wconf 75' lang='grc' dir='ltr'><em>περὶ</em></span> <span class='ocrx_word' id='word_1_54' title='bbox 1032 553 1178 606; x_wconf 81' lang='grc' dir='ltr'><em>ψυχῆς</em></span> <span class='ocrx_word' id='word_1_55' title='bbox 1191 554 1228 608; x_wconf 86' lang='grc'><em>,)</em></span> <span class='ocrx_word' id='word_1_56' title='bbox 1259 548 1376 607; x_wconf 77' lang='grc' dir='ltr'><em>ἥκειν</em></span> <span class='ocrx_word' id='word_1_57' title='bbox 1402 554 1543 607; x_wconf 61' lang='lat' dir='ltr'><em>duay—</em></span> 
     </span>
     <span class='ocr_line' id='line_1_7' title="bbox 88 611 1541 672; baseline 0.003 -16"><span class='ocrx_word' id='word_1_58' title='bbox 88 613 283 668; x_wconf 81' lang='grc' dir='ltr'><em>γέλλοντά</em></span> <span class='ocrx_word' id='word_1_59' title='bbox 319 630 391 669; x_wconf 83' lang='grc' dir='ltr'><em>τε,</em></span> <span class='ocrx_word' id='word_1_60' title='bbox 421 611 501 657; x_wconf 74' lang='grc' dir='ltr'><em>ὅσα</em></span> <span class='ocrx_word' id='word_1_61' title='bbox 534 612 779 670; x_wconf 79' lang='grc' dir='ltr'><em>ἐπυθόμην,</em></span> <span class='ocrx_word' id='word_1_62' title='bbox 807 618 902 668; x_wconf 79' lang='grc' dir='ltr'><em>καί,</em></span> <span class='ocrx_word' id='word_1_63' title='bbox 934 618 975 658; x_wconf 82' lang='grc' dir='ltr'><em>εἰ</em></span> <span class='ocrx_word' id='word_1_64' title='bbox 998 614 1170 670; x_wconf 81' lang='grc' dir='ltr'><em>βούλει,</em></span> <span class='ocrx_word' id='word_1_65' title='bbox 1199 620 1412 672; x_wconf 77' lang='grc' dir='ltr'><em>σωτηρίας</em></span> <span class='ocrx_word' id='word_1_66' title='bbox 1442 616 1541 660; x_wconf 77' lang='grc' dir='ltr'><em>ὁδὸν</em></span> 
     </span>
     <span class='ocr_line' id='line_1_8' title="bbox 87 678 1541 740; baseline 0.004 -20"><span class='ocrx_word' id='word_1_67' title='bbox 87 678 443 735; x_wconf 68' lang='grc' dir='ltr'><em>ὁφηγησόμενον.”</em></span> <span class='ocrx_word' id='word_1_68' title='bbox 501 679 523 723; x_wconf 83' lang='grc' dir='ltr'>ὅ</span> <span class='ocrx_word' id='word_1_69' title='bbox 564 682 612 723; x_wconf 80' lang='grc' dir='ltr'><em>δὲ</em></span> <span class='ocrx_word' id='word_1_70' title='bbox 649 681 755 737; x_wconf 85' lang='grc' dir='ltr'><em>πρὸς</em></span> <span class='ocrx_word' id='word_1_71' title='bbox 792 680 846 725; x_wconf 81' lang='grc' dir='ltr'><em>τά</em></span> <span class='ocrx_word' id='word_1_72' title='bbox 876 683 1079 738; x_wconf 79' lang='grc' dir='ltr'><em>εἰρημένα</em></span> <span class='ocrx_word' id='word_1_73' title='bbox 1122 683 1177 724; x_wconf 85' lang='grc' dir='ltr'><em>ου’</em></span> <span class='ocrx_word' id='word_1_74' title='bbox 1200 686 1380 739; x_wconf 90' lang='grc' dir='ltr'><em>μετρίως</em></span> <span class='ocrx_word' id='word_1_75' title='bbox 1406 687 1541 740; x_wconf 80' lang='grc' dir='ltr'><em>θορυ-</em></span> 
     </span>
     <span class='ocr_line' id='line_1_9' title="bbox 86 743 1541 803; baseline 0.003 -17"><span class='ocrx_word' id='word_1_76' title='bbox 86 743 257 799; x_wconf 72' lang='grc' dir='ltr'><em>βηθεὶς,</em></span> <span class='ocrx_word' id='word_1_77' title='bbox 292 745 560 801; x_wconf 73' lang='grc' dir='ltr'><em>θαυμάζειν,</em></span> <span class='ocrx_word' id='word_1_78' title='bbox 609 745 818 803; x_wconf 80' lang='grc' dir='ltr'><em>ἔφασκεν,</em></span> <span class='ocrx_word' id='word_1_79' title='bbox 865 748 905 790; x_wconf 84' lang='grc' dir='ltr'><em>εἰ</em></span> <span class='ocrx_word' id='word_1_80' title='bbox 953 745 975 789; x_wconf 83' lang='grc' dir='ltr'><em>ὃ</em></span> <span class='ocrx_word' id='word_1_81' title='bbox 1010 749 1144 802; x_wconf 83' lang='grc' dir='ltr'><em>μέγας</em></span> <span class='ocrx_word' id='word_1_82' title='bbox 1178 749 1420 801; x_wconf 87' lang='grc' dir='ltr'><em>δομέστικος</em></span> <span class='ocrx_word' id='word_1_83' title='bbox 1466 744 1541 790; x_wconf 73' lang='grc' dir='ltr'><em>οὗ·</em></span> 
     </span>
     <span class='ocr_line' id='line_1_10' title="bbox 87 811 1540 870; baseline 0.004 -19"><span class='ocrx_word' id='word_1_84' title='bbox 87 826 168 860; x_wconf 87' lang='grc' dir='ltr'><em>τως</em></span> <span class='ocrx_word' id='word_1_85' title='bbox 204 811 402 868; x_wconf 73' lang='grc' dir='ltr'><em>ἐξαίφνης</em></span> <span class='ocrx_word' id='word_1_86' title='bbox 443 815 518 868; x_wconf 85' lang='grc' dir='ltr'><em>τῆς</em></span> <span class='ocrx_word' id='word_1_87' title='bbox 555 813 768 869; x_wconf 79' lang='grc' dir='ltr'><em>συνήθους</em></span> <span class='ocrx_word' id='word_1_88' title='bbox 806 815 1116 868; x_wconf 72' lang='grc' dir='ltr'><em>καλοκάγαθίας</em></span> <span class='ocrx_word' id='word_1_89' title='bbox 1155 813 1430 870; x_wconf 75' lang='grc' dir='ltr'><em>μεταβαλών,</em></span> <span class='ocrx_word' id='word_1_90' title='bbox 1464 815 1540 857; x_wconf 79' lang='grc' dir='ltr'><em>οἷν-</em></span> 
     </span>
     <span class='ocr_line' id='line_1_11' title="bbox 37 876 1541 937; baseline 0.004 -20"><span class='ocrx_word' id='word_1_91' title='bbox 37 876 128 919; x_wconf 77' lang='grc' dir='ltr'><em>ιοτί</em></span> <span class='ocrx_word' id='word_1_92' title='bbox 159 878 331 933; x_wconf 81' lang='grc' dir='ltr'><em>μετρίου</em></span> <span class='ocrx_word' id='word_1_93' title='bbox 369 878 444 921; x_wconf 78' lang='grc' dir='ltr'><em>καὶ</em></span> <span class='ocrx_word' id='word_1_94' title='bbox 485 881 718 935; x_wconf 78' lang='grc' dir='ltr'><em>προσηνοῦς</em></span> <span class='ocrx_word' id='word_1_95' title='bbox 753 880 1035 936; x_wconf 64' lang='grc' dir='ltr'><em>ἀπαραίτητος</em></span> <span class='ocrx_word' id='word_1_96' title='bbox 1075 877 1209 930; x_wconf 71' lang='grc' dir='ltr'><em>οὕτως</em></span> <span class='ocrx_word' id='word_1_97' title='bbox 1247 881 1402 937; x_wconf 80' lang='grc' dir='ltr'><em>ὄφθείη</em></span> <span class='ocrx_word' id='word_1_98' title='bbox 1435 881 1541 937; x_wconf 82' lang='grc' dir='ltr'><em>πρὸς</em></span> 
     </span>
     <span class='ocr_line' id='line_1_12' title="bbox 87 940 1542 1004; baseline 0.003 -20"><span class='ocrx_word' id='word_1_99' title='bbox 87 940 217 1004; x_wconf 71' lang='grc' dir='ltr'><em>ὀργὴν</em></span> <span class='ocrx_word' id='word_1_100' title='bbox 252 946 328 985; x_wconf 82' lang='grc' dir='ltr'>καί</span> <span class='ocrx_word' id='word_1_101' title='bbox 364 949 453 995; x_wconf 80' lang='grc' dir='ltr'><em>τοῖς</em></span> <span class='ocrx_word' id='word_1_102' title='bbox 487 944 835 1001; x_wconf 85' lang='grc' dir='ltr'><em>προσκεκρουκόσι</em></span> <span class='ocrx_word' id='word_1_103' title='bbox 875 945 1024 1002; x_wconf 87' lang='grc' dir='ltr'><em>πικρὸς</em></span> <span class='ocrx_word' id='word_1_104' title='bbox 1063 945 1138 988; x_wconf 73' lang='grc' dir='ltr'><em>καὶ</em></span> <span class='ocrx_word' id='word_1_105' title='bbox 1178 945 1285 1002; x_wconf 85' lang='grc' dir='ltr'><em>πρὸς</em></span> <span class='ocrx_word' id='word_1_106' title='bbox 1321 946 1398 997; x_wconf 81' lang='grc' dir='ltr'><em>τὰς</em></span> <span class='ocrx_word' id='word_1_107' title='bbox 1426 944 1542 989; x_wconf 80' lang='grc' dir='ltr'><em>οἷντι-</em></span> 
     </span>
     <span class='ocr_line' id='line_1_13' title="bbox 87 1007 1539 1071; baseline 0.003 -22"><span class='ocrx_word' id='word_1_108' title='bbox 87 1007 225 1058; x_wconf 89' lang='grc' dir='ltr'><em>δόσεις</em></span> <span class='ocrx_word' id='word_1_109' title='bbox 262 1011 440 1063; x_wconf 75' lang='grc' dir='ltr'><em>ἕτοιμος.</em></span> <span class='ocrx_word' id='word_1_110' title='bbox 496 1010 597 1053; x_wconf 76' lang='grc' dir='ltr'><em>οὐδὲ</em></span> <span class='ocrx_word' id='word_1_111' title='bbox 633 1009 715 1067; x_wconf 78' lang='grc' dir='ltr'><em>γὰρ</em></span> <span class='ocrx_word' id='word_1_112' title='bbox 757 1010 780 1052; x_wconf 83' lang='grc' dir='ltr'>ὅ</span> <span class='ocrx_word' id='word_1_113' title='bbox 818 1013 978 1067; x_wconf 79' lang='grc' dir='ltr'><em>προτοῦ</em></span> <span class='ocrx_word' id='word_1_114' title='bbox 1008 1010 1163 1066; x_wconf 84' lang='grc' dir='ltr'><em>χρόνος</em></span> <span class='ocrx_word' id='word_1_115' title='bbox 1199 1010 1390 1056; x_wconf 78' lang='grc' dir='ltr'><em>τοιοῦτον</em></span> <span class='ocrx_word' id='word_1_116' title='bbox 1420 1013 1539 1071; x_wconf 74' lang='grc' dir='ltr'><em>αὐτῷ</em></span> 
     </span>
     <span class='ocr_line' id='line_1_14' title="bbox 86 1071 1532 1135; baseline 0.003 -19"><span class='ocrx_word' id='word_1_117' title='bbox 86 1073 134 1116; x_wconf 83' lang='grc' dir='ltr'><em>τὸ</em></span> <span class='ocrx_word' id='word_1_118' title='bbox 173 1071 280 1130; x_wconf 73' lang='grc' dir='ltr'><em>ἦθος</em></span> <span class='ocrx_word' id='word_1_119' title='bbox 330 1082 638 1133; x_wconf 83' lang='grc' dir='ltr'><em>συμμαρτυρεῖ.</em></span> <span class='ocrx_word' id='word_1_120' title='bbox 711 1079 875 1119; x_wconf 74' lang='grc' dir='ltr'><em>πολλῶν</em></span> <span class='ocrx_word' id='word_1_121' title='bbox 912 1076 994 1133; x_wconf 79' lang='grc' dir='ltr'><em>γάρ</em></span> <span class='ocrx_word' id='word_1_122' title='bbox 1038 1077 1154 1134; x_wconf 57' lang='lat' dir='ltr'><em>adu?</em></span> <span class='ocrx_word' id='word_1_123' title='bbox 1206 1079 1532 1135; x_wconf 83' lang='grc' dir='ltr'><em>προσκεκρουκό-</em></span> 
     </span>
     <span class='ocr_line' id='line_1_15' title="bbox 86 1138 1578 1200; baseline 0.003 -18"><span class='ocrx_word' id='word_1_124' title='bbox 86 1156 171 1183; x_wconf 85' lang='grc' dir='ltr'><em>των</em></span> <span class='ocrx_word' id='word_1_125' title='bbox 209 1142 283 1182; x_wconf 85' lang='grc' dir='ltr'><strong><em>καί</em></strong></span> <span class='ocrx_word' id='word_1_126' title='bbox 318 1138 507 1196; x_wconf 80' lang='grc' dir='ltr'><em>μεγάλα,</em></span> <span class='ocrx_word' id='word_1_127' title='bbox 549 1143 700 1185; x_wconf 76' lang='grc' dir='ltr'><em>οὐδένα</em></span> <span class='ocrx_word' id='word_1_128' title='bbox 739 1139 903 1185; x_wconf 79' lang='grc' dir='ltr'><em>πώποτε</em></span> <span class='ocrx_word' id='word_1_129' title='bbox 941 1140 1080 1199; x_wconf 81' lang='grc' dir='ltr'><em>ἐφάνη</em></span> <span class='ocrx_word' id='word_1_130' title='bbox 1121 1144 1331 1200; x_wconf 79' lang='grc' dir='ltr'><em>α’ντιδρῶν</em></span> <span class='ocrx_word' id='word_1_131' title='bbox 1370 1146 1578 1194; x_wconf 57' lang='lat' dir='ltr'><em>›canok-C</em></span> 
     </span>
     <span class='ocr_line' id='line_1_16' title="bbox 38 1204 1538 1265; baseline 0.004 -18"><span class='ocrx_word' id='word_1_132' title='bbox 38 1204 191 1262; x_wconf 73' lang='grc' dir='ltr'><em>ιόπρός</em></span> <span class='ocrx_word' id='word_1_133' title='bbox 215 1207 291 1260; x_wconf 77' lang='grc' dir='ltr'><em>ἐμὲ</em></span> <span class='ocrx_word' id='word_1_134' title='bbox 332 1209 379 1250; x_wconf 83' lang='grc' dir='ltr'><em>δὲ</em></span> <span class='ocrx_word' id='word_1_135' title='bbox 414 1211 595 1264; x_wconf 87' lang='grc' dir='ltr'><em>μετρίως</em></span> <span class='ocrx_word' id='word_1_136' title='bbox 633 1208 713 1262; x_wconf 84' lang='grc' dir='ltr'><em>μὲν</em></span> <span class='ocrx_word' id='word_1_137' title='bbox 741 1207 812 1251; x_wconf 83' lang='grc' dir='ltr'><em>διά</em></span> <span class='ocrx_word' id='word_1_138' title='bbox 848 1208 918 1252; x_wconf 86' lang='grc' dir='ltr'><em>τὸν</em></span> <span class='ocrx_word' id='word_1_139' title='bbox 946 1209 1071 1264; x_wconf 82' lang='grc' dir='ltr'><em>λόγον</em></span> <span class='ocrx_word' id='word_1_140' title='bbox 1097 1207 1323 1265; x_wconf 76' lang='grc' dir='ltr'><em>τετάρακτο</em></span> <span class='ocrx_word' id='word_1_141' title='bbox 1359 1212 1538 1264; x_wconf 80' lang='grc' dir='ltr'><em>ἐκεῖνον,</em></span> 
     </span>
     <span class='ocr_line' id='line_1_17' title="bbox 89 1268 1541 1335; baseline 0.004 -22"><span class='ocrx_word' id='word_1_142' title='bbox 89 1268 212 1335; x_wconf 79' lang='grc' dir='ltr'><em>ὄλίγῳ</em></span> <span class='ocrx_word' id='word_1_143' title='bbox 253 1275 299 1316; x_wconf 80' lang='grc' dir='ltr'><em>δὲ</em></span> <span class='ocrx_word' id='word_1_144' title='bbox 335 1270 511 1331; x_wconf 75' lang='grc' dir='ltr'><em>ὕστερον</em></span> <span class='ocrx_word' id='word_1_145' title='bbox 548 1272 684 1324; x_wconf 71' lang='grc' dir='ltr'><em>οὕτως</em></span> <span class='ocrx_word' id='word_1_146' title='bbox 723 1277 859 1332; x_wconf 76' lang='grc' dir='ltr'><em>α’φῆκε</em></span> <span class='ocrx_word' id='word_1_147' title='bbox 895 1275 970 1331; x_wconf 76' lang='grc' dir='ltr'><em>τὴν</em></span> <span class='ocrx_word' id='word_1_148' title='bbox 998 1272 1157 1334; x_wconf 71' lang='grc' dir='ltr'><em>ὀργήν,</em></span> <span class='ocrx_word' id='word_1_149' title='bbox 1203 1273 1260 1325; x_wconf 78' lang='grc' dir='ltr'><em>ὥς</em></span> <span class='ocrx_word' id='word_1_150' title='bbox 1286 1278 1395 1332; x_wconf 82' lang='grc' dir='ltr'><em>μηδὲ</em></span> <span class='ocrx_word' id='word_1_151' title='bbox 1424 1279 1541 1332; x_wconf 82' lang='grc' dir='ltr'><em>εἰρῆ-</em></span> 
     </span>
     <span class='ocr_line' id='line_1_18' title="bbox 87 1340 1540 1400; baseline 0.004 -21"><span class='ocrx_word' id='word_1_152' title='bbox 87 1340 198 1380; x_wconf 83' lang='grc' dir='ltr'><em>σθαί</em></span> <span class='ocrx_word' id='word_1_153' title='bbox 234 1354 277 1379; x_wconf 93' lang='grc' dir='ltr'><em>τι</em></span> <span class='ocrx_word' id='word_1_154' title='bbox 311 1341 457 1383; x_wconf 79' lang='grc' dir='ltr'><em>δοκεῖν.</em></span> <span class='ocrx_word' id='word_1_155' title='bbox 507 1341 766 1391; x_wconf 82' lang='grc' dir='ltr'><em>Ἀπόκαυκος</em></span> <span class='ocrx_word' id='word_1_156' title='bbox 806 1342 853 1384; x_wconf 82' lang='grc' dir='ltr'><em>δὲ</em></span> <span class='ocrx_word' id='word_1_157' title='bbox 914 1343 990 1396; x_wconf 71' lang='lat' dir='ltr'><em>„sl</em></span> <span class='ocrx_word' id='word_1_158' title='bbox 1023 1343 1106 1396; x_wconf 84' lang='grc' dir='ltr'><em>μὲν</em></span> <span class='ocrx_word' id='word_1_159' title='bbox 1143 1341 1420 1385; x_wconf 78' lang='grc' dir='ltr'><em>ὗποπτεύων”</em></span> <span class='ocrx_word' id='word_1_160' title='bbox 1457 1341 1540 1400; x_wconf 80' lang='grc' dir='ltr'><em>ἔφη</em></span> 
     </span>
     <span class='ocr_line' id='line_1_19' title="bbox 87 1407 1544 1467; baseline -0.001 -16"><span class='ocrx_word' id='word_1_161' title='bbox 87 1408 212 1462; x_wconf 57' lang='lat' dir='ltr'><strong>„roim</strong></span> <span class='ocrx_word' id='word_1_162' title='bbox 239 1409 389 1463; x_wconf 82' lang='grc' dir='ltr'><em>λόγους</em></span> <span class='ocrx_word' id='word_1_163' title='bbox 411 1409 510 1460; x_wconf 79' lang='grc' dir='ltr'><em>τούς</em></span> <span class='ocrx_word' id='word_1_164' title='bbox 537 1409 666 1463; x_wconf 75' lang='grc' dir='ltr'><em>ἐμοὺς</em></span> <span class='ocrx_word' id='word_1_165' title='bbox 675 1443 689 1462; x_wconf 89' lang='grc'><em>,</em></span> <span class='ocrx_word' id='word_1_166' title='bbox 716 1408 774 1459; x_wconf 77' lang='grc' dir='ltr'><em>ὥς</em></span> <span class='ocrx_word' id='word_1_167' title='bbox 802 1411 1065 1465; x_wconf 84' lang='grc' dir='ltr'><em>πειρωμένου</em></span> <span class='ocrx_word' id='word_1_168' title='bbox 1084 1441 1097 1464; x_wconf 84' lang='grc'><em>,</em></span> <span class='ocrx_word' id='word_1_169' title='bbox 1127 1409 1206 1451; x_wconf 75' lang='grc' dir='ltr'><em>καὶ</em></span> <span class='ocrx_word' id='word_1_170' title='bbox 1228 1407 1276 1451; x_wconf 84' lang='grc' dir='ltr'>τό</span> <span class='ocrx_word' id='word_1_171' title='bbox 1307 1407 1544 1467; x_wconf 74' lang='grc' dir='ltr'><em>προσκρού-</em></span> 
     </span>
     <span class='ocr_line' id='line_1_20' title="bbox 88 1468 1541 1533; baseline 0.002 -19"><span class='ocrx_word' id='word_1_172' title='bbox 88 1489 151 1516; x_wconf 81' lang='grc' dir='ltr'><em>ειν</em></span> <span class='ocrx_word' id='word_1_173' title='bbox 179 1468 307 1523; x_wconf 72' lang='grc' dir='ltr'><em>αὖθις</em></span> <span class='ocrx_word' id='word_1_174' title='bbox 332 1476 471 1533; x_wconf 78' lang='grc' dir='ltr'><em>ἐκείνῳ</em></span> <span class='ocrx_word' id='word_1_175' title='bbox 499 1475 722 1530; x_wconf 81' lang='grc' dir='ltr'><em>δεδοικώς,</em></span> <span class='ocrx_word' id='word_1_176' title='bbox 750 1477 929 1519; x_wconf 77' lang='grc' dir='ltr'><em>τοιαῦτα</em></span> <span class='ocrx_word' id='word_1_177' title='bbox 959 1475 1170 1531; x_wconf 72' lang='grc' dir='ltr'><em>ἀπεκρίνω</em></span> <span class='ocrx_word' id='word_1_178' title='bbox 1179 1508 1193 1528; x_wconf 87' lang='grc'><em>,</em></span> <span class='ocrx_word' id='word_1_179' title='bbox 1245 1469 1368 1525; x_wconf 67' lang='grc' dir='ltr'><em>ἄλλος</em></span> <span class='ocrx_word' id='word_1_180' title='bbox 1397 1471 1450 1516; x_wconf 73' lang='grc' dir='ltr'><em>ἂν</em></span> <span class='ocrx_word' id='word_1_181' title='bbox 1477 1473 1541 1530; x_wconf 80' lang='grc' dir='ltr'><em>εἴη</em></span> 
     </span>
     <span class='ocr_line' id='line_1_21' title="bbox 36 1536 1542 1596; baseline 0.002 -16"><span class='ocrx_word' id='word_1_182' title='bbox 36 1536 220 1593; x_wconf 74' lang='grc' dir='ltr'><em>2ολὀγος.</em></span> <span class='ocrx_word' id='word_1_183' title='bbox 274 1541 314 1581; x_wconf 80' lang='grc' dir='ltr'><em>εἰ</em></span> <span class='ocrx_word' id='word_1_184' title='bbox 340 1539 380 1580; x_wconf 80' lang='grc' dir='ltr'><em>δ’</em></span> <span class='ocrx_word' id='word_1_185' title='bbox 411 1540 468 1591; x_wconf 69' lang='grc' dir='ltr'><em>ὥς</em></span> <span class='ocrx_word' id='word_1_186' title='bbox 495 1541 666 1596; x_wconf 69' lang='grc' dir='ltr'><em>ἀληθῶς</em></span> <span class='ocrx_word' id='word_1_187' title='bbox 695 1539 881 1594; x_wconf 88' lang='grc' dir='ltr'><em>οἰόμενος</em></span> <span class='ocrx_word' id='word_1_188' title='bbox 903 1538 1040 1590; x_wconf 76' lang='grc' dir='ltr'><em>οὕτως</em></span> <span class='ocrx_word' id='word_1_189' title='bbox 1069 1539 1204 1595; x_wconf 82' lang='grc' dir='ltr'><em>ἔχειν,</em></span> <span class='ocrx_word' id='word_1_190' title='bbox 1247 1540 1342 1583; x_wconf 83' lang='grc' dir='ltr'><em>ἴσθι</em></span> <span class='ocrx_word' id='word_1_191' title='bbox 1382 1541 1542 1595; x_wconf 78' lang='grc' dir='ltr'><em>α’γνοῶν</em></span> 
     </span>
     <span class='ocr_line' id='line_1_22' title="bbox 90 1603 1545 1663; baseline 0.001 -16"><span class='ocrx_word' id='word_1_192' title='bbox 90 1604 137 1647; x_wconf 79' lang='grc' dir='ltr'><em>τὸ</em></span> <span class='ocrx_word' id='word_1_193' title='bbox 167 1606 264 1648; x_wconf 82' lang='grc' dir='ltr'><em>πᾶν.</em></span> <span class='ocrx_word' id='word_1_194' title='bbox 292 1605 342 1646; x_wconf 72' lang='grc' dir='ltr'><em>οὔ</em></span> <span class='ocrx_word' id='word_1_195' title='bbox 368 1604 450 1661; x_wconf 74' lang='grc' dir='ltr'><em>γάρ</em></span> <span class='ocrx_word' id='word_1_196' title='bbox 478 1603 654 1662; x_wconf 78' lang='grc' dir='ltr'><em>ἥμερος,</em></span> <span class='ocrx_word' id='word_1_197' title='bbox 683 1604 820 1662; x_wconf 71' lang='grc' dir='ltr'><em>ὥσπερ</em></span> <span class='ocrx_word' id='word_1_198' title='bbox 844 1606 972 1663; x_wconf 80' lang='grc' dir='ltr'><em>ἔφης,</em></span> <span class='ocrx_word' id='word_1_199' title='bbox 1011 1604 1085 1648; x_wconf 76' lang='grc' dir='ltr'><em>καὶ</em></span> <span class='ocrx_word' id='word_1_200' title='bbox 1108 1604 1318 1661; x_wconf 72' lang='grc' dir='ltr'><em>προσηνὴς</em></span> <span class='ocrx_word' id='word_1_201' title='bbox 1344 1609 1420 1647; x_wconf 83' lang='grc' dir='ltr'><em>καί</em></span> <span class='ocrx_word' id='word_1_202' title='bbox 1445 1605 1545 1660; x_wconf 75' lang='grc' dir='ltr'><em>περὶ</em></span> 
     </span>
     <span class='ocr_line' id='line_1_23' title="bbox 90 1670 1540 1729; baseline 0 -16"><span class='ocrx_word' id='word_1_203' title='bbox 90 1673 252 1726; x_wconf 83' lang='grc' dir='ltr'><em>μηδένα</em></span> <span class='ocrx_word' id='word_1_204' title='bbox 280 1670 432 1721; x_wconf 74' lang='grc' dir='ltr'><em>ἐκεῖνος</em></span> <span class='ocrx_word' id='word_1_205' title='bbox 457 1671 583 1723; x_wconf 85' lang='grc' dir='ltr'><em>κακὸς</em></span> <span class='ocrx_word' id='word_1_206' title='bbox 612 1673 784 1729; x_wconf 77' lang='grc' dir='ltr'><em>ὀφθείς·</em></span> <span class='ocrx_word' id='word_1_207' title='bbox 815 1673 908 1714; x_wconf 75' lang='grc' dir='ltr'><em>ἀλλ’</em></span> <span class='ocrx_word' id='word_1_208' title='bbox 936 1674 983 1714; x_wconf 80' lang='grc' dir='ltr'><em>ἐκ</em></span> <span class='ocrx_word' id='word_1_209' title='bbox 1006 1673 1165 1714; x_wconf 84' lang='grc' dir='ltr'><em>πολλοῦ</em></span> <span class='ocrx_word' id='word_1_210' title='bbox 1181 1674 1257 1713; x_wconf 82' lang='grc' dir='ltr'><em>τοῦ</em></span> <span class='ocrx_word' id='word_1_211' title='bbox 1281 1671 1439 1727; x_wconf 79' lang='grc' dir='ltr'><em>χρόνον</em></span> <span class='ocrx_word' id='word_1_212' title='bbox 1466 1670 1540 1713; x_wconf 79' lang='grc' dir='ltr'><em>δύ-</em></span> 
     </span>
     <span class='ocr_line' id='line_1_24' title="bbox 90 1735 1538 1794; baseline -0.001 -15"><span class='ocrx_word' id='word_1_213' title='bbox 90 1753 216 1790; x_wconf 84' lang='grc' dir='ltr'><em>ναμιν</em></span> <span class='ocrx_word' id='word_1_214' title='bbox 241 1735 424 1793; x_wconf 81' lang='grc' dir='ltr'><em>μεγάλην</em></span> <span class='ocrx_word' id='word_1_215' title='bbox 450 1741 796 1794; x_wconf 81' lang='grc' dir='ltr'><em>περιβεβλημένον</em></span> <span class='ocrx_word' id='word_1_216' title='bbox 815 1739 964 1787; x_wconf 84' lang='grc' dir='ltr'><em>πάντες</em></span> <span class='ocrx_word' id='word_1_217' title='bbox 991 1738 1275 1793; x_wconf 79' lang='grc' dir='ltr'><em>ἐθεράπευον,</em></span> <span class='ocrx_word' id='word_1_218' title='bbox 1297 1739 1371 1778; x_wconf 82' lang='grc' dir='ltr'>καί</span> <span class='ocrx_word' id='word_1_219' title='bbox 1396 1736 1538 1786; x_wconf 72' lang='grc' dir='ltr'><em>οὐδεὶς</em></span> 
     </span>
     <span class='ocr_line' id='line_1_25' title="bbox 91 1799 1578 1859; baseline 0.001 -15"><span class='ocrx_word' id='word_1_220' title='bbox 91 1799 194 1859; x_wconf 69' lang='grc' dir='ltr'><em>ἄχρι</em></span> <span class='ocrx_word' id='word_1_221' title='bbox 227 1806 303 1846; x_wconf 80' lang='grc' dir='ltr'><em>νῦν</em></span> <span class='ocrx_word' id='word_1_222' title='bbox 312 1838 326 1858; x_wconf 86' lang='lat'>‚</span> <span class='ocrx_word' id='word_1_223' title='bbox 355 1806 438 1859; x_wconf 73' lang='grc' dir='ltr'><em>οὐχ</em></span> <span class='ocrx_word' id='word_1_224' title='bbox 466 1801 531 1846; x_wconf 80' lang='grc' dir='ltr'><em>ὅτι</em></span> <span class='ocrx_word' id='word_1_225' title='bbox 562 1805 797 1858; x_wconf 87' lang='grc' dir='ltr'><em>α’ντειπεῖν,</em></span> <span class='ocrx_word' id='word_1_226' title='bbox 837 1805 931 1846; x_wconf 74' lang='grc' dir='ltr'><em>ἀλλ’</em></span> <span class='ocrx_word' id='word_1_227' title='bbox 960 1802 1052 1845; x_wconf 69' lang='grc' dir='ltr'><em>οὔδ’</em></span> <span class='ocrx_word' id='word_1_228' title='bbox 1081 1803 1337 1857; x_wconf 73' lang='grc' dir='ltr'><em>ἀντιβλέψαι</em></span> <span class='ocrx_word' id='word_1_229' title='bbox 1375 1803 1578 1846; x_wconf 74' lang='grc' dir='ltr'><em>πώποτεί)</em></span> 
     </span>
    </p>
   </div>
   <div class='ocr_carea' id='block_1_3' title="bbox 189 1925 1318 1976">
    <p class='ocr_par' dir='ltr' id='par_1_3' title="bbox 189 1925 1318 1976">
     <span class='ocr_line' id='line_1_26' title="bbox 189 1925 1318 1976; baseline -0.003 -14"><span class='ocrx_word' id='word_1_230' title='bbox 189 1925 320 1965; x_wconf 83' lang='grc' dir='ltr'><em>ιι.τάς</em></span> <span class='ocrx_word' id='word_1_231' title='bbox 341 1937 411 1963; x_wconf 87' lang='lat' dir='ltr'><em>om.</em></span> <span class='ocrx_word' id='word_1_232' title='bbox 436 1928 470 1963; x_wconf 88' lang='lat' dir='ltr'><em>P.</em></span> <span class='ocrx_word' id='word_1_233' title='bbox 571 1930 622 1964; x_wconf 79' lang='lat'><em>18.</em></span> <span class='ocrx_word' id='word_1_234' title='bbox 648 1927 838 1976; x_wconf 71' lang='grc' dir='ltr'><em>ὑπεκρίνω</em></span> <span class='ocrx_word' id='word_1_235' title='bbox 865 1927 898 1961; x_wconf 86' lang='lat' dir='ltr'><em>P.</em></span> <span class='ocrx_word' id='word_1_236' title='bbox 997 1939 1051 1962; x_wconf 74' lang='lat'><em>22.</em></span> <span class='ocrx_word' id='word_1_237' title='bbox 1078 1926 1146 1961; x_wconf 81' lang='grc' dir='ltr'><em>τοῦ</em></span> <span class='ocrx_word' id='word_1_238' title='bbox 1172 1938 1241 1961; x_wconf 90' lang='lat' dir='ltr'><em>om.</em></span> <span class='ocrx_word' id='word_1_239' title='bbox 1270 1926 1318 1960; x_wconf 82' lang='lat' dir='ltr'><em>M.</em></span> 
     </span>
    </p>
   </div>
   <div class='ocr_carea' id='block_1_4' title="bbox 90 2032 1542 2837">
    <p class='ocr_par' dir='ltr' id='par_1_4' title="bbox 90 2032 1542 2837">
     <span class='ocr_line' id='line_1_27' title="bbox 91 2032 1539 2091; baseline -0.002 -13"><span class='ocrx_word' id='word_1_240' title='bbox 91 2046 165 2084; x_wconf 68' lang='lat' dir='ltr'><strong>vita</strong></span> <span class='ocrx_word' id='word_1_241' title='bbox 189 2044 267 2089; x_wconf 74' lang='lat' dir='ltr'><strong>ipsa</strong></span> <span class='ocrx_word' id='word_1_242' title='bbox 299 2045 377 2079; x_wconf 83' lang='lat' dir='ltr'><strong>fore</strong></span> <span class='ocrx_word' id='word_1_243' title='bbox 401 2032 617 2089; x_wconf 81' lang='lat' dir='ltr'><strong>periculum&#39;.</strong></span> <span class='ocrx_word' id='word_1_244' title='bbox 666 2044 790 2090; x_wconf 82' lang='lat' dir='ltr'><strong>Quare</strong></span> <span class='ocrx_word' id='word_1_245' title='bbox 823 2055 916 2091; x_wconf 88' lang='lat' dir='ltr'><strong>quae</strong></span> <span class='ocrx_word' id='word_1_246' title='bbox 952 2044 1179 2089; x_wconf 83' lang='lat' dir='ltr'><strong>cognoverit,</strong></span> <span class='ocrx_word' id='word_1_247' title='bbox 1219 2053 1257 2075; x_wconf 90' lang='lat' dir='ltr'><em>se</em></span> <span class='ocrx_word' id='word_1_248' title='bbox 1281 2042 1451 2076; x_wconf 85' lang='lat' dir='ltr'><strong>nuntiare</strong></span> <span class='ocrx_word' id='word_1_249' title='bbox 1479 2046 1539 2084; x_wconf 89' lang='lat' dir='ltr'><em>et,</em></span> 
     </span>
     <span class='ocr_line' id='line_1_28' title="bbox 91 2089 1541 2133; baseline -0.001 -9"><span class='ocrx_word' id='word_1_250' title='bbox 91 2093 123 2124; x_wconf 88' lang='lat' dir='ltr'><strong>si</strong></span> <span class='ocrx_word' id='word_1_251' title='bbox 147 2092 259 2133; x_wconf 85' lang='lat' dir='ltr'><strong>velit,</strong></span> <span class='ocrx_word' id='word_1_252' title='bbox 282 2092 352 2125; x_wconf 87' lang='lat' dir='ltr'><strong>iter</strong></span> <span class='ocrx_word' id='word_1_253' title='bbox 376 2092 502 2125; x_wconf 83' lang='lat' dir='ltr'><strong>salutis</strong></span> <span class='ocrx_word' id='word_1_254' title='bbox 529 2096 824 2126; x_wconf 82' lang='lat' dir='ltr'><strong>monstraturum.</strong></span> <span class='ocrx_word' id='word_1_255' title='bbox 874 2090 1058 2124; x_wconf 85' lang='lat' dir='ltr'><strong>Chumnus</strong></span> <span class='ocrx_word' id='word_1_256' title='bbox 1086 2089 1154 2123; x_wconf 81' lang='lat' dir='ltr'><em>hac</em></span> <span class='ocrx_word' id='word_1_257' title='bbox 1179 2090 1344 2123; x_wconf 82' lang='lat' dir='ltr'><strong>oratione</strong></span> <span class='ocrx_word' id='word_1_258' title='bbox 1366 2089 1541 2123; x_wconf 87' lang='lat' dir='ltr'><strong>maiorem</strong></span> 
     </span>
     <span class='ocr_line' id='line_1_29' title="bbox 91 2135 1542 2181; baseline 0 -11"><span class='ocrx_word' id='word_1_259' title='bbox 91 2139 131 2170; x_wconf 86' lang='lat' dir='ltr'><em>in</em></span> <span class='ocrx_word' id='word_1_260' title='bbox 156 2138 301 2171; x_wconf 83' lang='lat' dir='ltr'><strong>modum</strong></span> <span class='ocrx_word' id='word_1_261' title='bbox 326 2139 585 2179; x_wconf 82' lang='lat' dir='ltr'><strong>conturbatus,</strong></span> <span class='ocrx_word' id='word_1_262' title='bbox 616 2139 738 2172; x_wconf 86' lang='lat' dir='ltr'><strong>mirari</strong></span> <span class='ocrx_word' id='word_1_263' title='bbox 765 2149 804 2172; x_wconf 88' lang='lat' dir='ltr'><em>se</em></span> <span class='ocrx_word' id='word_1_264' title='bbox 838 2137 958 2178; x_wconf 71' lang='lat' dir='ltr'><strong>dixit,</strong></span> <span class='ocrx_word' id='word_1_265' title='bbox 994 2138 1025 2170; x_wconf 87' lang='lat' dir='ltr'><strong>si</strong></span> <span class='ocrx_word' id='word_1_266' title='bbox 1052 2147 1201 2181; x_wconf 84' lang='lat' dir='ltr'><strong>magnus</strong></span> <span class='ocrx_word' id='word_1_267' title='bbox 1239 2135 1457 2169; x_wconf 74' lang='lat' dir='ltr'><strong>domesticus</strong></span> <span class='ocrx_word' id='word_1_268' title='bbox 1487 2136 1542 2170; x_wconf 79' lang='lat' dir='ltr'><em>ita</em></span> 
     </span>
     <span class='ocr_line' id='line_1_30' title="bbox 90 2181 1542 2230; baseline -0.001 -12"><span class='ocrx_word' id='word_1_269' title='bbox 90 2187 287 2228; x_wconf 84' lang='lat' dir='ltr'><strong>improviso</strong></span> <span class='ocrx_word' id='word_1_270' title='bbox 313 2186 521 2230; x_wconf 83' lang='lat' dir='ltr'><strong>integritate</strong></span> <span class='ocrx_word' id='word_1_271' title='bbox 546 2196 686 2219; x_wconf 87' lang='lat' dir='ltr'><strong>morum</strong></span> <span class='ocrx_word' id='word_1_272' title='bbox 710 2187 902 2219; x_wconf 86' lang='lat' dir='ltr'><strong>immutata</strong></span> <span class='ocrx_word' id='word_1_273' title='bbox 918 2209 928 2226; x_wconf 92' lang='lat'>‚</span> <span class='ocrx_word' id='word_1_274' title='bbox 958 2194 1025 2230; x_wconf 83' lang='lat' dir='ltr'><em>pro</em></span> <span class='ocrx_word' id='word_1_275' title='bbox 1050 2183 1237 2216; x_wconf 84' lang='lat' dir='ltr'><strong>moderato</strong></span> <span class='ocrx_word' id='word_1_276' title='bbox 1264 2187 1301 2216; x_wconf 89' lang='lat' dir='ltr'><em>et</em></span> <span class='ocrx_word' id='word_1_277' title='bbox 1333 2182 1414 2215; x_wconf 77' lang='lat' dir='ltr'><strong>miti</strong></span> <span class='ocrx_word' id='word_1_278' title='bbox 1447 2181 1542 2216; x_wconf 86' lang='lat' dir='ltr'><strong>adeo</strong></span> 
     </span>
     <span class='ocr_line' id='line_1_31' title="bbox 92 2229 1540 2277; baseline -0.001 -14"><span class='ocrx_word' id='word_1_279' title='bbox 92 2231 319 2276; x_wconf 78' lang='lat' dir='ltr'>implacabili</span> <span class='ocrx_word' id='word_1_280' title='bbox 350 2233 403 2267; x_wconf 80' lang='lat' dir='ltr'><em>ira</em></span> <span class='ocrx_word' id='word_1_281' title='bbox 423 2233 580 2276; x_wconf 83' lang='lat' dir='ltr'><strong>percitus</strong></span> <span class='ocrx_word' id='word_1_282' title='bbox 605 2239 643 2266; x_wconf 86' lang='lat' dir='ltr'><em>et</em></span> <span class='ocrx_word' id='word_1_283' title='bbox 667 2233 736 2273; x_wconf 88' lang='lat' dir='ltr'><strong>iis,</strong></span> <span class='ocrx_word' id='word_1_284' title='bbox 764 2232 829 2277; x_wconf 86' lang='lat' dir='ltr'><em>qui</em></span> <span class='ocrx_word' id='word_1_285' title='bbox 853 2231 951 2276; x_wconf 87' lang='lat' dir='ltr'><strong>apud</strong></span> <span class='ocrx_word' id='word_1_286' title='bbox 975 2241 1014 2264; x_wconf 90' lang='lat' dir='ltr'><em>se</em></span> <span class='ocrx_word' id='word_1_287' title='bbox 1039 2229 1277 2263; x_wconf 83' lang='lat' dir='ltr'><strong>offendissent</strong></span> <span class='ocrx_word' id='word_1_288' title='bbox 1292 2254 1303 2270; x_wconf 95' lang='lat'>,</span> <span class='ocrx_word' id='word_1_289' title='bbox 1341 2234 1415 2261; x_wconf 85' lang='lat' dir='ltr'><strong>tam</strong></span> <span class='ocrx_word' id='word_1_290' title='bbox 1440 2240 1540 2262; x_wconf 81' lang='lat' dir='ltr'><strong>acer—</strong></span> 
     </span>
     <span class='ocr_line' id='line_1_32' title="bbox 93 2276 1540 2323; baseline 0.001 -14"><span class='ocrx_word' id='word_1_291' title='bbox 93 2277 162 2310; x_wconf 84' lang='lat' dir='ltr'><strong>bus</strong></span> <span class='ocrx_word' id='word_1_292' title='bbox 187 2283 296 2323; x_wconf 87' lang='lat' dir='ltr'><strong>atque</strong></span> <span class='ocrx_word' id='word_1_293' title='bbox 321 2279 367 2312; x_wconf 85' lang='lat' dir='ltr'><em>ad</em></span> <span class='ocrx_word' id='word_1_294' title='bbox 389 2280 491 2323; x_wconf 86' lang='lat' dir='ltr'><strong>paria</strong></span> <span class='ocrx_word' id='word_1_295' title='bbox 517 2279 734 2314; x_wconf 86' lang='lat' dir='ltr'><strong>remittenda</strong></span> <span class='ocrx_word' id='word_1_296' title='bbox 761 2283 833 2312; x_wconf 87' lang='lat' dir='ltr'><strong>tam</strong></span> <span class='ocrx_word' id='word_1_297' title='bbox 858 2282 1049 2323; x_wconf 88' lang='lat' dir='ltr'><strong>promptus</strong></span> <span class='ocrx_word' id='word_1_298' title='bbox 1083 2282 1293 2321; x_wconf 75' lang='lat' dir='ltr'>appareret:</span> <span class='ocrx_word' id='word_1_299' title='bbox 1328 2286 1403 2309; x_wconf 86' lang='lat' dir='ltr'><em>non</em></span> <span class='ocrx_word' id='word_1_300' title='bbox 1428 2276 1540 2310; x_wconf 88' lang='lat' dir='ltr'><strong>fuisse</strong></span> 
     </span>
     <span class='ocr_line' id='line_1_33' title="bbox 93 2323 1538 2371; baseline -0.001 -15"><span class='ocrx_word' id='word_1_301' title='bbox 93 2324 248 2365; x_wconf 77' lang='lat' dir='ltr'><strong>antehac</strong></span> <span class='ocrx_word' id='word_1_302' title='bbox 271 2325 343 2359; x_wconf 81' lang='lat' dir='ltr'><strong>tale</strong></span> <span class='ocrx_word' id='word_1_303' title='bbox 375 2327 488 2370; x_wconf 83' lang='lat' dir='ltr'><strong>ipsius</strong></span> <span class='ocrx_word' id='word_1_304' title='bbox 519 2326 717 2371; x_wconf 81' lang='lat' dir='ltr'><strong>ingenium.</strong></span> <span class='ocrx_word' id='word_1_305' title='bbox 764 2325 939 2370; x_wconf 85' lang='lat' dir='ltr'><strong>Quamvis</strong></span> <span class='ocrx_word' id='word_1_306' title='bbox 964 2324 1061 2357; x_wconf 91' lang='lat' dir='ltr'><strong>enim</strong></span> <span class='ocrx_word' id='word_1_307' title='bbox 1086 2324 1190 2356; x_wconf 83' lang='lat' dir='ltr'><strong>multi</strong></span> <span class='ocrx_word' id='word_1_308' title='bbox 1217 2326 1254 2354; x_wconf 87' lang='lat' dir='ltr'><em>et</em></span> <span class='ocrx_word' id='word_1_309' title='bbox 1277 2323 1432 2367; x_wconf 81' lang='lat' dir='ltr'><strong>graviter</strong></span> <span class='ocrx_word' id='word_1_310' title='bbox 1455 2333 1538 2356; x_wconf 88' lang='lat' dir='ltr'><em>eum</em></span> 
     </span>
     <span class='ocr_line' id='line_1_34' title="bbox 93 2367 1539 2416; baseline -0.001 -13"><span class='ocrx_word' id='word_1_311' title='bbox 93 2371 310 2412; x_wconf 68' lang='lat' dir='ltr'><strong>laesissent,</strong></span> <span class='ocrx_word' id='word_1_312' title='bbox 347 2377 510 2406; x_wconf 81' lang='lat' dir='ltr'><strong>constare</strong></span> <span class='ocrx_word' id='word_1_313' title='bbox 533 2377 679 2412; x_wconf 82' lang='lat' dir='ltr'><strong>tamen,</strong></span> <span class='ocrx_word' id='word_1_314' title='bbox 717 2373 757 2406; x_wconf 91' lang='lat' dir='ltr'><em>in</em></span> <span class='ocrx_word' id='word_1_315' title='bbox 792 2372 935 2405; x_wconf 89' lang='lat' dir='ltr'><strong>nullum</strong></span> <span class='ocrx_word' id='word_1_316' title='bbox 967 2380 1127 2416; x_wconf 88' lang='lat' dir='ltr'><strong>unquam</strong></span> <span class='ocrx_word' id='word_1_317' title='bbox 1162 2367 1376 2403; x_wconf 84' lang='lat' dir='ltr'><strong>vindicasse.</strong></span> <span class='ocrx_word' id='word_1_318' title='bbox 1424 2370 1466 2403; x_wconf 85' lang='lat' dir='ltr'><em>In</em></span> <span class='ocrx_word' id='word_1_319' title='bbox 1499 2379 1539 2402; x_wconf 82' lang='lat' dir='ltr'><em>se</em></span> 
     </span>
     <span class='ocr_line' id='line_1_35' title="bbox 92 2415 1542 2463; baseline -0.001 -14"><span class='ocrx_word' id='word_1_320' title='bbox 92 2427 178 2450; x_wconf 80' lang='lat' dir='ltr'><strong>vero</strong></span> <span class='ocrx_word' id='word_1_321' title='bbox 216 2422 363 2462; x_wconf 84' lang='lat' dir='ltr'><strong>propter</strong></span> <span class='ocrx_word' id='word_1_322' title='bbox 397 2419 546 2453; x_wconf 86' lang='lat' dir='ltr'><strong>verbum</strong></span> <span class='ocrx_word' id='word_1_323' title='bbox 584 2418 677 2452; x_wconf 85' lang='lat' dir='ltr'><strong>illud</strong></span> <span class='ocrx_word' id='word_1_324' title='bbox 705 2430 782 2453; x_wconf 90' lang='lat' dir='ltr'><em>non</em></span> <span class='ocrx_word' id='word_1_325' title='bbox 822 2423 1016 2463; x_wconf 84' lang='lat' dir='ltr'><strong>tantopere</strong></span> <span class='ocrx_word' id='word_1_326' title='bbox 1052 2421 1302 2461; x_wconf 82' lang='lat' dir='ltr'><strong>exasperatum</strong></span> <span class='ocrx_word' id='word_1_327' title='bbox 1333 2415 1468 2456; x_wconf 84' lang='lat' dir='ltr'><strong>fuisse,</strong></span> <span class='ocrx_word' id='word_1_328' title='bbox 1502 2420 1542 2448; x_wconf 85' lang='lat' dir='ltr'><em>et</em></span> 
     </span>
     <span class='ocr_line' id='line_1_36' title="bbox 93 2461 1538 2511; baseline 0 -16"><span class='ocrx_word' id='word_1_329' title='bbox 93 2465 204 2508; x_wconf 73' lang='lat' dir='ltr'><strong>paulo</strong></span> <span class='ocrx_word' id='word_1_330' title='bbox 232 2470 313 2508; x_wconf 82' lang='lat' dir='ltr'><strong>post</strong></span> <span class='ocrx_word' id='word_1_331' title='bbox 336 2466 386 2498; x_wconf 78' lang='lat' dir='ltr'><em>sle</em></span> <span class='ocrx_word' id='word_1_332' title='bbox 413 2466 502 2498; x_wconf 81' lang='lat' dir='ltr'><strong>iram</strong></span> <span class='ocrx_word' id='word_1_333' title='bbox 530 2476 673 2499; x_wconf 90' lang='lat' dir='ltr'><strong>omnem</strong></span> <span class='ocrx_word' id='word_1_334' title='bbox 699 2466 936 2511; x_wconf 79' lang='lat' dir='ltr'><strong>deposuisse,</strong></span> <span class='ocrx_word' id='word_1_335' title='bbox 985 2469 1028 2497; x_wconf 88' lang='lat' dir='ltr'><strong>ut</strong></span> <span class='ocrx_word' id='word_1_336' title='bbox 1050 2463 1146 2497; x_wconf 84' lang='lat' dir='ltr'>nihil</span> <span class='ocrx_word' id='word_1_337' title='bbox 1175 2461 1318 2495; x_wconf 82' lang='lat' dir='ltr'><strong>audisse</strong></span> <span class='ocrx_word' id='word_1_338' title='bbox 1342 2461 1538 2496; x_wconf 83' lang='lat' dir='ltr'><strong>videretur.</strong></span> 
     </span>
     <span class='ocr_line' id='line_1_37' title="bbox 94 2509 1541 2558; baseline -0.001 -15"><span class='ocrx_word' id='word_1_339' title='bbox 94 2511 187 2544; x_wconf 88' lang='lat' dir='ltr'><em>Tum</em></span> <span class='ocrx_word' id='word_1_340' title='bbox 203 2511 450 2555; x_wconf 83' lang='lat' dir='ltr'><strong>Apocauchus,</strong></span> <span class='ocrx_word' id='word_1_341' title='bbox 475 2512 514 2545; x_wconf 86' lang='lat' dir='ltr'><em>Si</em></span> <span class='ocrx_word' id='word_1_342' title='bbox 538 2512 685 2558; x_wconf 87' lang='lat' dir='ltr'><strong>quidem</strong></span> <span class='ocrx_word' id='word_1_343' title='bbox 710 2511 820 2546; x_wconf 78' lang='lat' dir='ltr'><strong>verba</strong></span> <span class='ocrx_word' id='word_1_344' title='bbox 843 2522 939 2552; x_wconf 83' lang='lat' dir='ltr'><strong>mea,</strong></span> <span class='ocrx_word' id='word_1_345' title='bbox 967 2510 1102 2556; x_wconf 84' lang='lat' dir='ltr'><strong>inquit,</strong></span> <span class='ocrx_word' id='word_1_346' title='bbox 1132 2509 1233 2555; x_wconf 79' lang='lat' dir='ltr'><strong>quasi</strong></span> <span class='ocrx_word' id='word_1_347' title='bbox 1257 2509 1448 2550; x_wconf 80' lang='lat' dir='ltr'><strong>tentantis,</strong></span> <span class='ocrx_word' id='word_1_348' title='bbox 1478 2519 1541 2541; x_wconf 89' lang='lat' dir='ltr'><strong>su-</strong></span> 
     </span>
     <span class='ocr_line' id='line_1_38' title="bbox 95 2554 1542 2602; baseline -0.002 -13"><span class='ocrx_word' id='word_1_349' title='bbox 95 2562 217 2602; x_wconf 86' lang='lat' dir='ltr'><strong>specta</strong></span> <span class='ocrx_word' id='word_1_350' title='bbox 245 2557 357 2593; x_wconf 75' lang='lat' dir='ltr'><strong>habes</strong></span> <span class='ocrx_word' id='word_1_351' title='bbox 382 2564 418 2591; x_wconf 92' lang='lat' dir='ltr'><em>et</em></span> <span class='ocrx_word' id='word_1_352' title='bbox 441 2564 623 2599; x_wconf 84' lang='lat' dir='ltr'><strong>metuens,</strong></span> <span class='ocrx_word' id='word_1_353' title='bbox 661 2569 708 2592; x_wconf 92' lang='lat' dir='ltr'><em>ne</em></span> <span class='ocrx_word' id='word_1_354' title='bbox 736 2559 840 2592; x_wconf 84' lang='lat' dir='ltr'><strong>illum</strong></span> <span class='ocrx_word' id='word_1_355' title='bbox 865 2558 987 2592; x_wconf 80' lang='lat' dir='ltr'><strong>denuo</strong></span> <span class='ocrx_word' id='word_1_356' title='bbox 1017 2555 1195 2595; x_wconf 83' lang='lat' dir='ltr'><strong>offendas,</strong></span> <span class='ocrx_word' id='word_1_357' title='bbox 1225 2555 1278 2589; x_wconf 83' lang='lat' dir='ltr'><strong>sic</strong></span> <span class='ocrx_word' id='word_1_358' title='bbox 1302 2554 1542 2600; x_wconf 84' lang='lat' dir='ltr'><strong>respondisti,</strong></span> 
     </span>
     <span class='ocr_line' id='line_1_39' title="bbox 95 2601 1541 2651; baseline -0.003 -13"><span class='ocrx_word' id='word_1_359' title='bbox 95 2604 167 2636; x_wconf 78' lang='lat' dir='ltr'><strong>alia</strong></span> <span class='ocrx_word' id='word_1_360' title='bbox 201 2605 292 2638; x_wconf 83' lang='lat' dir='ltr'><strong>tatio</strong></span> <span class='ocrx_word' id='word_1_361' title='bbox 320 2609 392 2637; x_wconf 86' lang='lat' dir='ltr'><strong>est:</strong></span> <span class='ocrx_word' id='word_1_362' title='bbox 415 2604 492 2645; x_wconf 81' lang='lat' dir='ltr'><strong>sin,</strong></span> <span class='ocrx_word' id='word_1_363' title='bbox 517 2604 615 2651; x_wconf 87' lang='lat' dir='ltr'><strong>quod</strong></span> <span class='ocrx_word' id='word_1_364' title='bbox 638 2606 843 2646; x_wconf 83' lang='lat' dir='ltr'><strong>existimes,</strong></span> <span class='ocrx_word' id='word_1_365' title='bbox 875 2616 949 2638; x_wconf 87' lang='lat' dir='ltr'><em>rem</em></span> <span class='ocrx_word' id='word_1_366' title='bbox 978 2605 1029 2636; x_wconf 84' lang='lat' dir='ltr'><em>ita</em></span> <span class='ocrx_word' id='word_1_367' title='bbox 1054 2614 1091 2636; x_wconf 82' lang='lat' dir='ltr'><em>se</em></span> <span class='ocrx_word' id='word_1_368' title='bbox 1114 2601 1270 2643; x_wconf 87' lang='lat' dir='ltr'><strong>habere,</strong></span> <span class='ocrx_word' id='word_1_369' title='bbox 1305 2603 1396 2636; x_wconf 88' lang='lat' dir='ltr'><strong>scias</strong></span> <span class='ocrx_word' id='word_1_370' title='bbox 1429 2601 1541 2635; x_wconf 85' lang='lat' dir='ltr'><strong>velim</strong></span> 
     </span>
     <span class='ocr_line' id='line_1_40' title="bbox 96 2648 1541 2695; baseline -0.002 -11"><span class='ocrx_word' id='word_1_371' title='bbox 96 2656 134 2687; x_wconf 84' lang='lat' dir='ltr'><em>te</em></span> <span class='ocrx_word' id='word_1_372' title='bbox 165 2650 243 2683; x_wconf 81' lang='lat' dir='ltr'><em>faui</em></span> <span class='ocrx_word' id='word_1_373' title='bbox 268 2662 505 2695; x_wconf 81' lang='lat' dir='ltr'><strong>summopere.</strong></span> <span class='ocrx_word' id='word_1_374' title='bbox 552 2651 635 2686; x_wconf 90' lang='lat' dir='ltr'><em>Non</em></span> <span class='ocrx_word' id='word_1_375' title='bbox 667 2652 763 2686; x_wconf 89' lang='lat' dir='ltr'><strong>enim</strong></span> <span class='ocrx_word' id='word_1_376' title='bbox 801 2652 899 2685; x_wconf 89' lang='lat' dir='ltr'><strong>mitis</strong></span> <span class='ocrx_word' id='word_1_377' title='bbox 925 2650 992 2684; x_wconf 86' lang='lat' dir='ltr'><strong>ille</strong></span> <span class='ocrx_word' id='word_1_378' title='bbox 1015 2661 1056 2683; x_wconf 90' lang='lat' dir='ltr'><em>ac</em></span> <span class='ocrx_word' id='word_1_379' title='bbox 1086 2648 1274 2694; x_wconf 79' lang='lat' dir='ltr'><strong>placidus,</strong></span> <span class='ocrx_word' id='word_1_380' title='bbox 1307 2654 1348 2681; x_wconf 90' lang='lat' dir='ltr'><strong>ut</strong></span> <span class='ocrx_word' id='word_1_381' title='bbox 1373 2648 1541 2688; x_wconf 88' lang='lat' dir='ltr'><strong>dicebas,</strong></span> 
     </span>
     <span class='ocr_line' id='line_1_41' title="bbox 98 2697 1541 2745; baseline -0.002 -15"><span class='ocrx_word' id='word_1_382' title='bbox 98 2698 342 2743; x_wconf 65' lang='lat' dir='ltr'><strong>molestiisque</strong></span> <span class='ocrx_word' id='word_1_383' title='bbox 375 2697 533 2731; x_wconf 87' lang='lat' dir='ltr'><strong>nemini:</strong></span> <span class='ocrx_word' id='word_1_384' title='bbox 568 2698 631 2731; x_wconf 89' lang='lat' dir='ltr'><em>sed</em></span> <span class='ocrx_word' id='word_1_385' title='bbox 654 2699 741 2745; x_wconf 87' lang='lat' dir='ltr'><strong>quia</strong></span> <span class='ocrx_word' id='word_1_386' title='bbox 766 2699 836 2731; x_wconf 88' lang='lat' dir='ltr'><em>iam</em></span> <span class='ocrx_word' id='word_1_387' title='bbox 862 2698 1004 2743; x_wconf 87' lang='lat' dir='ltr'><strong>pridem</strong></span> <span class='ocrx_word' id='word_1_388' title='bbox 1035 2700 1304 2741; x_wconf 83' lang='lat' dir='ltr'><strong>praepotentem</strong></span> <span class='ocrx_word' id='word_1_389' title='bbox 1331 2706 1456 2729; x_wconf 88' lang='lat' dir='ltr'><strong>omnes</strong></span> <span class='ocrx_word' id='word_1_390' title='bbox 1480 2706 1541 2728; x_wconf 89' lang='lat' dir='ltr'><em>co-</em></span> 
     </span>
     <span class='ocr_line' id='line_1_42' title="bbox 98 2741 1542 2790; baseline -0.001 -16"><span class='ocrx_word' id='word_1_391' title='bbox 98 2742 180 2776; x_wconf 88' lang='lat' dir='ltr'><strong>lunt</strong></span> <span class='ocrx_word' id='word_1_392' title='bbox 208 2755 249 2776; x_wconf 89' lang='lat' dir='ltr'><em>ac</em></span> <span class='ocrx_word' id='word_1_393' title='bbox 266 2745 487 2788; x_wconf 78' lang='lat' dir='ltr'><strong>suspiciunt,</strong></span> <span class='ocrx_word' id='word_1_394' title='bbox 512 2744 697 2790; x_wconf 81' lang='lat' dir='ltr'><strong>hucusque</strong></span> <span class='ocrx_word' id='word_1_395' title='bbox 720 2756 824 2778; x_wconf 88' lang='lat' dir='ltr'><strong>nemo</strong></span> <span class='ocrx_word' id='word_1_396' title='bbox 839 2771 849 2785; x_wconf 91' lang='lat'><strong><em>‚</em></strong></span> <span class='ocrx_word' id='word_1_397' title='bbox 877 2756 949 2777; x_wconf 90' lang='lat' dir='ltr'><em>non</em></span> <span class='ocrx_word' id='word_1_398' title='bbox 971 2741 1102 2783; x_wconf 78' lang='lat' dir='ltr'><strong>dicam,</strong></span> <span class='ocrx_word' id='word_1_399' title='bbox 1131 2741 1241 2776; x_wconf 83' lang='lat' dir='ltr'><strong>verbo</strong></span> <span class='ocrx_word' id='word_1_400' title='bbox 1266 2744 1455 2782; x_wconf 79' lang='lat' dir='ltr'><strong>resistere,</strong></span> <span class='ocrx_word' id='word_1_401' title='bbox 1479 2741 1542 2774; x_wconf 87' lang='lat' dir='ltr'><em>sed</em></span> 
     </span>
     <span class='ocr_line' id='line_1_43' title="bbox 98 2788 1541 2837; baseline -0.001 -14"><span class='ocrx_word' id='word_1_402' title='bbox 98 2796 145 2837; x_wconf 75' lang='lat' dir='ltr'><strong>n&#39;e</strong></span> <span class='ocrx_word' id='word_1_403' title='bbox 169 2791 306 2829; x_wconf 70' lang='lat' dir='ltr'><strong>vultum</strong></span> <span class='ocrx_word' id='word_1_404' title='bbox 333 2790 479 2837; x_wconf 77' lang='lat' dir='ltr'><strong>quidem</strong></span> <span class='ocrx_word' id='word_1_405' title='bbox 504 2792 581 2829; x_wconf 81' lang='lat' dir='ltr'><strong>eius</strong></span> <span class='ocrx_word' id='word_1_406' title='bbox 614 2792 731 2828; x_wconf 83' lang='lat' dir='ltr'><strong>libere</strong></span> <span class='ocrx_word' id='word_1_407' title='bbox 766 2791 899 2827; x_wconf 79' lang='lat' dir='ltr'><strong>intueri</strong></span> <span class='ocrx_word' id='word_1_408' title='bbox 924 2800 1034 2833; x_wconf 72' lang='lat' dir='ltr'><strong>ausus</strong></span> <span class='ocrx_word' id='word_1_409' title='bbox 1061 2794 1138 2831; x_wconf 84' lang='lat' dir='ltr'><strong>est,</strong></span> <span class='ocrx_word' id='word_1_410' title='bbox 1171 2789 1248 2834; x_wconf 75' lang='lat' dir='ltr'><strong>ipse</strong></span> <span class='ocrx_word' id='word_1_411' title='bbox 1273 2788 1430 2825; x_wconf 85' lang='lat' dir='ltr'><strong>vicissim</strong></span> <span class='ocrx_word' id='word_1_412' title='bbox 1455 2798 1541 2833; x_wconf 76' lang='lat' dir='ltr'><strong>prae</strong></span> 
     </span>
    </p>
   </div>
  </div>
 </body>
</html>
