1800 3138
268 149 376 207 288
773 147 1157 214 'CANTACUZENI

71 275 155 312 ΑΒ.
172 268 336 321 1342102
353 273 440 316 τοῖς
469 261 607 317 ἄλλοις
625 268 770 323 δήμοις
797 271 926 327 δρῷεν
953 270 1028 312 καί
1053 273 1342 327 διαφθείροιεν
1367 273 1464 322 τοὺς
1484 274 1704 331 δυνατούς,

232 337 350 376 (Ζτῶν
380 332 599 390 οἲρχόντων
628 337 769 385 αὐτοῖς
793 335 852 390 μη
882 335 1158 389 συνειδότων,
1188 336 1332 387 νυκτὸς
1359 338 1431 381 ἐπὶ
1453 338 1530 395 τῆν
1557 338 1706 384 στάσιν

262 399 471 454 ἀλλήλους
511 396 855 455 παρορμήσαντες
893 404 966 443 καί
991 401 1347 455 καθοπλισάμενοι
1376 404 1432 453 ὥς
1460 401 1574 458 εἶχον
1601 404 1708 446 πάν-

265 469 332 513 τες
363 461 451 516 ἅμα
482 466 534 522 ἕῳ
564 463 668 520 πρὸς
694 463 773 514 τάς
801 468 933 516 πύλας
961 465 1164 520 ἐλθόντες,
1192 466 1496 523 ἐτειχομάχουν
1514 470 1588 512 καί
1601 466 1709 512 πάν-

267 546 341 579 τας
368 531 563 584 ἠπείλουν
592 530 843 574 ἀποκτείνειν
865 531 961 582 τούς
989 531 1131 586 ἔνδον,
1171 535 1212 575 εἰ
1240 531 1299 587 μή
1329 532 1487 591 ἑκόντες
1513 540 1734 592 annexui-5

262 600 395 650 ροῖεν·
453 591 563 637 οὕτω
591 595 672 651 γὰρ
703 591 756 638 ἂν
782 594 904 650 μόλις
935 599 1157 654 φείσεσθαι
1178 598 1237 653 μη
1265 595 1528 643 ἀποκτείνειν.
1576 598 1708 643 Ἀσά-

260 677 332 715 νης
372 661 418 702 δὲ
446 662 519 702 καί
551 661 576 716 ἢ
606 659 725 703 ἔνδον
751 661 928 718 στρατιά
959 662 1211 718 ἡγησάμενοι
1239 664 1389 718 δεινὸν,
1418 667 1457 707 εἰ
1481 663 1589 718 μετὰ
1622 666 1708 707 τῶν

259 729 306 769 ἐκ
337 726 577 778 Βυζαντίου
618 729 692 769 καί
728 730 799 783 τῆς
829 730 875 770 ἐκ
911 731 984 784 τῆς
1014 725 1143 784 ἄλλης
1174 730 1311 784 ἀρχῆς
1332 730 1552 783 Ῥωμαίων
1578 746 1708 786 στρα-

260 793 354 840 τιᾶς
397 791 470 833 καί
506 790 622 847 παρὰ
659 795 741 835 τῶν
779 795 939 836 οἰκείων
981 799 1283 850 πολιορκοῖντο,
1334 795 1604 849 ὁπλισάμενοι
1633 797 1707 838 καὶ

261 855 386 899 αύτοί
411 858 483 899 καί
509 855 748 908 ἀνοίξαντες
778 858 856 907 τὰς
884 861 1016 909 πύλας
1049 862 1344 902 συνεπλέκοντο
1372 863 1432 918 τῷ
1456 860 1574 920 δήμῳ
1595 864 1764 912 ἐξελ-ιο

258 922 427 971 θόντες.
490 925 644 965 ἐκεῖνοι
681 925 726 965 δὲ
766 926 865 967 ου’δὲ
903 924 1008 980 πρὸς
1038 926 1175 980 ὀλίγον
1203 924 1468 980 ἀντισχόντες
1495 941 1600 982 προς
1629 924 1708 981 τὴν

261 986 431 1044 μάχην,
462 988 642 1046 ἔφευγον
672 989 729 1039 ὥς
757 986 897 1044 εἶχον,
944 993 1099 1040 παῖδας
1128 991 1201 1032 καί
1223 997 1421 1046 γυναῖκας
1446 991 1577 1044 μόνας
1605 992 1710 1033 α’να-

226 1053 468 1110 Βλαβόντες
509 1056 580 1097 καί
618 1055 975 1111 διεσκεδάσθησαν
1017 1055 1120 1098 κατὰ
1152 1055 1228 1106 τοὶς
1268 1053 1396 1106 ἄλλας
1423 1057 1562 1106 πόλεις
1582 1088 1596 1109 ,
1626 1073 1710 1111 μη-

261 1123 334 1164 δὲν
353 1118 650 1178 ἐπιφερόμενοι
665 1115 725 1163 οἷν
755 1117 891 1175 εἶχον·
931 1119 1036 1177 πλήν
1063 1139 1186 1164 τινων
1213 1122 1376 1176 ὀλίγων,
1407 1123 1449 1164 οἳ
1472 1119 1542 1163 διά
1570 1118 1616 1163 τό
1646 1122 1706 1176 μή

262 1187 649 1242 συμμετεσχηκέναι
686 1189 757 1242 τῆς
795 1189 979 1237 στάσεως
1018 1193 1100 1236 τοῖς
1130 1184 1270 1237 ἄλλοις
1295 1188 1436 1241 με’νειν
1468 1182 1762 1242 συνεχωρή-ι5

260 1255 397 1306 θησαν
427 1252 497 1293 ἐπὶ
523 1254 607 1293 ταῖν
635 1253 789 1294 οἰκιῶν.
843 1252 871 1308 ἦ
900 1252 1075 1308 στρατιά
1106 1254 1152 1294 δὲ
1179 1252 1252 1301 τοὶς
1280 1253 1412 1301 οἰκίας
1438 1255 1519 1294 τῶν
1547 1247 1707 1308 φυγόν-

260 1334 345 1359 των
388 1316 638 1374 διεπόρθουν
676 1317 749 1359 καί
783 1318 914 1360 πάντα
944 1317 1198 1371 εἰσεκόμιζον
1228 1317 1337 1367 ε’ντὸς
1363 1319 1526 1371 τειχῶν.
1583 1318 1708 1374 ὀλίγῳ

262 1385 310 1424 δὲ
339 1379 515 1437 ὕστερον
544 1384 617 1424 καί
641 1383 716 1432 τὰς
744 1383 941 1435 ξυλώσεις
970 1386 1288 1439 καθαιροῦντες,
1318 1386 1501 1437 ἐχρῶντο
1527 1380 1634 1436 πρὸς
1659 1379 1705 1423 τὸ

258 1449 362 1503 πῦρ,
406 1447 485 1488 ὑπὸ
536 1450 619 1489 τῶν
661 1451 705 1490 ἐν
746 1448 966 1506 Βυζαντίῳ
1008 1445 1088 1503 ἤδη
1128 1447 1482 1502 πολιορκούμενοι.
1553 1447 1579 1503 ἦ
1623 1445 1705 1502 γὰρ

258 1516 304 1556 ἐκ
335 1515 571 1564 Βυζαντίου
601 1513 803 1569 στρατιὰ,
832 1510 934 1568 ἄχρι
963 1516 1041 1567 μὲν
1083 1514 1121 1556 οἱ
1153 1513 1232 1564 ἔξω
1260 1515 1566 1567 Διδυμοτείχου
1602 1509 1763 1570 πρόςασ

258 1578 356 1627 τούς
396 1577 512 1620 ἔνδον
553 1578 860 1635 ὦμοφρόνουν,
901 1579 998 1621 οὐδὲ
1041 1579 1164 1634 ἐγγύς
1205 1580 1400 1632 γενέσθαι
1432 1579 1708 1633 ἐπεχείρουν,

260 1641 367 1685 α’λλὰ
408 1641 715 1698 εἰσβάλλοντες,
760 1643 811 1686 τοὶ
848 1642 1001 1700 πόρ’ῥω
1044 1643 1299 1700 διεπόρθουν
1339 1645 1413 1685 κάἰ
1445 1643 1501 1693 ὥς
1528 1641 1708 1697 τάχιστα

259 1706 516 1763 ἀνεχώρουν.
593 1708 686 1751 ἐπεὶ
733 1711 780 1751 δὲ
816 1708 843 1765 ἦ
884 1708 1027 1759 στάσις
1065 1711 1222 1764 γένοιτο
1273 1708 1347 1750 καί
1381 1710 1709 1761 ἐκπολεμωθεῖεν

261 1780 345 1824 τοῖς
375 1772 493 1817 ἔνδον
519 1773 558 1816 οῖ
585 1773 720 1830 ε’κτὸς,
753 1771 878 1818 αὖτοί
899 1791 944 1817 τε
972 1774 1222 1832 ἐφθάρησαν
1239 1771 1503 1816 παντάπασιν
1523 1771 1705 1816 ἀνάστα-

263 1934 443 1970 cohortati
470 1935 668 1982 armatique
693 1939 734 1969 ut
751 1937 941 1980 poterant,
967 1945 1089 1968 omnes
1115 1934 1208 1968 bene
1227 1944 1330 1978 mane
1357 1931 1403 1967 ad
1424 1937 1543 1978 portas
1568 1945 1696 1981 proce*

263 1982 376 2023 dunt,
416 1983 526 2014 muris
574 1983 879 2027 oppugnationem
912 1982 1096 2015 inferunt:
1139 1983 1322 2015 minantur
1347 1981 1548 2025 oppidanos
1572 1993 1696 2016 omnes

261 2033 534 2075 pernumium,
572 2031 609 2061 ni
638 2039 676 2061 se
702 2027 929 2071 dediderint3
967 2029 1018 2060 sic
1042 2030 1138 2061 enim
1161 2030 1219 2060 vix
1245 2034 1361 2060 tamen
1387 2037 1512 2059 manus
1537 2040 1557 2061 a
1591 2025 1703 2060 caede

264 2075 499 2109 cohibituros.
562 2074 630 2108 Hic
663 2075 798 2107 Asanes
839 2079 875 2107 et
908 2074 1126 2118 praesidium
1164 2085 1236 2106 rem
1271 2073 1508 2118 periculosam
1541 2076 1634 2115 ratis,
1671 2073 1704 2107 si

263 2127 408 2167 praeter
434 2122 623 2164 Byzantios
660 2126 697 2152 et
728 2121 819 2154 alios
854 2120 1003 2154 aliunde
1035 2132 1078 2154 cx
1115 2121 1264 2164 imperio
1300 2124 1503 2152 contractos
1537 2121 1647 2154 etiam
1682 2127 1704 2153 a

265 2168 472 2202 domesticis
501 2167 780 2207 obsiderentur,
803 2167 951 2200 accincti
984 2173 1019 2201 et
1047 2168 1134 2211 ipsi,
1161 2166 1271 2210 portis
1298 2166 1433 2209 apertis
1460 2176 1539 2199 cum
1565 2166 1703 2212 populo

265 2214 698 2258 conflicturierumpunt.
733 2213 807 2258 Qui
831 2224 898 2246 nec
921 2213 1146 2258 aliquamdiu
1172 2212 1294 2245 saltem
1315 2211 1487 2256 impetum
1509 2211 1704 2252 sustinens,

259 2261 354 2306 sugit
389 2264 429 2292 ut
463 2259 604 2303 potuit,
631 2257 717 2292 filiis
743 2264 780 2291 et
803 2259 977 2293 uxoribus
1003 2263 1140 2294 tantum
1168 2259 1373 2302 assumptis:
1410 2257 1577 2304 nihilque
1602 2257 1704 2292 aliud

260 2318 379 2341 rerum
407 2317 549 2339 suarum
575 2316 696 2338 secum
721 2312 927 2350 asportans,
952 2316 1016 2350 per
1045 2305 1132 2337 alias
1159 2304 1263 2338 urbes
1292 2304 1487 2348 dissipatus
1513 2311 1576 2338 est.
1610 2303 1703 2338 Pau-

260 2356 334 2394 cis,
363 2352 462 2398 quod
487 2351 677 2385 seditionis
704 2353 899 2397 participes
923 2363 996 2384 non
1023 2351 1196 2389 fuissent,
1221 2349 1406 2383 domicilia
1440 2362 1503 2383 sua
1538 2349 1704 2384 habitare

259 2399 485 2444 permissum.
535 2398 686 2439 Milites,
704 2398 936 2442 fugitivorum
973 2397 1141 2429 domibus
1177 2396 1351 2439 direptis,
1390 2402 1500 2430 totam
1536 2396 1705 2443 praedam

261 2447 299 2479 in
327 2447 451 2479 urbem
491 2445 704 2478 intulerunt.
753 2444 856 2478 Brevi
888 2441 1076 2477 intervallo
1105 2443 1209 2475 etiam
1236 2442 1526 2476 materiationem
1562 2443 1706 2477 destru-

262 2497 384 2532 entes,
410 2503 451 2523 ca
476 2502 495 2522 a
514 2492 695 2534 Byzantiis
725 2491 794 2522 iam
830 2491 964 2524 obsessi
999 2489 1045 2521 ad
1071 2489 1188 2521 focum
1218 2490 1272 2521 usi
1315 2495 1407 2522 sunt.
1457 2489 1546 2522 Nam
1567 2489 1706 2533 Byzan·

262 2539 319 2578 tii,
334 2537 504 2582 quamdiu
532 2536 870 2580 Didymotichenses
908 2534 1106 2569 suburbani
1136 2544 1215 2567 curn
1242 2535 1432 2579 oppidanis
1456 2533 1704 2569 voluntatibus

265 2584 532 2627 congruebant,
565 2595 611 2616 ne
635 2583 765 2627 pedem
792 2582 938 2629 quidem
967 2581 1113 2625 propius
1144 2581 1237 2614 serre
1262 2581 1466 2614 audebant:
1499 2581 1706 2614 sed remo-

264 2630 358 2662 tiora
397 2632 471 2672 agri
507 2629 793 2673 depopulantes»,
830 2633 1019 2673 properato
1057 2627 1155 2659 sein
1184 2628 1311 2661 stativa
1349 2627 1580 2672 recipiebant.
1629 2626 1707 2661 Tu-

265 2676 382 2709 multu
411 2681 528 2707 autem
557 2681 594 2708 et
627 2676 807 2709 seditione
841 2674 1014 2713 conflata,
1050 2673 1248 2706 suburbani
1286 2673 1441 2707 urbanos
1472 2673 1640 2707 hostilem
1665 2673 1705 2705 in

265 2721 413 2755 modum
441 2722 616 2764 aggressi,
653 2727 689 2755 ct
713 2722 784 2766 ipsi
826 2721 972 2754 omnino
1002 2719 1148 2753 sedibus
1190 2722 1263 2753 suis
1300 2720 1395 2764 pulsi
1430 2721 1635 2764 perierunt,
1669 2724 1706 2752 et

266 2767 411 2809 urbani,
437 2767 637 2800 imminutis
663 2777 878 2812 magnopere
911 2766 1069 2807 viribus,
1093 2778 1212 2811 pugna
1238 2767 1402 2802 hostibus
1426 2776 1529 2811 pares
1554 2765 1708 2812 amplius
