1812 3132
509 162 900 224 'ms‘romAnUM
939 183 1012 223 111.
1047 185 1116 228 13.
1472 158 1544 215 85

106 284 429 336 συσκευάζοντος
454 283 665 338 εἰρῆσθαι.
708 279 730 323 ὅ
752 280 1014 338 πατριάρχης
1032 283 1078 324 δὲ
1112 281 1428 324 ἀντικαθίστατο
1445 276 1550 334 πρὸς
1564 278 1603 314 Δ·
1616 277 1743 323 01341

107 350 205 400 τούς
233 350 381 404 λόγους
407 347 508 401 καί,
532 347 591 403 μὴ
634 350 738 402 δεῖν,
765 346 916 402 ἔλεγεν,
937 346 1095 396 αὐτούς
1121 343 1306 395 ἀτάκτως
1331 347 1553 400 θορυβεῖν,

107 414 216 459 α’λλὰ
259 413 481 457 πείθεσθαι
521 418 611 462 τοῖς
646 414 834 467 βασιλίδι
872 412 943 454 καὶ
978 413 1143 470 μεγάλῳ
1174 413 1401 469 δομεστίκῳ
1428 411 1555 465 ἐγνω-

107 480 289 533 σμένοις.
338 481 384 521 ἐν
411 477 576 528 τούτοις
605 480 650 520 δὲ
675 482 750 533 τῆς
777 477 917 533 ἔριδος
944 479 1115 528 ἐκείνοις
1144 473 1295 532 οὔσης,
1341 475 1433 520 ἐπεὶ
1459 477 1555 518 ἕπε’-

83 553 245 594 5παυτο
286 546 506 602 φανέντος,
551 550 639 593 τοῖς
678 546 758 598 μὲν
800 539 939 592 ἄλλοις
966 541 1107 597 ὥσπερ
1136 541 1401 598 ὄργιζόμενος
1431 537 1555 583 οῦδὲν

111 610 294 666 εἰρήκει·
350 606 613 665 πατριάρχην
643 611 689 651 δὲ
724 610 960 666 ἐμέμφετο,
1005 605 1070 651 ὅτι
1106 609 1293 663 ἀνοήτων
1320 605 1556 662 ἀνθρώπων

110 675 329 731 προσέχων
355 676 504 730 λόγοις,
533 677 674 729 ἕστηκε
701 673 807 730 πρὸς
830 673 981 724 αύτούς
1009 675 1251 729 λογομαρςῶν
1277 675 1349 716 καί
1370 673 1558 728 θόρυβον

111 744 252 784 κινῶν.
307 738 584 795 συνεβούλευέ
609 755 652 782 τε
678 737 781 781 οἴκοι
812 740 1009 782 ἀπελθεῖν
1044 741 1117 781 καί
1155 740 1287 794 μηδὲν
1315 736 1420 793 πρὸς
1447 737 1553 780 ἐκεί·
1566 737 1601 771 Ρ·
1614 738 1682 785 390

111 823 208 856 νους
235 808 518 863 διαφέρεσθαι
543 807 645 859 νῦν,
687 802 742 855 ὥς
770 806 814 853 ές
837 802 913 859 τὴν
941 802 1171 859 ὑστεραίαν
1199 801 1287 857 ἅμα
1315 803 1432 861 αύτῷ
1458 805 1557 859 περὶ

61 874 196 919 ιοτοΐν
224 873 450 927 εἰρημένων
481 870 743 928 ποιησομένῳ
772 870 907 924 λόγον.
960 870 1200 925 προέπεμηέ
1228 885 1273 911 τε
1301 864 1402 924 ἄχρι
1428 870 1558 910 ἵππου

109 937 358 994 θεραπεύων
396 934 468 977 διὰ
488 934 581 990 ’την
625 933 732 991 πρὸς
772 934 902 977 αὐτὸν
928 936 1199 990 γεγενημένην
1226 937 1406 988 μέμψιν,
1438 930 1558 976 οὔπω

109 1002 311 1058 πρότερον
344 1005 467 1044 τοῦτο
509 1002 801 1056 εἰργασμένος,
849 1001 941 1042 ἀλλ’
978 1003 1023 1043 έν
1059 1007 1144 1050 τοῖς
1177 1001 1405 1053 βασιλείοις
1431 1000 1559 1049 οἴκοις

110 1067 434 1121 συνταττόμενος
473 1062 754 1123 ἀναστρέφειν
793 1064 969 1115 εἰωθώς.
1039 1068 1099 1115 εἰς
1126 1068 1326 1119 βασιλίδα
1356 1067 1402 1107 δὲ
1430 1061 1559 1114 αὖθις
1570 1069 1699 1107 v.316

111 1133 134 1175 ὅ
161 1136 293 1188 μέγας
323 1134 562 1186 δομέστικος
591 1129 859 1186 ἐπανελθών,
887 1131 961 1187 την
990 1132 1130 1173 αἰτίαν
1155 1133 1231 1173 τοῦ
1259 1129 1447 1186 θορύβου
1469 1131 1559 1185 διη·

64 1206 246 1254 ιόγεῖτο,
303 1195 414 1248 ὅπως
450 1213 494 1239 τε
537 1195 663 1246 αὐτὸς
689 1198 762 1252 τῆς
790 1196 968 1251 ἀκαίρου
1000 1198 1255 1253 φιλονεικίας
1284 1195 1563 1250 μεμψάμενος

116 1265 407 1319 πατριάρχην,
447 1258 514 1304 ὅτι
541 1262 728 1317 α’νοήτων
755 1259 991 1316 ἀνθρώπων
1020 1260 1224 1317 προσχοιή
1253 1258 1389 1315 λόγοις
1416 1259 1563 1314 ἔχουσι

111 1331 244 1386 μηδὲν
284 1329 425 1384 ὑγιὲςζ,
464 1329 755 1383 παραινέσειεν
794 1326 936 1369 οἴκαδε
977 1329 1226 1382 ἀναχωρεῖν.
1281 1321 1563 1381 διϊσχυρίζετό

113 1411 160 1440 τε
199 1394 272 1438 καί
301 1392 432 1444 αὐτὸς
464 1391 849 1449 ἐπιμαρτυρόμενος
875 1391 998 1446 θεὸν,
1039 1390 1097 1442 ὥς
1125 1392 1250 1433 οὐδὲν
1278 1394 1360 1434 τῶν
1390 1391 1561 1446 λεγομέ-

114 1477 197 1504 νων
237 1462 472 1515 συνειδείη,
513 1459 600 1501 ἀλλ’
639 1456 722 1500 ὑπό
768 1474 893 1501 τινων
921 1455 1203 1501 ἀπαιδεύτων.
1222 1456 1298 1498 ὕπ’
1326 1458 1597 1506 αύθαδείαςΒ

62 1524 300 1581 ροιῖνοήτως
335 1525 538 1580 κινηθείη.
578 1523 829 1579 ἐπαινούσης
866 1525 912 1565 δὲ
948 1525 1024 1579 τῆς
1055 1523 1274 1576 βασιλίδος
1302 1523 1375 1564 ἒπί
1400 1525 1458 1579 τῷ
1487 1520 1564 1563 τὸν

117 1593 306 1647 θόρυβον
330 1595 609 1643 καταστεῖλαι,
651 1591 770 1643 ,,α’λλ’
797 1592 939 1647 ἐκείνῳ
976 1590 1081 1643 μὲν”
1115 1589 1136 1631 ὃ
1164 1589 1296 1642 μέγας
1324 1589 1565 1639 δομέστικος

115 1655 198 1714 ἔφη
223 1655 562 1711 ,,συνεβούλευσα
587 1657 720 1710 μηδὲν
739 1656 965 1709 προσθέντι
982 1660 1068 1703 τοῖς
1087 1654 1317 1709 εἰρημένοις
1335 1653 1564 1705 ἀπελθεῖν,

117 1721 227 1765 οὕτω
268 1720 452 1764 συνιδών
498 1718 655 1777 ῥᾳὸῗως
697 1718 1015 1775 διαλύσειντὴν
1063 1719 1330 1775 φιλονεικίαν,
1378 1714 1565 1771 μάλιστα

116 1787 215 1844 περὶ
252 1788 358 1841 ἐμοῦ
393 1787 679 1842 γεγενημένην.
746 1785 816 1828 σοι’
844 1786 916 1839 δὲ,
952 1784 1012 1840 μὴ
1040 1783 1115 1840 τὴν
1143 1783 1380 1826 αὕθιέδειαν
1407 1782 1568 1837 α’τιμιό-

186 1902 220 1925 2.
243 1890 310 1925 καὶ
331 1888 452 1938 μηδὲν
479 1887 613 1935 ἔλεγεν
638 1886 738 1936 πρὸς
761 1882 903 1928 αῢτοῦς
925 1889 974 1924 Μ.
1073 1889 1352 1937 ι6.πατριᾶρχῃ
1363 1890 1396 1923 Ρ.

117 1987 198 2031 ipso
227 1984 370 2020 conscio
408 1988 446 2018 et
472 1984 562 2019 clam
589 1983 886 2019 talia'moliente
920 1983 1004 2018 dici.
1051 1983 1256 2019 patriarcha
1288 1994 1412 2017 eorum
1445 1993 1562 2017 asser-

117 2031 211 2065 tioni
246 2031 448 2071 adversari,
485 2035 522 2066 et
554 2030 650 2066 nihil
681 2029 918 2072 turbandum,
959 2029 1024 2064 sed
1050 2031 1116 2072 iis,
1151 2042 1244 2077 quae
1269 2030 1488 2075 imperatrici
1524 2034 1563 2063 et

117 2089 247 2124 magno
281 2076 478 2112 domestico
511 2078 756 2122 placuissent,
802 2076 1079 2124 obsequendum
1116 2077 1346 2111 contendere.
1395 2076 1486 2110 Cum
1521 2076 1563 2109 in

115 2126 187 2161 hoc
208 2130 302 2158 esset
325 2124 567 2158 controversia
591 2124 669 2157 eius
699 2134 742 2157 ue
776 2129 971 2169 conspectu
1003 2134 1127 2158 omnes
1161 2124 1444 2162 conticuissent,
1477 2121 1561 2155 aliis

118 2170 266 2218 quidem
290 2170 392 2204 velut
415 2172 524 2205 iratus
548 2170 643 2204 nihil
693 2169 778 2206 ixit:
816 2170 1058 2215 patriarcham
1088 2176 1210 2204 autem
1235 2170 1436 2214 increpuit,
1461 2168 1563 2214 quod

117 2216 327 2252 hominibus
353 2217 612 2262 insipientibus
642 2227 744 2250 aures
771 2217 1033 2252 commodasset
1058 2221 1096 2250 et
1128 2217 1319 2251 verborum
1356 2226 1434 2247 cum
1470 2214 1561 2259 ipsis

120 2263 380 2308 digladiatione
408 2263 531 2298 turbas
557 2264 757 2299 excitasset.
804 2263 959 2298 Proinde
982 2265 1123 2307 litigare
1149 2268 1322 2297 cessaret:
1352 2260 1497 2294 domum
1520 2271 1559 2294 se

118 2315 339 2355 capesseret:
362 2311 538 2356 postridie
562 2320 682 2345 secum
708 2308 753 2342 de
777 2309 842 2344 lite
867 2315 1033 2347 acturus:
1069 2315 1106 2343 et
1132 2310 1183 2343 ita
1208 2320 1323 2355 usque
1354 2307 1400 2342 ad
1423 2318 1559 2353 equum

119 2356 294 2397 deduxit,
321 2356 390 2390 hoc
412 2357 529 2393 ossicio
556 2356 785 2400 obiurgatum
809 2355 1011 2397 deliniens,
1049 2356 1148 2402 quod
1180 2360 1263 2389 ante
1290 2365 1365 2389 non
1395 2353 1557 2393 solebat,

117 2404 183 2438 sed
208 2405 246 2435 in
284 2404 533 2446 penetralibus
569 2403 699 2448 palatii
733 2402 935 2437 valedicere
971 2414 1014 2436 ac
1046 2403 1177 2436 reverti
1213 2406 1455 2438 consueverat.
1501 2400 1558 2434 Ad

117 2449 381 2496 imperatricem
405 2455 525 2484 autem
550 2450 718 2489 rediens,
750 2449 926 2484 tumultus
951 2460 1094 2484 causam
1130 2453 1251 2482 narrat
1282 2452 1320 2481 et
1348 2458 1420 2493 quo
1450 2452 1557 2491 pacto

118 2496 362 2544 patriarcham
398 2502 545 2542 propter
584 2496 876 2540 intempestivam
922 2495 1225 2530 concertationem
1265 2493 1558 2538 reprehendisset

120 2543 294 2590 quodque
319 2541 510 2576 stultorum
542 2552 724 2576 sermones
762 2543 905 2587 ineptos
938 2543 1181 2576 attendisset:
1221 2545 1259 2574 et
1289 2551 1370 2574 eum
1404 2541 1457 2573 uti
1493 2539 1558 2574 do-

120 2602 217 2624 mum
242 2588 380 2627 abiret,
406 2588 663 2623 admonuisset.
711 2589 948 2623 Asseverabat
972 2589 1059 2624 item
1083 2599 1125 2620 ac
1147 2588 1263 2622 Deum
1291 2591 1419 2622 testem
1445 2586 1558 2619 facie-

120 2636 205 2677 bat,
231 2646 268 2668 se
301 2635 438 2671 nullius
466 2634 593 2670 horum
617 2645 693 2668 esse
718 2637 917 2668 conscium:
955 2635 1019 2668 sed
1050 2634 1096 2667 ab
1130 2635 1308 2678 imperitis
1338 2632 1558 2678 quibusdam

121 2681 276 2728 superbe
301 2693 342 2714 ac
365 2681 497 2715 stolide
530 2693 572 2715 ea
603 2681 751 2715 moveri.
800 2681 919 2726 Quem
956 2693 1036 2716 cum
1074 2680 1118 2714 de
1151 2680 1266 2714 turbis
1295 2680 1428 2713 sedatis
1461 2690 1558 2712 com-

120 2728 309 2766 mendaret
331 2727 562 2773 imperatrix,
598 2727 669 2761 Sed
694 2728 750 2762 illi
775 2727 947 2773 quidem,
976 2727 1098 2772 inquit
1132 2737 1278 2770 magnus
1314 2726 1556 2766 domesticus,

122 2776 239 2819 suasi,
263 2775 358 2814 nihil
383 2773 572 2813 verborum
596 2774 744 2821 adderet
768 2772 987 2822 domumque
1012 2773 1231 2817 discederet3
1257 2772 1476 2817 intelligens,
1503 2773 1556 2806 sic
