1806 3152
505 142 879 186 ms‘romARnM
917 146 987 185 111.
1026 149 1096 194 94.
1407 126 1518 201 579

92 257 210 286 πτετο
249 242 300 284 τὰ
336 244 509 296 κλεῖθρα
547 240 670 296 ἔχων.
724 241 829 284 πολι)
863 244 909 285 δὲ
934 245 1016 285 τῶν
1042 245 1184 286 πυλαῒν
1215 242 1421 300 ἑκατέρων
1448 246 1520 299 τῆς
1532 254 1715 299 Α.Ο.ι346

92 302 224 364 ἄκρας
251 308 438 362 ἀλλήλων
467 309 697 361 διεχουσαῖν
712 342 725 362 ,
746 305 1007 359 Ἀπόκαυκος
1034 310 1112 362 μὲν
1143 309 1250 363 μετὰ
1278 313 1361 352 τῶν
1388 306 1524 352 ἄλλων

92 373 281 430 ἐχώρουν
307 374 379 416 ἐπὶ
407 371 485 428 τήν
515 373 744 427 ἐξάγουσαν
774 377 856 416 τῶν
884 377 1042 429 τειχῶν.
1097 374 1189 417 ἐπεὶ
1215 377 1262 417 δὲ
1288 372 1340 430 ἦν
1368 380 1522 417 κεκλειω

91 440 245 495 σμένη,
272 439 514 493 ἐπεχείρουν
529 437 788 482 διακόπτειν·
818 437 839 480 ὃ
865 442 994 494 δῆμος
1017 443 1063 483 δὲ
1092 440 1114 482 ὅ
1141 443 1213 495 τῆς
1240 437 1393 497 ἄκρας,
1424 437 1523 499 (πό-

65 503 155 556 aa
177 503 257 561 γᾴρ
285 521 364 563 τινι
392 503 498 546 ἔοικε
524 507 655 563 μικρᾷ
682 507 756 547 καί
782 506 995 560 οἰκήτορας
1016 506 1148 555 ἰδίους
1168 501 1314 562 ejusce)
1336 508 1410 548 οὐκ
1429 505 1649 555 estorp-679

92 569 404 626 διαδιδράσκειν
432 568 713 625 ἐπαγαγόντας
741 571 884 620 αὐτοῖς
912 572 983 613 τὸν
1012 573 1167 626 δῆμον,
1198 569 1289 613 ἀλλ’
1307 571 1426 614 ἔνδον
1450 573 1527 624 με’-

35 650 42 658 ·
90 651 237 684 νοντας
274 632 515 689 ἀμύνεσθαι
554 634 652 684 τούς
682 634 875 685 ἐπιόντας
902 641 992 690 μετ’
1012 636 1161 682 αὐτῶν.
1190 638 1234 679 ἒν
1254 631 1286 694 ᾧ
1316 639 1362 678 δὲ
1390 639 1527 679 ταῦτα

92 702 293 754 ἐτελεῖτο,
333 700 358 743 ὅ
394 703 522 756 δῆμος
550 704 632 756 πῦρ
662 702 825 744 ἐνίεσαν
863 709 954 751 ταῖς
991 702 1144 752 πύλαις
1171 706 1242 759 τῆς
1274 699 1407 760 ἄκρας
1435 708 1528 752 ταῖς

91 766 197 822 πρὸς
215 769 268 824 τῇ
286 764 420 820 πόλει,
451 768 542 809 ἐπεὶ
557 768 705 822 μηδείς
723 766 915 822 ἠμύνετο.
943 767 1194 824 Στρατήγιος
1224 770 1270 810 δὲ
1298 769 1319 810 ὅ
1348 768 1399 811 τοὶ
1419 773 1528 810 κλεΐ-

43 835 177 887 Ῑῡθρα
208 831 317 887 ἔχων
351 829 477 888 (οὕτω
504 832 584 888 γὰρ
616 831 835 886 αἷνόμαστο
853 839 882 886 ,)
914 831 1078 888 ἧνοιγεν
1106 833 1258 889 ἐλθών,
1300 834 1372 876 καί
1403 832 1424 875 ὅ
1454 836 1529 888 δῆ-

88 914 168 952 μος
185 900 410 953 εἶσεχεῖτο,
441 899 513 941 καί
538 896 686 941 αὐτίκα
708 902 787 953 μὲν
817 899 918 954 πρὸς
942 906 1033 949 ταῖς
1058 898 1211 949 πύλαις
1239 902 1314 942 δύο
1339 902 1422 942 τῶν
1456 917 1530 942 710⁴-

89 966 216 1007 λιτῶν
254 965 523 1021 ἀπέσφαξαν,
568 963 713 1007 ἔπειτα
752 964 857 1021 πρὸς
893 965 1086 1022 ἁρπαγήν
1123 966 1346 1021 ἐτράποντο
1392 963 1529 1008 ὅπλων

89 1045 136 1072 τε
179 1029 252 1073 καί
289 1030 439 1076 ἵππων.
489 1028 751 1081 ’Λπόκαυκος
786 1030 867 1087 γάρ
896 1030 969 1073 καὶ
996 1030 1035 1073 οἱ
1063 1028 1184 1074 ἄλλοι
1202 1065 1214 1084 ,
1245 1029 1312 1074 ὅτι
1341 1029 1530 1074 ἑάλωσαν

82 1095 275 1151 ἰδόντες,
315 1095 408 1138 ε’πεί
441 1094 500 1150 μὴ
534 1096 706 1152 φεύγειν
743 1092 813 1151 ἦν,
856 1099 940 1139 τῶν
967 1099 1103 1140 ἵππων
1130 1097 1425 1150 α’ποβαίνοντες
1462 1095 1536 1138 και)

40 1155 375 1214 15ιῖποδυόμενοι
418 1159 468 1203 τά
507 1157 616 1203 ὅπλα
655 1163 999 1216 κατεκρύπτοντο,
1042 1160 1269 1204 ἐλάνθανον
1299 1164 1345 1204 δὲ
1370 1164 1528 1216 ὀλίγοι,

90 1224 189 1275 τούς
225 1229 392 1275 πλείους
430 1227 477 1268 δὲ
517 1223 766 1275 ἀποδύοντες
806 1229 1046 1268 κατέλειπον
1073 1225 1267 1281 γυμνούς.
1322 1230 1532 1276 Κωκαλᾶς

92 1293 140 1333 δὲ
193 1294 266 1333 καί
304 1289 598 1346 Παλαιολόγος
655 1294 968 1347 περιεποιοῦντο
1019 1290 1117 1341 τούς
1156 1290 1414 1347 στρατιώτας
1459 1291 1566 1334 καίΒ

92 1359 282 1400 ἐκέλευον
321 1355 380 1411 μή
411 1357 633 1400 α’ποδύειν·
680 1356 770 1410 ἅμα
800 1359 846 1399 δὲ
872 1361 944 1400 καί
969 1357 1067 1407 τούς
1096 1360 1247 1408 ἵππους
1275 1359 1535 1413 εὑρίσκοντες

91 1425 340 1477 παρείχοντο
373 1419 557 1479 ἑκάστῳ,
604 1421 872 1476 ἀμειβόμενοι
900 1426 972 1478 τῆς
998 1425 1253 1478 προδοσίας,
1295 1420 1382 1476 ἅμα
1414 1425 1451 1465 δ’
1470 1422 1535 1465 ὅτι

39 1488 166 1530 2οκαἰ
194 1485 344 1543 ὅρκους
377 1487 522 1536 αὐτοῖς
551 1487 748 1543 πρότερον
775 1492 1050 1542 παρείχοντο,
1078 1488 1136 1538 ὥς
1165 1486 1289 1531 οὐδὲν
1316 1491 1534 1531 πείσονται

94 1551 243 1604 δεινὸν,
275 1549 326 1594 ἂν
354 1551 455 1601 τούς
491 1548 647 1601 ἄλλους
679 1554 945 1608 προδιδῶσιν.
978 1549 1088 1594 οὕτω
1120 1555 1198 1605 μὲν
1230 1549 1307 1594 οὖν
1332 1553 1380 1595 τὸ
1418 1557 1536 1595 Καν-

92 1619 350 1672 τακουζηνοῧ
377 1620 455 1659 τοῦ
486 1620 691 1671 βασιλέως
722 1620 851 1673 μέρος
878 1620 1089 1672 προδοθὲν
1118 1616 1198 1659 ὑπὸ
1231 1620 1304 1672 τῆς
1331 1621 1536 1673 στρατιᾶς

92 1682 244 1738 ἡττᾶτο
294 1682 399 1725 κατὰ
447 1680 624 1738 κράτος.’
682 1685 893 1733 Κωκαλᾷς
933 1684 979 1724 δὲ
1017 1683 1088 1725 καὶ
1127 1682 1421 1737 Παλαιολόγος
1459 1683 1533 1725 τόν

91 1751 170 1803 μὲν
202 1750 332 1805 δῆμον
362 1747 587 1802 ἐξήλαυνον
614 1749 688 1804 τῆς
717 1745 871 1804 ἄκρας·
897 1745 984 1803 -ἦδη
1004 1746 1086 1804 γὰρ
1119 1749 1350 1803 διήρπαζον
1379 1751 1451 1791 καί
1478 1749 1531 1803 τοὶ

170 1850 241 1886 Α19.
266 1839 494 1882 παρείκοντι)
521 1839 558 1872 Ρ.

92 1921 247 1955 cauchas
273 1932 352 1955 cum
380 1921 462 1955 aliis
487 1922 594 1955 sociis
621 1920 667 1954 ad
694 1929 866 1966 eam,qua
892 1933 911 1955 e
937 1921 1127 1956 moenibus
1153 1931 1313 1965 egressus
1340 1927 1534 1963 est,accesa

95 1970 160 2002 sit:
186 1979 294 2014 quam
321 1979 400 2001 cum
425 1970 580 2002 clausam
601 1970 822 2009 invenirent,
846 1968 1031 2002 diffindere
1052 1973 1293 2002 tentaverunt.
1341 1969 1387 2001 At
1420 1981 1538 2014 popu-

96 2015 153 2048 lus
193 2016 283 2048 arcis
315 2016 412 2059 (erat
446 2015 626 2061 siquidem
664 2016 778 2048 instar
810 2025 940 2059 parvae
980 2015 1079 2048 urbis
1112 2016 1351 2060 propriosque
1383 2015 1542 2048 habebat

97 2061 247 2108 incolas)
273 2062 392 2104 fugam
414 2072 477 2094 eos
503 2072 687 2106 capessere
717 2067 752 2094 et
775 2072 812 2094 se
839 2061 974 2106 populo
1003 2061 1156 2101 urbano,
1175 2072 1281 2106 quem
1305 2063 1541 2109 super-‹lusis-

99 2113 203 2148 sent,
234 2109 340 2152 prodi
372 2119 447 2141 non
481 2108 649 2148 sinebat,
689 2107 751 2140 sed
776 2108 1066 2152 oppugnantibus
1093 2109 1190 2141 intus
1215 2118 1276 2140 eos
1302 2119 1420 2140 secum
1448 2110 1542 2142 resi-

97 2160 192 2188 stere
217 2154 372 2188 volebat.
437 2152 538 2188 Haec*
560 2154 645 2188 dum
670 2154 787 2194 fiunt,
827 2155 982 2199 populus
1010 2154 1166 2187 urbanus
1192 2154 1279 2187 foris
1308 2155 1423 2198 ignem
1456 2167 1542 2199 por-

95 2204 154 2233 tae
182 2202 272 2234 arcis
297 2210 418 2234 versus
447 2201 586 2241 urbem,
613 2200 911 2247 quandoquidem
941 2212 1047 2234 nemo
1073 2200 1340 2245 propugnabat,
1366 2202 1540 2245 implicat.

97 2247 262 2291 Claviger
287 2248 482 2292 strategius
507 2247 596 2291 (hoc
621 2249 718 2282 enim
748 2248 802 2280 illi
828 2248 978 2292 nomen)
999 2258 1186 2280 accurrens
1213 2249 1352 2291 aperit,
1387 2249 1545 2291 populus

97 2304 134 2327 se
160 2293 341 2334 infundit,
366 2293 561 2341 subitoque
587 2296 625 2329 in
651 2295 730 2339 ipso
757 2294 858 2326 aditu
882 2295 977 2327 cives
1002 2294 1092 2327 duos
1118 2293 1298 2326 trucidat:
1338 2293 1471 2328 deinde
1496 2296 1543 2329 ad

98 2350 195 2373 arma
227 2351 413 2386 equosque
451 2340 677 2386 diripiendos
703 2341 933 2373 convertitur.
986 2339 1222 2385 Apocauchus
1248 2345 1284 2372 et
1307 2340 1395 2372 socii
1425 2347 1545 2385 captos

98 2397 136 2420 se
160 2386 415 2431 adspicientes,
452 2388 623 2433 quoniam
652 2388 735 2432 suga
762 2386 1061 2426 excludebantur,
1101 2386 1145 2418 de
1171 2387 1275 2430 equis
1304 2386 1546 2428 descendunt,

99 2433 207 2466 armis
233 2432 409 2478 depositis
438 2444 476 2467 se
502 2435 697 2473 occulunt,
723 2434 830 2479 pauci
854 2439 976 2467 tamen
1003 2433 1190 2465 latuerunt
1206 2457 1216 2472 ‚
1251 2432 1372 2476 plures
1402 2434 1453 2466 ·ab
1478 2434 1546 2467 ho-

99 2479 218 2512 stibus
252 2479 443 2524 despoliati
479 2483 584 2514 armis
624 2480 715 2514 nudi
749 2480 869 2514 relicti
904 2484 999 2512 sunt.
1063 2479 1211 2512 cocalas
1248 2484 1285 2512 et
1312 2480 1546 2526 Palaeologus

99 2526 234 2559 milites
272 2526 469 2560 tuebantur
511 2532 548 2560 et
583 2538 646 2561 eos
686 2527 859 2559 vetabant
898 2526 1070 2571 spoliari:
1117 2535 1282 2570 quosque
1311 2526 1548 2561 inveniebant

101 2582 227 2617 equos,
253 2573 402 2617 singulis
424 2573 620 2614 donabant,
648 2579 725 2606 tum
751 2577 792 2606 ut
816 2575 974 2618 pretium
1005 2571 1235 2617 proditionis,
1262 2576 1336 2605 tum
1363 2574 1462 2618 quod
1489 2575 1546 2606 iu-

101 2623 240 2651 rassent
265 2619 353 2663 ipsis
381 2619 476 2653 nihil
501 2621 584 2653 mali
612 2621 791 2658 illaturos,
819 2621 847 2651 si
874 2624 1012 2652 ceteros
1039 2617 1293 2663 prodidissent.
1340 2619 1399 2653 Sic
1422 2620 1546 2663 itaque

103 2664 344 2698 Cantacuzeni
361 2676 440 2709 pars
464 2677 483 2699 a
510 2666 692 2700 militibus
720 2665 867 2710 prodita
892 2666 926 2699 vi
953 2665 1091 2697 devicta
1122 2670 1186 2698 est.
1250 2664 1395 2698 Cocalas
1420 2673 1456 2700 et
1478 2666 1547 2699 Pa-

102 2709 286 2758 laeologus
310 2712 500 2758 populum,
519 2713 589 2747 iam
621 2712 729 2747 etiam
758 2712 892 2747 incolas
919 2712 1008 2746 arcis
1036 2710 1284 2757 diripientem,
1306 2713 1545 2758 expuleruuts
