1800 3138
538 172 916 216 HISTofflARUM
958 173 1031 212 ιιι.
1061 172 1131 217 27.
1433 164 1451 200 ι
1467 164 1495 219 7
1511 164 1529 199 ι

93 283 246 336 τρέψαι
263 312 280 328 ‚
321 276 434 331 ὅμως
469 277 550 317 ὕπὸ
580 274 719 331 ῥύμης
750 272 1061 327 καταναγκάσαι
1088 272 1163 312 em*
1189 266 1288 324 γόνυ
1317 282 1359 311 τε
1387 266 1530 320 κλιθῆ-
1544 271 1626 311 A.c.
1643 271 1724 317 ¹34¹

95 362 164 388 ναι
203 346 385 400 θατέρου
428 344 511 384 τῶν
549 343 687 382 ποδῶν
714 341 786 380 καί
810 336 882 392 τὴν
910 337 1034 379 λαιάν
1060 341 1187 390 χεῖρα
1211 331 1537 390 προσερείσαντα

95 414 148 467 τῇ
175 412 238 466 γῇ,
267 410 457 462 α’ντέχειν
476 406 582 462 πρὸς
603 404 701 455 τούς
729 403 961 455 αἰθισμούς.
1017 404 1168 443 ἐκεῖνον
1197 401 1256 451 δὲ,
1283 396 1418 440 καίτοι
1437 399 1534 438 πολ-

95 475 148 517 λά
176 472 432 529 μογήσαντα,’
455 473 585 527 μηδὲν
613 473 736 512 πλέον
764 470 1011 522 δυνηθῆναι.
1068 469 1116 508 σὲ
1145 467 1190 507 δὲ
1219 466 1293 506 τοῦ
1320 463 1534 516 πτώματος
1546 466 1579 500 Ρ.
1595 465 1663 511 439

68 537 391 591 5ἑξαναστάντα,
418 535 662 593 χρήσασθαι
694 533 864 590 ῥοπάλῳ
893 534 966 573 καί
992 528 1186 580 πολλάκις
1214 531 1347 572 αὐτοῦ
1373 530 1445 582 τῆς
1471 543 1537 570 κε-

95 606 232 662 φαλῆς
269 608 542 658 κατενεγκεῖν,
587 601 645 657 μὴ
687 598 940 652 α’ντισχόντα
979 598 1027 638 δὲ
1056 595 1161 651 πρὸς
1186 595 1260 645 τάς
1289 594 1447 650 πληγάς
1474 596 1536 643 εἷς

93 669 168 725 τήν
203 671 279 724 γῆν
317 668 630 724 καταῤῥυῆναι·
697 668 746 707 σὲ
775 666 822 706 δὲ
850 657 978 712 αὖθις
1010 664 1121 718 ’ξυρῷ
1149 661 1223 716 την
1253 660 1437 717 κεφαλὴν
1462 663 1538 702 τοῦ

94 732 289 787 σώματος
327 736 561 787 α’ποτεμεῖν.
634 732 660 787 ἦ
697 734 775 785 μὲν
814 723 887 771 οὖν
917 725 1091 784 ὅρασις,
1129 725 1237 782 ἔφη,
1268 724 1444 779 τοιαύτη
1472 721 1538 780 ἦν.

94 798 175 855 ἐγώ
207 802 244 842 δ’
269 799 472 850 ἐξετάζων
503 801 565 840 ἐπ’
595 799 782 851 ἐμαυτοῦ
822 794 928 850 πρὸς
970 790 1050 846 δ’,τι
1087 792 1140 834 τὰ
1176 794 1347 834 τοιαῦτα
1387 794 1536 847 φέρει,

44 864 276 918 ιοπόλεμόν
301 881 396 907 τινα
425 866 579 905 ἐκεῖνον
608 861 750 915 οἴομαι
779 857 1058 914 ἑνστήσεσθαι
1085 856 1191 914 πρὸς
1223 858 1270 898 σὲ
1296 856 1370 898 καί
1396 856 1537 899 κινδύ-

92 946 189 980 νους
213 930 420 985 μεγάλους
447 929 520 970 καί
545 926 724 975 πολλοὺς
751 922 802 967 ἂν
831 928 1078 979 ἐπενεγκεῖν
1145 920 1223 977 τήν
1249 924 1296 964 δὲ
1322 921 1437 977 νίκην
1461 938 1536 976 με-

93 996 147 1038 τά
186 995 283 1044 τούς
322 991 541 1042 κινδύνους
575 994 645 1035 σοὶ
680 993 940 1046 παρέξεσθαι
981 988 1052 1031 τὸν
1090 985 1205 1031 θεόν.
1271 986 1336 1029 διὸ
1363 986 1448 1043 χρὴ
1475 987 1535 1042 μὴ

93 1061 319 1117 ῥᾳθυμεῖν,
349 1057 453 1102 ἇλλά
485 1057 777 1114 φυλάττεσθαι
805 1055 880 1099 τὸν
908 1050 1088 1111 ἅνδρα.”
1142 1055 1316 1096 τοιαῦτα
1342 1056 1421 1107 μὲν
1440 1055 1540 1109 περὶ

94 1126 170 1167 τοῦ
197 1125 426 1181 ἀρχιερέως
454 1125 670 1178 διεξῆλθεν
698 1122 719 1164 ὅ
747 1119 960 1175 βασιλεύς.
1016 1120 1055 1162 οἱ
1083 1117 1283 1175 παρόντες
1312 1121 1358 1162 δὲ
1375 1118 1449 1162 καί
1463 1118 1540 1160 τοῦ
1554 1116 1580 1148 Β

45 1190 193 1246 ι5περί
216 1193 291 1232 τοῦ
326 1189 457 1232 σύκου
497 1190 833 1245 παραδείγματος
860 1186 1112 1234 α’κούσαντες
1151 1188 1310 1239 μᾶλλον
1349 1183 1541 1240 §neffab-

95 1259 262 1310 σθησαν
287 1255 392 1312 πρὸς
420 1254 450 1297 ἃ
480 1254 790 1309 ἐπεσημήναντο
818 1255 866 1295 ἐκ
889 1255 971 1294 ταῖν
995 1253 1145 1307 λογίων
1174 1254 1248 1294 καί
1272 1253 1346 1306 τῆς
1371 1254 1452 1293 ταῖν
1474 1252 1539 1292 ἐν·

94 1319 294 1374 δωμάτων
331 1318 629 1376 α’συμμετρίας.
695 1315 835 1375 ὥσπερ
864 1318 944 1374 γάρ
973 1334 1060 1360 τισι
1086 1323 1294 1372 χρησμοῖς
1321 1322 1405 1366 τοῖς
1435 1315 1540 1358 ε’κεί-

95 1401 172 1428 -νου
201 1393 421 1443 προσεῖχον
450 1387 606 1440 λόγοις,
636 1385 760 1440 ἡνίκα
787 1384 886 1440 περὶ
911 1386 994 1426 τῶν
1021 1380 1256 1437 μελλόντων
1287 1383 1441 1438 διεξῄει
1469 1397 1538 1434 τι,

93 1453 150 1494 ου’
193 1451 317 1506 μόνον
356 1451 427 1494 διά
466 1451 513 1493 τὸ
551 1450 684 1493 πολλὰ
723 1449 921 1499 πολλάκις
957 1450 1040 1492 τῶν
1070 1449 1276 1501 ἐσομένων
1303 1447 1539 1496 ἀπταίστως

42 1523 322 1574 αοπροειπεῖν,
352 1516 441 1558 ἀλλ’
471 1514 536 1558 ὅτι
565 1519 639 1558 καί
665 1514 866 1571 τεράστιά
894 1532 987 1557 τινα
1012 1515 1282 1569 εἰργασμένος
1309 1508 1373 1567 ἢν,
1401 1510 1430 1553 ἃ
1453 1513 1543 1569 θεῷ

94 1582 208 1641 μόνῳ
239 1580 397 1624 δυνατὰ
426 1584 500 1623 καί
524 1588 610 1629 τοῖς
635 1583 775 1638 ἐκείνῳ
804 1579 875 1622 διὰ
901 1579 976 1635 τὴν
1005 1578 1215 1635 κάθαρσιν
1241 1577 1314 1620 καὶ
1331 1577 1539 1625 πολιτείας

95 1645 205 1701 «ὕψος
234 1649 522 1705 ᾠκειωμένοις.
575 1647 620 1688 ἐν
648 1642 708 1695 οἷς
735 1661 775 1686 τι
805 1647 979 1701 φέρεται
998 1647 1070 1686 καί
1090 1646 1298 1696 τοιοῦτον,
1328 1640 1353 1683 ὃ
1373 1642 1536 1700 ῥαστώ-

95 1730 167 1768 νης
203 1713 333 1768 χάριν
369 1711 632 1766 διηγήσομαι.
688 1713 771 1753 τῶν
805 1710 922 1767 παρὰ
952 1710 1238 1767 Διδυμοτείχῳ
1267 1708 1537 1760 πολιτευομέ-

96 1795 180 1820 νων
208 1793 271 1826 τις
302 1778 354 1818 ου’
378 1779 463 1819 ταῖν
495 1776 669 1832 ἀσήμων
697 1775 914 1819 ὑπώπτευε
940 1775 1057 1833 παρά
1086 1791 1159 1818 του
1186 1774 1259 1817 τὸν
1288 1771 1422 1828 γάμον
1452 1775 1578 1814 διε-(1

97 1936 286 1982 procidere
322 1934 508 1979 alteroque
532 1934 626 1980 pede
662 1939 700 1968 et
731 1934 875 1968 sinistra
910 1945 1018 1968 manu
1053 1937 1147 1967 terra
1182 1937 1304 1967 contra
1332 1932 1537 1978 'impulsum

96 1983 186 2023 niti,
213 1984 407 2027 ipsumque
425 2005 434 2021 ,
468 1986 800 2026 quantumcumque
825 1987 1036 2021 conaretur,
1070 1981 1151 2026 plus
1175 1989 1249 2012 non
1273 1988 1390 2024 posse.
1439 1979 1493 2011 'l'e
1515 1989 1536 2010 a

97 2039 181 2062 casu
206 2033 475 2072 exsurgentem,
511 2027 670 2060 crebrius
704 2028 761 2060 illi
789 2029 827 2060 in
851 2034 958 2073 caput
982 2027 1114 2061 fustem
1138 2026 1336 2070 impingere
1361 2029 1398 2058 et
1422 2025 1536 2069 plagis

96 2086 171 2109 non
214 2076 438 2108 resistentem
481 2074 582 2106 humi
626 2074 774 2107 cadere:
820 2079 857 2107 te
895 2075 1027 2108 iacenti
1070 2072 1244 2106 novacula
1285 2072 1440 2106 cervices
1476 2081 1536 2103 re-

95 2125 206 2166 pente
231 2119 448 2166 praecidere.
498 2120 662 2165 Speciem
687 2121 798 2165 igitur
820 2121 932 2154 visam
964 2119 1167 2152 istiusmodi
1202 2119 1324 2153 fuisse.
1372 2117 1465 2150 Tum
1497 2128 1536 2151 se

97 2165 195 2211 apud
218 2168 377 2200 animum
403 2177 505 2199 suum
532 2167 751 2213 inquisisse,
776 2177 948 2212 quorsum
969 2166 1059 2199 haec
1083 2170 1305 2210 spectarent;
1331 2169 1368 2198 et
1394 2169 1536 2206 putare,

97 2214 202 2246 illum
226 2213 296 2246 tibi
331 2213 465 2245 bellum
487 2213 687 2254 facturum,
715 2213 906 2258 graviaque
934 2218 972 2248 et
996 2214 1108 2245 multa
1130 2212 1289 2256 pericula
1313 2215 1536 2253 creaturum3

97 2260 215 2292 Deum
251 2264 372 2292 autem
416 2258 484 2292 tibi
526 2259 711 2294 victoriam
744 2259 889 2292 tandem
921 2270 1179 2293 concessurum.
1236 2257 1322 2289 Ideo
1360 2267 1434 2290 non
1473 2257 1536 2300 pi-

103 2305 278 2350 grandum
294 2331 304 2345 ‚
329 2304 391 2339 sed
417 2305 614 2339 cavendum
643 2307 688 2339 ab
713 2305 781 2339 hoc
805 2307 894 2340 viro.
943 2305 1048 2338 Talia
1070 2305 1114 2338 de
1139 2305 1309 2349 episcopo
1336 2304 1532 2347 imperator

98 2352 420 2386 commemorabat:
446 2352 578 2397 quibus
604 2353 667 2399 qui
691 2353 916 2394 intererant,
944 2351 1068 2384 audita
1098 2352 1206 2384 etiam
1247 2351 1292 2384 de
1326 2350 1394 2382 ficu
1424 2359 1535 2394 para·

95 2399 200 2438 bola,
235 2399 346 2443 magis
370 2397 415 2430 ad
441 2408 502 2439 ea,
539 2410 634 2444 quae
663 2404 742 2432 tum
766 2410 810 2432 ex
835 2398 1015 2442 evangelii
1038 2397 1168 2436 verbo,
1201 2403 1278 2431 tum
1303 2405 1348 2428 ex
1376 2395 1532 2429 vestium

95 2446 330 2490 proportione
358 2444 452 2478 male
480 2445 719 2490 respondente
747 2445 1078 2489 portendebantur,
1105 2443 1302 2483 credenda,
1336 2442 1535 2475 confirmati

98 2497 191 2524 sunt.
239 2490 380 2524 Etenim
404 2491 433 2524 si
458 2492 604 2536 quando
631 2492 675 2525 de
702 2491 832 2525 futuris
857 2498 1017 2525 narraret
1042 2492 1106 2525 ille
1129 2492 1331 2535 episcopus,
1357 2489 1433 2522 eius
1458 2499 1532 2522 ser-

97 2548 242 2571 monem
265 2548 339 2570 non
365 2549 464 2570 secus
491 2550 596 2584 quam
621 2538 764 2572 oracula
785 2538 1038 2580 attendebaut3
1063 2548 1138 2571 non
1161 2537 1275 2570 solum
1301 2534 1399 2580 quod
1422 2545 1530 2578 saepo

97 2589 249 2617 ventura
271 2590 367 2617 certo
392 2587 700 2627 praenuntiasset,
725 2585 788 2618 sed
813 2585 911 2630 quod
937 2586 1043 2617 etiam
1064 2584 1152 2617 mira
1177 2582 1351 2628 quaedam
1377 2585 1413 2615 et
1437 2591 1530 2626 quae

99 2630 196 2663 solus
220 2630 318 2664 Deus
343 2635 480 2674 potest,
510 2631 648 2677 quique
671 2632 830 2675 puritate
863 2632 1063 2664 animorum
1097 2635 1134 2663 et
1167 2629 1314 2662 sublimi
1346 2629 1442 2661 vitae
1475 2628 1531 2660 in-

98 2677 225 2709 stituto
257 2677 469 2710 familiarem
500 2678 575 2710 eius
600 2678 797 2711 amicitiam
822 2678 946 2721 adepti
971 2682 1077 2718 sunt,
1115 2676 1296 2710 effecisset.
1343 2674 1385 2707 In
1420 2674 1465 2706 iis
1495 2678 1532 2706 et

99 2722 168 2755 hoc
206 2722 337 2764 fertur,
370 2723 467 2768 quod
498 2725 609 2757 animi
646 2726 757 2770 gratia
795 2735 978 2768 exponam.
1038 2721 1282 2766 Didymotichi
1315 2722 1401 2755 civis
1432 2721 1530 2755 haud

100 2769 270 2813 ignobilis
307 2781 454 2808 uxorem
488 2770 664 2807 adulterio
698 2772 874 2816 pollutam
907 2770 1175 2816 suspicabatur,
1217 2780 1283 2805 nce
1322 2767 1527 2803 fallebatur.
