1800 3138
487 196 863 240 nis‘romARUM
903 202 975 241 ιιι.
1002 207 1069 247 32.
1420 185 1522 258 ¹93

95 302 224 352 πᾶσι,
252 299 356 354 πλὴν
383 300 455 351 τῆς
482 295 644 352 ὕβρεως
661 312 672 323 ·
716 301 761 340 ἓν
797 298 926 356 τούτῳ
963 300 1043 356 γὰρ
1076 303 1189 359 μόνῳ
1227 305 1619 358 camporumque
1638 314 1715 358 1341

94 363 244 406 ἑαυτὸν
272 364 516 418 παρέσχετο.
546 362 621 418 τήν
649 378 694 404 τε
723 367 946 418 μνηστείαν
974 368 1047 419 τῆς
1073 366 1310 422 θυγατρὸς,
1340 366 1393 422 ἢν
1418 367 1522 424 πρό-
1535 380 1647 425 2452

95 444 213 484 τερον
238 427 343 483 πρὸς
369 426 442 469 τὸν
468 430 673 481 βασιλέως
703 428 797 470 υὶὸν
826 429 1041 484 πεποίητο,
1086 434 1265 473 διέλυσε.
1318 430 1414 474 τότε
1449 434 1530 486 μὲν

96 489 172 536 οὖν
196 493 400 547 χειμῶνος
427 493 608 543 ἐξαισίου
635 495 947 547 ἐπιγενομένου,
987 492 1014 549 ἥ
1041 511 1083 537 τε
1110 497 1155 536 ἐκ
1184 498 1420 547 Βυζαντίου
1457 501 1531 540 καί

70 559 122 612 5ἧ
150 559 196 600 ἐκ
222 557 526 611 Διδυμοτείχου
567 558 741 612 στρατιὰ
769 556 982 612 ἡσύχαζον
993 593 1006 612 ,
1042 560 1100 614 μη
1141 561 1363 614 δυνάμενοι
1401 561 1526 618 ἀλλή-

95 628 181 672 λοις
204 621 483 674 ἆντεπεξιέναι
511 621 580 664 διὰ
607 622 680 664 τὸν
706 625 913 678 χειμῶνα.
949 627 995 666 ἐν
1023 625 1156 683 τούτῳ
1186 627 1232 668 δὲ
1263 628 1336 668 καί
1362 627 1383 668 ὅ
1411 644 1526 683 πρω-

94 688 334 743 τοστράτωρ
367 690 412 730 ἐκ
434 688 761 742 Θεσσαλονίκης,
788 684 855 729 ὅτι
879 687 957 743 τήν
982 692 1187 742 βασιλέως
1206 693 1408 734 α’πείπατο
1427 709 1527 748 πρε-

94 756 262 806 σβείαν,
290 752 605 806 μεταμεληθείς,
631 755 712 794 τῶν
739 752 1004 795 οἰκειοτάτων
1031 757 1202 807 πέμψας
1227 755 1343 809 τινὰ,
1382 758 1526 813 κρύφα

95 818 297 871 διελέγετο
323 816 380 864 ὥς
410 818 715 872 Θεσσαλονίκην
745 818 1021 872 παραδώσων.
1049 816 1155 861 εἶναι
1181 819 1261 876 γὰρ
1293 819 1405 879 αὐτῷ
1431 822 1527 871 τοὺς

45 880 436 937 ῐοσυμπράττοντας
462 882 552 923 ἐκεῖ
571 880 757 931 πολλούς.
785 884 1059 935 συνεβούλευέ
1086 900 1129 925 τε
1148 884 1207 939 μή
1226 886 1417 940 μέλλειν,
1436 888 1525 928 ἀλλ’

93 944 182 999 ἅμα
209 944 283 1002 ἦρι
308 944 422 1001 ἥκειν
452 945 554 1002 πρὸς
582 943 712 988 αὗτόν
732 978 745 1000 ,
783 947 840 997 ὥς
868 950 1020 1002 πολλῆς
1059 950 1174 1006 adu?
1202 949 1405 1005 ὠφελείας
1430 954 1524 994 ἐσο-

91 1014 218 1067 μένης
253 1014 296 1063 ἑξ
331 1014 502 1055 ἐκείνου.
556 1010 710 1064 ὁμοίως
750 1014 797 1053 δὲ
826 1015 900 1053 καί
934 1015 1125 1068 Χρέλης,
1164 1012 1209 1063 ὃς
1246 1011 1298 1070 ἦν
1325 1013 1557 1071 πρότερονΒ

92 1076 197 1131 πρὸς
229 1073 494 1132 Ἀνδρόνικον
533 1076 606 1119 τὸν
642 1079 819 1130 βασιλέα
859 1078 1151 1133 ηὖτομοληκώς
1183 1081 1229 1120 ἐκ
1281 1083 1524 1134 Τριβαλαῖν,

92 1142 348 1197 στρατιώτας
378 1158 420 1184 τε
448 1141 556 1195 ἔχων
581 1144 748 1196 χιλίους
774 1145 848 1184 καί
872 1142 1012 1192 πόλεις
1042 1151 1154 1198 τρεῖς
1190 1144 1523 1200 παραδεδωκώς,

45 1204 146 1254 ιόιῖς
171 1206 389 1260 Ῥωμαίων
416 1202 544 1254 οὔσας
581 1204 790 1261 ὑπηκόους
825 1207 930 1248 κατὰ
958 1207 1030 1250 τὸν
1066 1208 1171 1263 πρὸς
1205 1210 1409 1264 ἀλλήλους
1443 1213 1525 1253 τῶν

89 1271 363 1326 Ἀνδρονίκων
398 1274 605 1325 βασιλέων
641 1268 820 1324 πόλεμον
846 1275 1050 1327 κατέσχον
1088 1273 1128 1315 οἱ
1180 1277 1402 1330 Τριβαλοί,
1440 1279 1523 1318 τῶν

93 1334 347 1389 κατεχόντων
366 1333 585 1388 Ῥωμαίων
611 1337 908 1392 παραδόντων·
965 1333 1083 1388 οὗτος
1113 1338 1164 1393 δὴ
1193 1336 1267 1381 οὖν
1295 1340 1317 1380 ὃ
1358 1342 1524 1395 Χρέλης

91 1400 289 1456 χρήμασί
311 1416 354 1443 τε
381 1397 616 1456 ἐρῥωμένος
642 1401 715 1443 καί
739 1402 937 1457 στρατιὰν
967 1402 1076 1457 ἔχων
1104 1401 1318 1459 ἀξιόλογον
1334 1405 1408 1461 ὑφ’
1428 1403 1526 1447 ἑαυ-

93 1467 149 1522 τῷ
185 1469 255 1508 καί
293 1464 495 1522 πρότερον
534 1470 704 1519 βασιλεῖ
725 1469 783 1523 τῷ
826 1470 1162 1527 Καντακουζηνῷ
1191 1471 1233 1517 ἐς
1261 1469 1314 1510 τὰ
1345 1469 1527 1522 μάλιστα

43 1531 219 1587 αοφίλος
247 1527 328 1581 ὧν,
361 1527 580 1586 (διἀὗτοῦ
605 1531 686 1586 γὰρ
715 1535 788 1574 καί
812 1534 1054 1590 Ἀνδρονικῳ
1083 1537 1294 1589 προσῆλθε
1321 1536 1378 1591 τῷ
1402 1539 1527 1587 βασι-

94 1600 194 1653 λεῖ,)
231 1598 402 1650 πέμψας
433 1596 507 1637 καί
549 1596 685 1649 αὐτὸς,
732 1596 797 1639 ὅτι
822 1614 867 1638 τε
892 1597 1052 1651 αἱροῖτο
1080 1598 1230 1652 ἐδήλου
1259 1598 1311 1640 τὰ
1342 1602 1525 1652 ἐκείνου,

95 1665 169 1704 καί
203 1660 381 1718 παρῄνει
423 1665 496 1704 καί
533 1660 663 1711 αὐτὸς
700 1661 810 1717 πρὸς·
852 1661 926 1716 την
967 1660 1147 1717 ἑσπέραν
1185 1665 1343 1715 μᾶλλον
1382 1667 1526 1719 τρέπε-

95 1730 221 1780 σθαι,
260 1725 317 1775 ὥς
345 1729 397 1768 ου’
424 1726 588 1782 φαύλης
611 1726 722 1776 τινὸς
750 1725 927 1768 αὐτόθεν
952 1729 1147 1781 ἐσομένης
1174 1723 1390 1781 ὠφελείας.
1443 1732 1554 1780 ,θα-ρ

96 1792 236 1841 σιλεύς
271 1793 316 1834 δὲ
343 1790 365 1832 ὅ
394 1791 757 1847 Καντακουζηνὸς,
787 1792 878 1833 ἐπεὶ
902 1790 1023 1846 ἔαρος
1048 1787 1137 1846 ὥρα
1166 1786 1244 1847 ἤδη
1274 1788 1353 1846 ἦν,
1382 1794 1613 1849 §unq-AS.
1631 1804 1713 1848 1342

191 1917 241 1950 ι5.
267 1913 310 1952 ἃς
335 1934 375 1942 -
401 1915 591 1957 ιῗπηκόους
618 1927 685 1949 om.
713 1917 747 1950 P.

100 2043 170 2077 hoc
201 2044 337 2089 quippe
371 2055 444 2078 uno
480 2044 676 2077 modestius
706 2054 743 2077 se
775 2043 931 2088 gerebat.
987 2043 1216 2077 Connubium
1260 2048 1378 2076 antem
1411 2044 1522 2085 filiae,

102 2089 201 2135 quod
234 2091 334 2134 prius
369 2090 445 2123 filio
480 2090 705 2135 imperatoris
731 2093 963 2134 promiserat,
997 2089 1154 2123 rescidit.
1213 2089 1320 2122 Tunc
1341 2089 1451 2134 igitur
1474 2090 1523 2123 ob

98 2136 367 2169 inclementiam
390 2136 541 2177 hiemis,
565 2147 658 2181 quae
680 2137 851 2179 Byzantio
885 2137 1048 2170 exierant
1079 2140 1115 2168 et
1150 2146 1242 2181 quae
1275 2135 1523 2178 Didymotichi

99 2187 201 2216 erant
236 2183 381 2226 copiae,
420 2193 630 2216 concurrere
663 2183 915 2228 nequiverunt.
977 2182 1125 2215 Interim
1164 2186 1403 2226 protostrator
1435 2182 1524 2215 facti

97 2228 313 2272 poeniten-⁴3,
347 2229 445 2273 quod
481 2229 697 2272 legationem
731 2229 941 2273 repulisset,
970 2239 1035 2272 per
1063 2228 1230 2261 intimum
1256 2226 1436 2271 quendam
1462 2239 1523 2261 oc-

100 2275 196 2307 culte
219 2272 345 2307 urbem
359 2274 649 2307 Thessalonicam
672 2276 883 2319 imperatori
911 2286 948 2308 se
969 2274 1183 2308 traditurum
1208 2273 1420 2317 pollicetur:
1445 2284 1523 2307 esse

102 2321 198 2353 enim
224 2321 301 2352 illic
317 2344 326 2359 ,
348 2321 411 2364 qui
437 2322 472 2354 ei
498 2321 680 2361 faverent,
708 2332 816 2365 quam
842 2321 1034 2365 plurimos:
1060 2325 1097 2352 et
1125 2319 1320 2358 monebat,
1354 2329 1400 2351 ne
1435 2330 1524 2352 cun-

99 2371 273 2406 ctaretur,
297 2365 360 2398 sed
383 2367 474 2399 veris
498 2367 604 2400 initio
628 2367 830 2408 accederet;
853 2367 1007 2400 multum
1036 2377 1073 2398 se
1098 2366 1176 2398 eius
1201 2363 1401 2398 rationibus
1426 2376 1524 2399 com-

100 2411 339 2444 modaturum.
399 2411 575 2446 Similiter
605 2418 641 2446 et
678 2413 852 2453 Chrelcs,
882 2413 946 2459 qui
976 2411 1172 2457 aliquando
1206 2422 1250 2444 ex
1272 2411 1446 2446 Triballis
1471 2411 1521 2445 ad

100 2457 343 2491 Andronicum
369 2458 616 2502 transfugerat,
644 2470 721 2492 sese
741 2471 818 2492 cum
843 2460 944 2492 mille
968 2457 1146 2491 militibus
1171 2461 1207 2489 et
1235 2457 1352 2490 tribus
1376 2458 1520 2502 oppidis

100 2502 312 2543 dediderat,
334 2514 426 2548 quae
450 2504 616 2538 Romanis
637 2505 818 2546 subiecta,
842 2505 1055 2538 Andronicis
1080 2505 1175 2536 inter
1206 2514 1244 2536 se
1275 2502 1522 2548 belligeranti-

100 2548 180 2589 bm,
202 2548 370 2589 Triballi,
397 2550 524 2583 incolis
548 2551 772 2584 deditionem
791 2551 1019 2590 facientibus,
1050 2554 1275 2593 occuparant.
1311 2549 1378 2582 Hic
1393 2551 1518 2594 itaque

99 2594 247 2629 chi-eles
271 2606 291 2627 a
318 2596 472 2640 pecunia
499 2597 692 2631 instructus
719 2602 755 2630 et
779 2598 975 2631 exercitum
997 2595 1063 2628 sub
1090 2605 1128 2628 se
1151 2606 1225 2628 non
1256 2596 1519 2640 aspernandum

98 2640 238 2676 habens
265 2647 302 2675 et
325 2646 429 2674 antea
454 2643 660 2686 imperatori
693 2643 944 2677 Cantacuzeno
977 2641 1210 2674 amicissimus
1247 2639 1325 2686 (per
1351 2652 1456 2687 quem
1482 2647 1519 2675 et

100 2685 295 2720 Andronici
319 2689 510 2720 amicitiam
536 2688 686 2733 adeptus
707 2689 852 2735 fuerat),
877 2689 977 2721 misit
997 2688 1076 2731 ipse
1102 2698 1246 2732 quoque
1271 2687 1518 2729 significatum,

102 2742 140 2763 se
165 2732 241 2765 eius
269 2739 388 2778 partes
422 2734 548 2779 sequi,
581 2745 660 2767 cum
685 2735 949 2773 cohortatione,
975 2734 1029 2765 uti
1055 2732 1100 2765 ad
1124 2731 1346 2766 occidentem
1370 2744 1407 2768 se
1432 2744 1519 2766 con-

100 2783 278 2824 verteret3
298 2784 424 2824 utpote
449 2791 523 2814 non
545 2781 711 2815 minimos
732 2781 786 2815 ibi
811 2781 978 2814 utilitatis
1002 2779 1138 2812 fructus
1163 2779 1382 2813 inventurus.
1424 2780 1518 2814 Can-

148 2844 417 2881 Cantacuzenus
439 2847 486 2880 11.
1220 2857 1231 2879 ι
1240 2846 1259 2879 3
