1820 3152
290 163 402 218 556
704 226 706 228 ,
823 181 1192 225 οΑ-ΝΤΑουΖΕΝι

94 286 178 323 Ac.
198 288 284 333 13'46
295 283 451 338 πολλοὶ,
497 280 702 342 ἐπιθυμίᾳ
745 284 916 340 κέρδους
953 276 1208 341 αἱρήσεσθαι
1242 283 1316 327 καὶ
1355 282 1454 335 τούς
1479 282 1727 341 ’βαρβάρους

288 350 360 393 τὸν
405 350 510 406 πρὸς
550 351 726 404 βασιλέα
762 348 952 403 πόλεμον.
1010 353 1132 393 τοῦτο
1167 352 1207 392 <5³
1221 352 1418 400 ἐναντίως
1444 351 1668 406 ἀπέβαινεν
1697 346 1727 406 ἢ

287 418 440 464 ἐκεῖνος
466 410 578 473 ᾤετο.
633 415 691 463 ὥς
717 414 796 470 γὰρ
835 417 993 470 ἐγένετο
1030 418 1103 458 ἐπὶ
1142 419 1183 458 Γ
1180 418 1383 472 αρέλλαν,
1424 419 1496 458 καί
1529 418 1727 471 ἐπέτρεπε

287 481 363 536 την
390 480 505 523 λείαν
532 479 695 534 πολλὴν,
717 477 930 536 ὁρωμένην
957 478 1192 537 ἀνθρώπων
1221 483 1330 535 ὁμοῦ
1346 485 1419 524 καί
1433 480 1724 538 βοσκημάτων,

287 547 329 589 οἱ
359 549 530 603 Πέρσαι
556 548 635 598 μὲν
654 545 849 601 ἠρώτων,
891 549 932 589 εἰ
962 546 1019 603 μη
1058 545 1140 589 ὑπὸ
1172 548 1524 603 Καντακουζηνόν
1549 548 1622 591 τὸν
1648 548 1754 601 βαι-5

289 615 409 655 σιλέα
445 612 472 667 ἦ
509 610 632 668 χώρα
673 610 749 667 εἴη.
804 614 881 654 τοῦ
918 614 964 655 δὲ
1018 611 1247 665 ἐξειπόντος
1291 613 1338 656 τὸ
1381 612 1620 670 ἀπόρῥητον
1658 615 1732 656 καί

155 688 199 722 V.
213 679 590 732 53ιπαραινοῦντος
623 682 980 733 πολυπραγμονεῖν
1012 681 1173 734 μηδὲν,
1201 680 1294 722 ἀλλ’
1323 681 1614 739 ἐμπίπλασθαι
1645 682 1731 722 τῶν

289 743 595 800 ἀνδραπόδων,
635 742 675 786 οἱ
714 744 924 801 βάρβαροι
966 744 1324 800 ἀγανακτήσαντες
1367 744 1473 802 πρὸς
1512 745 1586 800 τήν
1615 745 1728 788 ἀπά-

293 826 391 865 την,
438 806 500 852 ὅτι
547 810 678 865 μηδὲν
720 808 882 861 εἰδότας
919 810 990 853 ἐπὶ
1016 812 1203 864 ’βασιλέα
1254 806 1407 866 ἤγαγε,
1459 813 1531 853 καί
1579 814 1731 864 δυσχε-

166 879 284 916 Ρ.665
297 874 493 931 ράναντες
529 875 637 931 ὑπὲρ
679 875 859 928 ἐκείνου,
897 874 1121 932 Βατάτζην
1157 880 1236 930 μὲν
1268 874 1579 920 ἀποκτείνουσιν
1611 876 1787 918 ariri-10

292 958 344 982 κα
364 974 376 995 ,
409 940 507 990 τούς
539 937 691 987 ἄλλους
725 944 770 984 δὲ
798 942 1039 995 ε,Ρωμαίους
1059 975 1070 994 ‚
1107 940 1201 985 ὅσοι
1231 946 1440 998 συνῆσαν,
1474 936 1732 998 έξανδραποφ

291 1007 480 1055 δίσαντες
523 1006 596 1048 καί
625 1007 698 1049 τὸν
743 1007 856 1061 υἱὸν,
905 1004 1176 1064 ἀνεχώρησαν
1208 1009 1273 1051 ἐπ’
1292 1007 1407 1051 οἴκου
1428 1041 1441 1064 ‚
1471 1010 1605 1064 μηδὲν
1637 1013 1733 1058 ταῖς

291 1072 373 1114 ὑπὸ
403 1074 581 1126 βασιλέα
613 1070 760 1116 πόλεσι
788 1068 1023 1124 ’τελούσαις
1060 1072 1355 1130 λυμηνάμενοι.
1410 1074 1626 1129 Βατάτζης
1656 1075 1734 1127 μὲν

292 1135 368 1180 οὖν
414 1137 627 1194 τοιαύτην
655 1137 783 1181 ἔδωκε
818 1139 935 1195 δίκην
968 1142 1042 1195 τῆς
1072 1136 1381 1196 ἀγνωμοσύνης.
1439 1140 1483 1183 αἱ
1527 1142 1572 1183 δὲ
1604 1156 1734 1182 συνα-

290 1206 498 1246 ποστᾶσαι
532 1202 742 1260 πρότερον
774 1206 912 1263 ἐκείνῳ
946 1207 1086 1255 πόλεις
1127 1207 1201 1247 καί
1228 1205 1334 1259 μετὰ
1366 1206 1442 1262 τήν
1476 1205 1633 1249 ἐκείνου
1665 1203 1786 1260 τε-ιὸ

290 1268 440 1325 λευτην
474 1266 524 1311 οὗ
565 1271 891 1326 προσεχώρησαν
931 1274 990 1328 τῷ
1032 1274 1222 1325 βασιλεῖ,
1274 1270 1378 1314 ἄλλα
1409 1274 1535 1327 μέχρι
1578 1271 1733 1313 πολλοῦ

291 1337 553 1391 ἐπολέμησαν
595 1336 860 1390 οἷντέχουσαι.
916 1338 959 1386 ἐξ
1001 1336 1166 1379 ἐκείνων
1210 1339 1255 1378 δὲ
1288 1340 1370 1379 τῶν
1402 1336 1564 1379 πόλεων
1600 1339 1672 1394 κμί
1702 1337 1732 1392 ἦ

292 1400 366 1443 τὸν
397 1402 644 1457 Ἐμπυρίτην
677 1397 788 1450 ὄντες
808 1404 1060 1455 ,κατέχουσα
1091 1401 1286 1458 φρουρὰ,
1320 1401 1391 1445 τὸν
1422 1399 1601 1459 ἄρχοντα
1632 1408 1733 1446 συλ-

292 1464 485 1520 λαβόντες
530 1468 649 1522 σφῶν
696 1468 985 1522 Ἀρχοντίτζην
1026 1468 1465 1524 προσαγορευόμενον,
1519 1469 1651 1512 αὐτόν
1688 1486 1732 1512 τε

291 1532 530 1588 παρέδοσαν
568 1533 756 1585 βασιλίδι
804 1533 877 1574 καί
905 1531 952 1574 τὸ
989 1531 1206 1589 φρούριον.
1257 1534 1330 1576 καί
1359 1535 1557 1588 τυχόντες
1590 1534 1786 1585 ἃδειάςὶθ

255 1599 351 1647 Βεῖς
396 1596 473 1646 τὰς
517 1597 647 1647 οἰκίας
690 1599 936 1653 ἐπανῆλθον,
999 1596 1189 1655 Ἰωάννης
1219 1617 1262 1642 τε
1303 1599 1558 1651 Ἀπόκαυκος
1600 1602 1623 1642 ὅ
1656 1604 1747 1644 τοῦ

290 1660 475 1716 μεγάλου
512 1662 660 1711 δουκὸς
693 1661 876 1720 ἀδελφὸς
922 1663 1068 1713 νυκτὸς
1117 1664 1306 1707 ἐπελθών
1350 1664 1398 1707 τὸ
1432 1667 1604 1721 ‘Pq'ytov
1648 1664 1732 1710 εἷλε

292 1729 517 1785 προδοσία,
551 1730 622 1770 καί
652 1728 729 1783 την
764 1729 969 1782 βασιλέως
1001 1729 1174 1785 ἐξήλασε
1209 1729 1414 1787 φρουράν.
1449 1731 1650 1786 βασιλεύς
1667 1735 1731 1786 δὲ,

291 1792 385 1834 ἐπεὶ
413 1793 440 1848 ἦ
476 1793 648 1848 στρατιὰ
699 1792 767 1834 διὰ
811 1794 882 1836 τὸν
925 1794 1031 1849 πρὸς
1075 1795 1293 1851 Βατάτζην
1332 1795 1518 1850 πόλεμον
1555 1794 1637 1853 ἤδη
1683 1795 1733 1854 ἦ-

293 1862 522 1916 θροισμένη
557 1855 630 1915 ἧν,
665 1861 800 1902 ἐδόκει
833 1862 919 1904 δεῖν
950 1864 1200 1914 Βυζαντίοις
1236 1864 1444 1906 &nemeae
1495 1863 1787 1907 συνείποντο25

389 1952 423 1988 5.
447 1948 524 1996 μὴν
548 1950 596 1983 Μ.
695 1962 745 1996 ¹7-
777 1960 815 1985 τε
839 1952 873 1984 Ρ.
975 1965 1025 1998 19.
1054 1951 1280 1999 παρέδωσαν
1302 1953 1336 1988 Ρ.

298 2041 381 2066 eum
416 2031 551 2065 fefellit
583 2031 721 2075 opinio.
770 2031 815 2064 Ut
848 2032 944 2065 enim
979 2033 1077 2078 apud
1122 2034 1305 2068 Garellam
1354 2034 1509 2077 opimam
1543 2034 1732 2069 hominum

296 2088 543 2125 pecorumque
574 2078 746 2123 praedam
772 2079 824 2110 eis
849 2080 1047 2120 concessit,
1081 2079 1205 2114 Persae
1230 2080 1486 2125 quaesierunt,
1508 2081 1639 2126 ecquid
1663 2081 1731 2115 sub

299 2125 551 2158 Cantacuzeno
578 2130 672 2157 esset
698 2125 763 2158 illa
792 2126 903 2169 regio.
957 2128 1100 2160 Batatze
1126 2125 1225 2172 quod
1261 2127 1395 2159 celarat
1429 2128 1615 2171 aperiente
1644 2127 1733 2162 hor-

298 2177 486 2217 tanteque,
510 2183 555 2204 ne
583 2176 704 2204 essent
734 2172 878 2211 curiosi,
894 2172 958 2205 sed
978 2178 1154 2218 quantum
1180 2173 1314 2206 liberet
1340 2174 1602 2218 mancipiorum
1629 2185 1733 2219 rape·

299 2224 403 2260 rent,
438 2218 581 2252 barbari
623 2217 669 2252 ob
709 2218 869 2252 fraudem
904 2219 1086 2253 stomacho
1124 2219 1418 2260 exardescentes,
1466 2221 1566 2265 quod
1599 2222 1732 2254 inscio-⁴

300 2271 423 2299 contra
458 2266 710 2309 imperatorem
751 2264 936 2306 duxisset,
970 2271 1006 2298 et
1037 2270 1183 2310 propter
1225 2277 1306 2299 eum
1343 2266 1546 2312 indignati,
1591 2267 1731 2301 homini

299 2324 383 2346 mox
418 2312 514 2345 ferro
554 2313 662 2345 vitam
696 2312 876 2355 eripiunt,
912 2318 948 2346 et
979 2313 1156 2347 Romanos
1185 2313 1260 2346 eius
1290 2313 1424 2346 milites
1460 2313 1504 2347 ad
1536 2325 1646 2346 unum
1679 2315 1731 2347 si-

299 2361 449 2404 mulque
482 2359 597 2390 filium
630 2359 788 2402 captivos
813 2358 1050 2398 abducentes,
1073 2358 1319 2404 subiectisque
1352 2354 1561 2404 imperato'ri
1587 2361 1732 2406 oppidis

301 2407 398 2439 nihil
422 2406 631 2438 damnorum
658 2405 799 2445 dantes,
823 2406 968 2439 domum
997 2405 1178 2438 recedunt.
1205 2407 1365 2439 Batatzes
1392 2406 1501 2449 igitur
1526 2407 1591 2439 tali
1615 2404 1731 2452 poena‘.

303 2454 417 2485 scelus
443 2463 545 2484 suum
571 2451 742 2495 expiavit,
778 2451 947 2485 Civitates
972 2452 1205 2496 apostatrices
1221 2457 1303 2496 post
1317 2453 1393 2486 eius
1413 2452 1557 2499 quoqtle
1579 2460 1730 2490 mortem

308 2498 369 2531 din
397 2500 617 2532 restiterunt.
667 2500 707 2531 ln
733 2498 788 2531 his
818 2501 880 2543 qui
907 2498 1112 2542 Empyriten
1137 2499 1313 2532 ten'ebant
1347 2500 1595 2543 praesidiarii,
1625 2511 1731 2544 prae-

308 2546 442 2579 fectum
469 2557 569 2577 suum
599 2544 853 2578 Archontitzen
877 2546 1023 2578 nomine
1047 2546 1359 2589 comprehendunt
1393 2551 1429 2578 et
1453 2557 1530 2579 cum
1558 2549 1635 2591 ipslo
1669 2557 1730 2580 ca-

305 2591 411 2625 stello
445 2591 663 2635 imperatrici
698 2591 859 2632 dedunt,
895 2591 1090 2637 adeptique
1128 2593 1402 2636 impunitatem,
1437 2593 1560 2626 domos
1585 2591 1728 2627 abeunt.

303 2639 352 2672 At,
374 2638 786 2680 IoannesApocauclius,
812 2639 930 2683 magni
953 2639 1051 2671 ducis
1079 2639 1201 2679 frater,
1228 2644 1334 2674 nocte
1361 2645 1500 2683 praeter
1521 2640 1730 2683 opinionem

304 2684 519 2722 adveniens,
563 2683 735 2728 Rhegium
772 2685 977 2728 proditione
1016 2686 1112 2729 capit
1157 2691 1193 2718 et
1233 2686 1460 2730 imperatoris
1509 2686 1729 2729 praesidium

305 2731 415 2765 eiicit.
465 2729 578 2769 Idem,
606 2737 816 2776 congregato
842 2732 912 2764 iam
940 2733 1002 2778 qui
1028 2732 1194 2765 adversus
1218 2733 1386 2766 Batatzeu
1411 2733 1644 2776 colligebatur
1669 2743 1731 2766 cx-

284 2778 442 2818 'ercitu‚
474 2777 660 2819 Byzantios
694 2779 913 2814 adoriundos
948 2779 1117 2817 decrevit.
1176 2779 1426 2825 Sequebantur
1450 2780 1552 2815 illum
1584 2778 1730 2821 llicrax,
