1800 3138
294 182 395 236 ¹92
814 171 1184 215 CANTACUZENI

85 274 566 336 ΑΑΛ),,34,(,ἰρχαιοτέρας
605 270 783 323 μηνίων,
830 268 912 312 εἴτε
953 270 1026 312 καὶ
1050 269 1141 313 τότε
1179 273 1341 326 πρῶτον
1370 274 1415 315 ἐκ
1452 274 1527 314 τοῦ
1557 287 1722 330 παρεωα

251 345 454 400 ορᾶσθαι
491 335 802 378 ὑπωπτευκέναι
850 335 952 390 πρὸς
994 335 1122 391 ὄργὴν
1150 336 1331 392 ἐξήγετο,
1379 338 1475 386 τούς
1502 354 1548 381 τε
1574 337 1721 393 λόγους

286 411 358 463 τῆς
386 405 607 461 πρεσβείας
636 397 692 447 ὥς
721 396 888 451 ἔχοντας
915 396 1037 442 οῦδὲν
1063 401 1195 454 ὑγιὲς,
1225 402 1311 442 ἀλλ’
1333 401 1468 459 ἀπάτῃ
1499 418 1718 445 συνεσκευ-

290 473 512 526 ασμένους,
558 465 840 518 ἀπεπέμπετο,
869 465 1041 520 φάσκων
1071 464 1148 518 ὥς,
1180 468 1218 508 εἰ
1243 467 1313 507 καί
1349 471 1448 522 παρ’
1475 469 1613 525 ἐκείνῳ
1637 470 1719 510 τῶν

289 533 466 593 μηδενὸς
493 530 617 583 ἀξίων
644 527 872 584 ἐνομίσθη,
917 530 1005 570 ἄλλ’
1034 525 1161 578 αὐτὸς
1191 527 1331 579 αὗτοῑς
1369 530 1505 586 ἔργοις
1534 531 1748 587 ποιήσειν5

293 600 553 656 καταφανὲς,
591 595 648 644 ὥς
687 590 784 642 τούς
819 610 862 636 τε
891 595 1039 650 φίλους
1076 595 1251 650 ω’φελεῖν
1279 596 1353 637 καί
1375 595 1472 644 τοὺς
1498 599 1719 649 πολεμίους

283 667 478 722 βλάπτειν
508 663 673 703 δύναιτο
699 657 750 701 τὰ
780 661 969 712 μέγιστα·
1029 658 1102 700 καί
1129 659 1224 708 τούς
1253 661 1451 716 πρέσβεις
1480 663 1538 710 εἷς
1574 659 1621 702 τὸ
1653 662 1720 703 δε-

280 729 515 785 σμωτήριον
543 727 717 780 εἰσῆγεν.
745 723 1027 779 οΐΔημήτριός
1053 739 1097 765 τε
1130 719 1237 779 ἦσαν
1267 722 1288 765 ὃ
1318 724 1621 781 Κασανδρηνὸς
1647 725 1722 768 καὶ

281 795 526 847 Λάσκαρις,
565 789 610 840 ὃς
644 783 696 844 ἦν
732 791 860 843 μέγας
886 786 1195 842 χαρτουλάριος
1221 787 1298 844 τήν
1337 789 1470 839 ἀξίαν.
1527 785 1643 839 ὄντος
1671 792 1718 833 δὲ

290 862 336 902 ἐν
367 861 524 913 Φεραῖς
551 855 601 896 οὔ
627 852 898 909 βοσκημάτων
932 853 1062 906 μόνον
1088 852 1275 909 πλήθους
1303 857 1637 912 Καντακουζηνῷ
1662 858 1771 913 veiim

288 928 478 978 βασιλεῖ,
516 918 623 964 ἀλλὰ
659 919 733 960 καί
769 917 946 974 πυῤῥῶν
988 920 1058 960 καί
1081 920 1252 973 καρπῶν
1278 921 1360 961 ταῖν
1388 914 1539 972 ἄλλων,
1570 918 1640 961 διὰ
1668 917 1716 961 τὰ

251 987 478 1043 Βμεγάλας
519 985 591 1027 καί
625 986 821 1032 πλείστας
862 981 1021 1037 κτήσεις
1061 985 1249 1037 μᾶλλον,
1287 980 1318 1039 ἦ
1340 982 1446 1026 κατὰ
1488 983 1563 1034 τὰς
1591 980 1720 1033 ἄλλας

289 1051 431 1102 πόλεις
475 1053 676 1093 ἐνταυθοῖ
711 1050 957 1101 κεκτῆσθαι,
1001 1046 1135 1090 πάντα
1164 1051 1341 1092 ἐποιεῖτο
1369 1047 1458 1090 ἴδια
1485 1045 1637 1099 εὖθύς·
1664 1050 1720 1091 δι’

291 1118 321 1161 (ἲ
347 1117 419 1159 καὶ
442 1119 600 1170 μᾶλλον
628 1112 880 1168 ὑπωπτεύθη
909 1112 981 1154 τὸν
1008 1111 1114 1169 πρὸς
1133 1114 1288 1155 ἐκεῖνον
1314 1113 1494 1166 πόλεμον
1517 1112 1719 1171 ᾑρῆσθαι,

290 1181 485 1233 συνιδών,
529 1179 586 1229 ὦς
613 1178 769 1231 ἔοικεν,
810 1176 867 1226 ὥς
904 1179 949 1219 ἐκ
977 1180 1050 1231 τῆς
1079 1179 1286 1234 διαφορᾶς
1323 1182 1394 1234 τῆς
1431 1177 1532 1234 πρὸς
1569 1180 1773 1221 ἐκεῖνονῶ

288 1247 416 1302 μείζω
457 1245 627 1287 δύναιτο
655 1243 950 1299 καρποῦσθαι,
1004 1238 1129 1298 ἢτῆς
1157 1243 1368 1296 ὁμονοίας,
1408 1241 1493 1296 εἴγε
1529 1245 1600 1284 καί
1636 1244 1720 1285 τῶν

291 1310 463 1368 πρώτων
490 1311 562 1351 καί
586 1309 789 1362 μεγίστων
818 1307 1022 1349 ἀπολαύοι
1049 1309 1146 1363 παρ’
1176 1305 1288 1364 αὔττῖἱ
1314 1312 1458 1360 τιμῶν.
1514 1308 1564 1349 οὐ
1591 1306 1720 1360 μόνον

290 1378 369 1433 γὰρ
400 1377 564 1418 ἐκείνων
591 1370 800 1415 τοσούτων
829 1367 957 1414 ὄντων
984 1371 1126 1428 κύριος
1152 1367 1202 1428 ἦν
1228 1373 1379 1426 εὐθὺς,
1405 1370 1510 1414 ἀλλὰ
1530 1373 1603 1413 καί
1619 1370 1718 1420 τούς

293 1443 441 1499 φίλους
470 1438 690 1494 διηρεύνα,
721 1437 763 1478 οἳ
786 1431 892 1492 ἦσαν
920 1439 964 1479 ἐν
995 1440 1152 1493 Φεραῖς
1181 1437 1338 1479 πολλοί.
1365 1439 1437 1479 καί
1461 1437 1624 1478 πάντων
1641 1434 1718 1485 τὰς

288 1508 434 1554 οὐσίας
471 1501 814 1559 ἆφαιρούμενος,
862 1500 1055 1551 ἐκόλαζεν
1096 1500 1401 1556 ἀπανθρώπως.
1455 1497 1508 1555 ἧν
1547 1499 1628 1555 γὰρ
1666 1499 1772 1555 &vizo

289 1569 395 1625 πρὸς
436 1570 556 1610 τοῦτο
596 1564 794 1622 πρότερόν
829 1582 874 1607 τε
915 1566 1022 1620 ἔχων
1056 1564 1236 1619 μάλιστα
1278 1563 1506 1622 ἐπιῤῥεπῶς
1533 1569 1606 1608 καί
1629 1564 1720 1607 τότε

291 1634 475 1689 μάλιστα
513 1633 790 1689 ἐφιλονείκησε
816 1632 1024 1686 μηδεμίαν
1065 1630 1273 1686 ω’μότητος
1314 1630 1547 1686 ὑπερβολήν
1578 1627 1720 1672 ἄπολι-

291 1700 398 1742 πεῖν.
450 1698 585 1754 πολλῷ
613 1695 691 1751 γὰρ
720 1697 779 1753 τῷ
803 1698 938 1754 μέτρῳ
959 1694 1057 1746 τούς
1085 1697 1129 1738 ἐν
1155 1696 1378 1753 Βυζαντίῳ
1408 1693 1644 1752 παρήλασεν
1675 1696 1723 1738 ἐν,

384 1828 416 1861 9.
443 1814 602 1860 Λάσκαρ
627 1813 660 1846 P.

292 1934 450 1981 tiquiore
474 1933 628 1981 quadam
654 1943 758 1967 causa
787 1942 1019 1972 succensenS,
1046 1932 1118 1965 sive
1143 1935 1218 1964 tum
1248 1931 1422 1974 primum,
1448 1929 1545 1975 quod
1571 1940 1608 1962 se
1633 1939 1720 1963 con-

293 1987 470 2026 temptum
504 1982 763 2025 suspicaretur,
800 1978 1084 2018 excandescens,
1124 1982 1160 2010 et
1193 1976 1300 2009 verba
1333 1977 1528 2021 legatorum
1561 1980 1603 2008 ut
1625 1976 1721 2008 nihil

296 2029 473 2062 sincerum
508 2028 753 2066 continentia,
785 2025 848 2059 sed
881 2024 1005 2058 dolose
1037 2025 1204 2062 conficta,
1239 2023 1382 2062 reiecit,
1417 2021 1576 2061 addens,
1606 2022 1675 2054 etsi
1699 2031 1720 2054 a

296 2074 545 2107 Cantacuzeno
582 2074 676 2105 inter
699 2072 863 2104 homines
890 2070 1039 2103 trioboli
1065 2075 1158 2102 esset
1181 2074 1407 2107 numeratus,
1433 2073 1553 2100 tamen
1578 2078 1616 2100 re
1641 2068 1719 2111 ipsa

296 2120 557 2154 declaraturum
571 2144 579 2158 ‚
596 2130 632 2152 se
646 2129 725 2151 cum
739 2119 861 2150 amicis
876 2116 1056 2160 prodesse,
1066 2121 1140 2148 tum
1159 2115 1313 2147 inimicis
1335 2115 1460 2147 obesse
1469 2124 1572 2158 posse
1591 2125 1721 2158 quam-

294 2166 514 2211 plurimum,
548 2170 583 2197 et
615 2165 748 2208 legatos
781 2164 820 2196 in
856 2172 1030 2195 carcerem
1062 2162 1225 2194 inclusit:
1254 2160 1473 2193 Demetrium
1498 2170 1626 2203 nempe
1651 2159 1720 2192 Ca-

296 2212 511 2244 sandreuum
537 2216 574 2243 et
603 2209 800 2250 tamarim,
825 2219 991 2252 magnum
1026 2207 1293 2242 chartularium,
1341 2206 1503 2250 Cumque
1537 2205 1720 2238 Cantacu-

295 2269 404 2291 zenus
440 2256 561 2290 Pheris
592 2254 743 2288 haberet
774 2266 848 2288 non
885 2255 998 2287 solum
1023 2255 1181 2298 pecoris,
1214 2251 1275 2285 sed
1302 2257 1338 2284 et
1360 2252 1471 2285 tritici
1494 2252 1719 2296 aliarumque

295 2305 436 2347 frugum
461 2305 643 2347 ingentem
667 2312 876 2340 numerum,
903 2305 1093 2344 propterea
1118 2299 1216 2343 quod
1241 2298 1431 2342 ampliores
1465 2308 1505 2328 ac
1537 2297 1658 2340 plures
1681 2296 1716 2329 ei

297 2350 486 2395 hic‚quam
521 2347 616 2391 apud
651 2347 756 2380 urbes
790 2347 877 2379 alias
902 2346 1144 2390 possessiones
1171 2348 1294 2383 erant,
1320 2345 1440 2377 omnia
1467 2344 1586 2376 statim
1613 2343 1659 2376 ad
1681 2353 1719 2376 se

297 2397 446 2430 avertit:
473 2406 543 2439 quo
569 2393 702 2426 firmior
724 2393 878 2436 suspicio
910 2392 1000 2431 fuit,
1032 2391 1136 2424 armis
1167 2391 1418 2433 imperatorem
1457 2389 1718 2433 appetiturum3

299 2441 397 2486 quod
423 2441 530 2473 sciret
547 2444 605 2484 (ut
632 2444 685 2472 est
710 2438 898 2480 credibile)
921 2438 1070 2470 maiores
1096 2447 1139 2469 ex
1163 2436 1311 2469 dissidio
1336 2447 1415 2468 cum
1440 2435 1517 2476 illo,
1541 2444 1646 2479 quam
1674 2445 1720 2467 ex

298 2486 486 2519 concordia
509 2487 643 2519 fructus
672 2496 748 2518 sese
774 2483 1286 2529 percepturum,quantumvis
1308 2482 1431 2525 primis
1452 2481 1497 2514 ab
1512 2491 1554 2514 eo
1572 2479 1720 2524 amplis-

298 2533 468 2576 simisque
494 2531 691 2565 honoribus
716 2535 914 2575 augeretur.
943 2528 1017 2562 Nec
1030 2528 1137 2561 exhis
1162 2529 1275 2560 solum
1291 2533 1362 2560 tam
1379 2527 1569 2571 opulentus
1597 2524 1719 2559 subito

300 2577 496 2610 evadebat:
523 2577 586 2610 sed
610 2577 756 2621 insuper
780 2576 910 2609 amicos
939 2576 1036 2614 eius,
1064 2575 1127 2617 qui
1151 2573 1321 2617 permulti
1347 2573 1474 2606 Pheras
1499 2571 1721 2610 incolebant,

298 2623 522 2656 scrutabatur
569 2623 748 2668 bonisque
794 2621 959 2655 omnibus
1001 2619 1155 2654 nudatos
1192 2620 1398 2652 immaniter
1435 2618 1620 2663 puniebat.
1675 2617 1720 2650 Et

301 2681 379 2702 cum
413 2674 517 2701 antea
555 2669 600 2701 ad
637 2669 706 2702 hoc
738 2673 830 2701 esset
861 2666 1178 2712 propensissimus,
1212 2671 1288 2698 tum
1325 2666 1532 2708 praesertim
1555 2662 1650 2696 nihil
1674 2663 1721 2696 atl

301 2715 549 2749 crudelitatem
586 2715 717 2759 reliqui
752 2715 865 2746 facere
900 2710 1141 2745 contendebat
1173 2717 1208 2743 et
1241 2711 1452 2754 Byzantinos
1476 2711 1579 2752 longo
1605 2709 1720 2742 inter-

300 2761 394 2796 vallo
428 2759 622 2806 superabat
658 2761 696 2794 in
731 2759 919 2800 omuibus,
953 2759 982 2792 si
1007 2756 1193 2792 verborum
1218 2757 1450 2791 contumelias
1479 2757 1654 2800 excipias:
1682 2755 1722 2787 in
