1820 3138
541 205 921 251 ms'romARUM
959 209 1032 249 ιιι.
1064 210 1137 254 72.
1449 185 1560 261 437

113 331 188 372 γης
225 314 300 369 τῆς
328 310 572 366 βασιλίδος,
630 309 762 352 καίτοι
799 309 850 351 τὰ
895 311 994 363 παρ’
1023 310 1180 363 ἐκείνης
1210 309 1459 365 πεμφθέντα
1490 305 1761 352 τοῧΑ-Ο·1343

113 377 327 423 δεσπότου
358 377 544 431 ἐπίσημα
584 371 894 432 ἧμφιεσμένος,
937 377 1010 417 καί
1049 374 1203 427 ὁμοίως
1235 370 1445 428 ἑκατέροις
1473 374 1573 415 {no-²

114 447 261 499 λέμει,
298 440 373 484 καὶ
409 441 550 490 πόλεις
581 440 655 482 καί
680 441 822 494 κώμας
851 438 1098 483 ὑπεποιεῖτο.
1155 439 1414 493 μάλιστα-δὲ
1439 441 1570 480 Ματ-

111 514 223 569 &asty
251 506 437 563 λυπηρὸς
475 502 528 562 ἤν
560 509 616 564 τῷ
643 506 852 560 βασιλέως
879 504 994 564 υἱῷ,Ι
1023 503 1284 562 ἑπεκὸρομάς
1315 505 1388 546 καί
1421 508 1567 559 λεηλα-

85 576 208 625 5σίας
249 572 492 627 ποιούμενος
531 570 701 626 συχνάς.
776 566 951 627 ἤθροισε
989 570 1068 626 γὰρ
1113 570 1266 620 ἱππέας
1306 586 1568 625 τετρακισχι-

113 643 213 684 λίων
232 640 369 698 ὀλίγῳ
407 637 622 690 ἐλάσσους,
655 635 810 686 πάντας
839 637 1085 692 α’ριστίνὸην
1118 638 1449 690 ἐξειλεγμένους,
1496 635 1570 676 καί

113 703 404 754 α’νυπόστατός
441 721 502 753 τις
533 703 669 745 ἐδόκει
710 699 817 745 εἶναι
857 702 927 744 διά
966 718 1009 745 τε
1043 704 1256 757 εὕψυχίαν
1292 702 1364 743 καί
1388 699 1461 756 τὴν
1489 701 1568 742 av’-
1604 717 1608 726 ’

111 773 252 828 τοφυῆ
281 772 364 813 τῶν
389 769 559 825 χωρίων
587 766 854 823 ὀχυρότητα,
903 762 961 810 ὧν
990 764 1133 823 ἦρχεν.
1577 771 1610 804 D

224 836 298 891 οβ’,
359 834 411 878 Οἱ
451 837 496 877 ἐν
534 836 755 892 Βυζαντίῳ
798 836 845 876 δὲ
882 833 987 887 μετὰ
1032 833 1105 876 τὸν
1146 835 1280 888 μέγαν
1318 834 1449 874 aesna
1481 834 1689 885 Μῖνι-’.595

61 901 370 957 ιοπραγμάτων
410 899 558 957 ἔφοροι
571 934 585 953 ,
633 899 814 955 ὁρῶντες
841 895 922 955 ἤδη
961 899 1037 954 την
1078 901 1157 941 τῶν
1178 894 1396 952 Ῥωμαίων
1425 900 1568 941 κινδυ-

111 965 317 1009 νεύουσαν
354 965 576 1021 ἧγεμονίαν
604 968 677 1007 καί
715 967 967 1023 διῃρημένην
1000 967 1059 1014 εἰς
1087 964 1222 1020 μυρία
1250 964 1466 1020 τμήματα,
1497 962 1572 1005 καὶ

111 1031 252 1082 πόλεις
281 1033 360 1085 μὲν
390 1029 574 1086 μεγάλας
621 1030 696 1074 καὶ
729 1026 890 1079 πολλάς
918 1029 1000 1072 ὑπὸ
1038 1034 1209 1080 Μυσοῖς
1239 1030 1312 1072 καί
1344 1034 1568 1086 Τριβαλοῖς

110 1100 408 1154 γεγενημένας,
453 1095 625 1154 Θρᾴκην
665 1097 712 1139 δὲ
751 1099 890 1138 πᾶσαν
930 1096 1342 1152 ἆνὸραποὸισθεΐσαν
1370 1094 1452 1136 ὑπὸ
1485 1096 1567 1136 τῶν

112 1166 323 1219 Περσῶν,
362 1164 435 1205 καί
477 1160 620 1211 πόλεις
645 1159 780 1215 μόνας
809 1164 1179 1217 περιλειπομὲνας,
1221 1161 1294 1202 καί
1322 1157 1459 1209 αὗτας
1493 1161 1566 1201 οὕ-

61 1231 258 1283 ιΒδαμῶς
299 1227 582 1283 ἐπιεικέστερα
622 1231 706 1270 τῶν
747 1230 792 1270 ἐν
830 1233 923 1277 ταῖς
956 1227 1117 1281 κώμαις
1144 1227 1443 1282 προσδοκώσας
1473 1228 1564 1268 πεί-

110 1298 290 1349 σεσθαι,
330 1296 403 1336 καί
437 1296 483 1336 ἐν
518 1295 640 1351 δεινῷ
675 1292 751 1349 τὴν
791 1292 1043 1349 τηλικαύτην
1076 1291 1301 1348 συμφοράν
1327 1294 1570 1345 τιθέμενοι,

112 1361 249 1403 οὐκέτι
291 1358 458 1402 ἀνεκτὸν
497 1357 701 1414 ἡγοῦντο,
749 1356 857 1401 ἄλλα
886 1361 1075 1412 βασιλίδι
1106 1357 1406 1411 συνεβούλευον
1437 1373 1569 1400 σπον-

112 1426 191 1475 δάς
218 1427 415 1467 τίθεσθαι
453 1424 527 1466 καί
553 1422 720 1480 εἰρήνην
747 1423 854 1481 πρὸς
887 1423 1237 1479 Καντακουζηνὸν
1279 1422 1351 1466 τὸν
1371 1426 1562 1476 βασιλέα.

113 1487 166 1533 ἄν
193 1505 236 1532 τε
266 1488 362 1544 γὰρ,
392 1487 575 1545 ἔφασαν,
623 1491 781 1532 ἐκείνου
812 1488 1163 1545 περιγενώμεθα,
1211 1489 1292 1542 οὐχ
1331 1490 1475 1541 ἕξομεν
1503 1483 1693 1534 &inv-477

58 1552 316 1613 2οἇρξομεν,
346 1552 507 1596 πάντων
542 1551 677 1610 ἄρδην
723 1552 1030 1596 ἀπολωλότων·
1109 1550 1161 1596 ἄν
1211 1569 1257 1595 τε
1295 1552 1564 1608 ἢττηθῶμεν,

113 1621 218 1678 πρὸς
256 1627 341 1670 τοῖς
381 1616 524 1670 ἄλλοις
566 1619 640 1662 καί
681 1618 854 1668 ἑαυτοὺς
893 1621 1224 1671 συναπολοῦμεν.
1290 1619 1362 1660 καὶ
1389 1618 1593 1661 ἐδόκουνΒ

114 1688 260 1730 δίκαια
289 1685 361 1728 καὶ
389 1689 588 1740 λυσιτελῆ
615 1683 899 1739 βουλεύεσθαι
930 1684 1003 1726 καί
1030 1686 1242 1738 βασιλίδι·
1296 1682 1482 1737 μάλιστα
1515 1686 1563 1726 δὲ

112 1751 218 1810 πρὸς
243 1753 366 1794 τοῦτο
396 1753 438 1793 Γ
435 1754 597 1805 αβαλᾶς
625 1750 647 1792 ὅ
672 1753 804 1805 μέγας
834 1752 953 1804 ἐνῆγε
974 1751 1197 1805 λογοθέτης
1242 1752 1315 1792 καί
1359 1749 1456 1798 τοὺς
1488 1744 1563 1790 ἄλ<

206 1845 241 1880 8.
264 1840 476 1888 ὄχυρότατα
495 1841 530 1876 Ρ.
657 1851 708 1875 ιο.
734 1840 810 1875 τῶν
839 1839 920 1873 add.
939 1839 986 1872 M.

114 1940 134 1962 a
159 1927 410 1962 Cantacuzeno
446 1930 483 1959 et
523 1925 623 1958 Anna
657 1925 901 1969 imperatrice,
925 1923 1159 1969 (quamquam
1185 1923 1340 1968 insignia
1373 1923 1557 1968 despotae‚

113 1974 247 2022 quibus
280 1974 384 2007 illum
421 1972 638 2012 donaverat,
676 1971 825 2005 indutus
862 1971 1080 2012 incederet,)
1120 1971 1253 2014 pariter
1276 1970 1494 2004 abhorrebat
1522 1975 1558 2003 et

112 2032 232 2066 aeque
255 2021 420 2067 utrisque
447 2030 544 2052 arma
570 2017 754 2052 inferebat
788 2017 968 2063 urbesque
1004 2021 1041 2049 et
1066 2016 1162 2049 vicos
1188 2017 1401 2063 occupabat.
1447 2017 1555 2049 Prae-

114 2069 222 2112 cipue
259 2072 378 2100 tamen
409 2065 611 2106 Matthaeo‚
638 2065 867 2110 imperatoris
919 2063 1009 2103 filio,
1035 2062 1170 2096 crebris
1205 2061 1479 2096 excursionibus
1523 2067 1560 2095 et

113 2112 382 2158 direptionibus
424 2113 654 2156 importunus
687 2117 797 2156 atque
828 2110 1002 2144 molestus
1040 2114 1126 2142 erat.
1197 2109 1400 2154 Collegerat
1437 2114 1558 2141 autem

113 2160 277 2205 equitum
301 2160 409 2204 paulo
434 2160 552 2192 minus
578 2161 735 2204 quatuor
757 2156 892 2197 millia,
919 2167 1042 2190 omnes
1072 2155 1313 2196 fortissimos,
1344 2167 1383 2189 ac
1408 2161 1558 2200 propter

112 2207 225 2240 animi
249 2206 360 2240 robur
385 2211 420 2239 et
447 2216 537 2252 quos
554 2203 774 2250 ¹possidebat
798 2204 896 2238 locos
922 2209 1052 2237 natura
1076 2202 1340 2235 munitissimos
1365 2203 1557 2247 insupera-

112 2253 199 2287 bilis
224 2252 440 2286 habebatur.

206 2310 261 2345 7²·
310 2298 632 2332 Verumenimvero
668 2296 832 2342 Byzantii
867 2300 952 2342 post
990 2307 1155 2342 magnum
1179 2293 1303 2327 ducem
1340 2293 1468 2338 ephori
1492 2304 1555 2327 seu

113 2346 354 2390 inspectores,
390 2349 577 2378 cernentes
616 2355 756 2389 aegram
789 2348 826 2376 et
849 2344 888 2377 in
913 2348 1095 2376 sexcentas
1121 2347 1239 2387 partes
1277 2340 1451 2373 divulsam
1482 2339 1556 2373 dis-

116 2398 338 2438 tractatuque
376 2393 572 2425 Romanam
610 2402 685 2423 rem
709 2390 916 2435 publicam,
955 2389 1136 2434 urbesque
1180 2388 1380 2431 complures
1414 2392 1450 2421 et
1473 2397 1553 2419 ma-

115 2450 202 2483 gnas
235 2439 440 2472 Moesorum
478 2448 518 2470 ac
554 2436 802 2470 Triballorum
836 2436 987 2469 ditionis
1014 2446 1090 2469 esse
1115 2435 1247 2473 factas,
1274 2432 1410 2466 adhaec
1435 2432 1552 2466 Thra·

116 2487 207 2519 ciam
233 2496 376 2519 omnem
400 2495 419 2516 a
451 2483 564 2516 Persis
589 2484 627 2516 in
653 2484 863 2516 servitutem
891 2481 1085 2521 redactam,
1114 2481 1200 2514 solis
1227 2479 1380 2512 urbibus
1402 2479 1551 2520 relictis,

116 2537 154 2564 et
179 2532 262 2565 illas
289 2537 409 2564 tamen
433 2530 646 2575 neutiquam
672 2529 841 2568 mitiora,
867 2540 975 2574 quam
1000 2529 1070 2561 vici
1097 2526 1336 2572 pertulerint,
1362 2532 1552 2570 exspecta-

116 2588 176 2619 re,
216 2584 287 2612 tam
322 2586 534 2610 aerumnoso
572 2581 669 2609 statu
703 2575 903 2620 indignati,
928 2575 1022 2606 ultra
1050 2585 1124 2606 non
1151 2571 1338 2606 ferendum
1366 2572 1551 2605 existima-

116 2623 213 2658 bant.
263 2625 353 2668 Ergo
389 2623 611 2668 imperatrici
638 2623 734 2667 pacis
773 2632 814 2653 ac
848 2620 1004 2654 foederis
1034 2631 1112 2653 cum
1143 2619 1391 2652 Cantacuzeno
1415 2618 1551 2651 iciendi

117 2676 281 2705 auctores
309 2675 405 2703 sunt.
453 2668 535 2700 Sive
565 2669 675 2710 enim,
700 2667 933 2713 inquiebant,
959 2666 1061 2699 illum
1084 2666 1274 2699 vicerimus
1292 2690 1302 2704 ,
1322 2663 1455 2710 quibus
1480 2665 1551 2696 im-

115 2727 286 2761 peremus
320 2726 394 2748 non
431 2713 669 2755 habebimus,
704 2713 869 2747 funditus
895 2713 1036 2745 amissis
1062 2711 1249 2752 omnibus,
1277 2711 1351 2744 sive
1379 2711 1464 2743 victi
1491 2711 1551 2742 fu-

118 2763 270 2804 erimus,
307 2774 387 2796 cum
424 2761 506 2794 aliis
532 2767 672 2794 nosmet
696 2762 805 2794 etiam
831 2758 1036 2804 perdemuS.
1083 2759 1259 2803 Amplexa*
1283 2762 1337 2790 est
1360 2757 1550 2790 consilium

119 2808 348 2854 imperatrix,
382 2812 422 2842 ut
459 2807 594 2843 iustum
627 2813 663 2840 et
698 2807 815 2847 utile,
855 2816 972 2851 eoque
1006 2805 1118 2850 ipsam
1152 2810 1189 2838 et
1224 2804 1314 2837 alios
1338 2802 1549 2848 praesertim
