1812 3132
502 201 880 249 ms‘romARtm
920 202 993 242 111.
1048 202 1114 246 23.
1414 173 1521 248 ¹39

62 314 283 367 ’βασιλίδα
350 309 423 351 καὶ
450 303 693 361 πατριάρχῃ
721 301 796 344 καί
818 305 903 350 τοῖς
938 294 1079 347 ἄλλοις
1106 295 1298 354 φανερῶς
1324 308 1523 338 συντετα-
1534 287 1575 322 Δ·
1587 284 1714 331 01341

83 380 253 433 γμένος,
299 374 346 418 τό
383 389 430 428 γε
459 373 518 422 εἷς
547 368 678 412 αὐτὸν
703 363 804 423 ἧκον
832 365 957 407 οὐδὲν
982 360 1129 418 ἦμέλει
1155 363 1238 404 τῶν
1263 358 1368 403 κατὰ
1394 355 1526 413 μεγά-

84 448 162 486 λου
196 443 443 495 δομεστίκου
473 436 784 494 πραττομένων.
839 428 937 473 ὅθεν
964 431 1036 471 καί
1061 430 1133 484 τῆς
1161 430 1220 478 εἷς
1239 426 1439 481 βασιλίδα
1453 424 1525 465 ειῖ-

85 510 201 557 νοιάς
230 502 390 558 ἆθλον,
434 502 481 546 τό
510 499 859 558 πρωτοσεβαστοῦ
887 492 1052 548 ἆξίωμα
1082 494 1268 550 εἰλήφει,
1310 488 1448 547 χρόνῳ
1476 490 1525 530 δὲ

58 571 260 628 5ὕστερον
295 574 370 614 καί
403 567 450 612 τό
489 567 674 622 μεγάλου
712 564 947 618 λογοθέτου.
1007 557 1251 616 Νικηφόρος
1279 559 1326 600 δὲ
1354 554 1376 599 ὅ
1405 558 1525 599 ,Καν-

82 635 332 693 τακουζηνὸς
360 637 405 678 ἒν
433 632 700 689 δεσμωτηρίῳ
731 629 1032 671 κατακλείεται.

174 709 257 758 ’κγ.
314 700 366 744 Οἱ
403 698 590 756 φυγάδες
626 698 767 749 μέντοι
793 709 840 749 γε
867 695 1041 744 ἐκεῖνοι,
1082 688 1174 732 ἐπεὶ
1195 691 1279 731 τῶν
1304 688 1565 744 πρέσβεωνΒ

80 768 153 811 τὸν
187 769 266 822 μέν
298 764 504 808 ἐπύθοντο
531 762 763 818 εἰργμένον,
792 761 834 801 Γ
831 759 993 812 αβαλᾶν
1019 757 1066 798 δὲ
1094 761 1180 803 τοῖς
1205 754 1372 810 μεγάλῳ
1402 754 1523 806 δομε-

82 834 207 890 στίκῳ
233 832 462 884 πολεμοῦσι
480 827 808 881 συντεταγμένον
830 823 1036 880 φανερῶς,
1066 818 1310 874 α’πογνόντες
1324 818 1398 873 τὴν
1419 817 1527 859 ἐπά-

34 900 214 951 ιονοδον,
243 899 303 946 εἰς
328 893 632 948 Διδυμότειχον
659 889 776 947 παρὰ
794 888 867 932 τὸν
885 891 1018 942 μέγαν
1038 887 1280 940 δομέστικον
1299 885 1525 941 α’φικνοῐὶν-

82 982 153 1008 ται
179 965 252 1006 καί
286 962 336 1005 τὰ
375 961 624 1016 γεγενημένα
652 955 787 1000 πάντα
815 956 1121 1009 ἀπαγγέλλουσι
1148 953 1221 993 καί
1246 949 1320 993 τὸν
1344 950 1526 1002 πόλεμον
1537 959 1649 1004 Ρ,4ηι

82 1029 155 1072 τὸν
191 1027 454 1083 κεκινημένον
489 1023 595 1082 πρὸς
637 1023 778 1066 αὐτόν.
834 1021 857 1063 ὅ
901 1021 947 1062 δὲ
972 1015 1187 1061 πιστεύειν
1215 1016 1289 1058 οὐκ
1327 1011 1529 1071 ἠβούλετο

86 1092 158 1137 διὰ
186 1095 271 1136 τῶν
302 1091 677 1146 α’παγγελλομένων
702 1087 780 1143 τήν
809 1087 999 1129 οἷτοπίαν.
1059 1084 1152 1126 ἀλλ’
1180 1078 1281 1141 ᾤετο
1309 1081 1464 1130 αὐτούς
1489 1097 1532 1123 τι

85 1161 275 1215 βασιλίδι
313 1154 693 1213 προσκεκρουκότας
739 1154 992 1209 διαδρᾶναι,
1037 1151 1258 1198 δείσαντας
1284 1146 1360 1190 τὸν
1389 1145 1534 1189 κίνδυ-

38 1233 172 1278 ι5νον,
199 1227 270 1267 καί
295 1223 628 1278 συνηγοροῦντας
654 1216 846 1270 ἑαυτοῖς,
872 1218 1049 1265 τοιαῦτα
1076 1214 1292 1268 βασιλίδος
1318 1209 1534 1265 καταψεύ-

89 1293 254 1334 δεσθαι.
306 1290 415 1344 μηδὲ
442 1286 521 1343 γὰρ
551 1282 603 1329 ἄν
629 1301 728 1328 ποτε
754 1282 915 1339 ἐκείνην
939 1283 985 1324 ἓν
1012 1279 1196 1338 τοσούτῳ
1219 1277 1363 1336 χρόνῳ
1389 1275 1536 1319 τοιαύ-

86 1374 164 1413 την
202 1357 436 1410 ὑποστῆναι
462 1352 536 1408 τῆν
559 1347 811 1406 μεταβολήν.
876 1345 974 1390 ὅθεν
1000 1345 1074 1389 καί
1098 1348 1312 1397 διενοεῖτο,
1340 1341 1436 1392 τοὺς
1494 1344 1539 1384 ὲν

89 1421 286 1479 φυγάδας
323 1415 451 1468 αὖθις
489 1420 548 1468 εἷς
576 1416 807 1470 Βυζάντιον
846 1416 922 1457 καί
947 1408 1122 1461 ἄκοντας
1149 1411 1394 1464 ἐκπέμπειν,
1432 1406 1478 1450 εἴ
1496 1424 1538 1452 τι

89 1486 275 1541 βασιλίδι
302 1482 684 1540 προσκεκρούκασι,
731 1481 851 1530 δίκας
878 1477 1113 1535 ὑφέξοντας
1142 1477 1276 1527 οἷ’ξιάς.
1333 1471 1462 1522 αὐτὸς
1490 1474 1538 1515 δὲ

40 1550 195 1606 ,οπρὸς
235 1548 312 1605 τὴν
349 1550 409 1598 εἷς
435 1547 512 1603 τὴν
539 1544 721 1602 ἑσπέραν
744 1546 1011 1602 ἐκστρατείαν
1039 1539 1120 1598 ἤδη
1147 1541 1539 1598 παρεσκευασμένος

93 1613 170 1670 ὢν,
202 1613 372 1669 ἔμελλεν
399 1613 522 1670 ἔργου
563 1607 644 1667 ἤδη
672 1610 865 1665 ἔχεσθαι.
919 1610 978 1659 ὥς
1006 1611 1052 1651 δὲ
1077 1606 1186 1662 μετὰ
1214 1609 1316 1660 μίαν
1343 1608 1417 1647 καί
1443 1606 1538 1646 δευ-

92 1683 218 1735 τέραν
254 1680 416 1736 ἡμέραν
451 1679 598 1720 πολλοὶ
624 1679 671 1720 ἐκ
711 1676 950 1726 Βυξαντίου
992 1673 1215 1729 α’φιγμένοι
1252 1670 1305 1714 τοὶ
1344 1671 1418 1714 ἴσα
1460 1670 1574 1712 nain

93 1748 216 1788 αὐτοὶ
243 1742 497 1800 α’πήγγελλον
519 1748 605 1792 τοῖς
633 1741 832 1798 φυγάσιν,
863 1738 996 1782 ἐδόκει
1025 1740 1112 1780 δεῖν
1138 1739 1436 1793 περιμείναντα
1461 1751 1536 1789 μι-

93 1810 218 1866 κρὸν,
251 1808 476 1865 πρεσβείαν
507 1806 614 1864 πρὸς
641 1807 841 1862 βασιλίδα
868 1805 968 1862 περὶ
993 1806 1077 1847 τῶν
1104 1804 1403 1859 πραττομένων
1431 1801 1539 1854 πέμ-

94 1964 166 2002 reri
189 1961 408 2003 videbatui-3
433 1965 470 1994 et
495 1960 644 1993 omnino
668 1958 894 2006 patriarchae
919 1959 1075 2004 aliisque
1105 1958 1223 2003 palam
1257 1967 1294 1990 se
1333 1964 1538 2002 aggregem,

95 2009 192 2047 nihil
216 2019 340 2042 eorum
361 2032 370 2048 ‚
394 2018 488 2053 quae
514 2010 638 2040 contra
657 2017 826 2051 magnum
851 2005 1086 2039 domesticum
1111 2004 1355 2049 agitarentur,
1380 2013 1447 2046 pro
1472 2013 1536 2036 sua

96 2060 199 2103 parte
223 2053 440 2100 negligebat.
490 2053 542 2086 Ex
569 2063 641 2098 quo
669 2051 776 2085 huius
802 2053 859 2085 sui
885 2063 966 2095 erga
997 2051 1258 2095 imperatricem
1287 2048 1400 2082 studii
1427 2059 1537 2094 prae-

96 2102 211 2135 mium
236 2100 500 2140 Protosebasti,
523 2105 649 2144 postea
674 2099 792 2144 magni
818 2097 1025 2143 logothetae
1051 2098 1266 2142 dignitatem
1294 2095 1443 2140 accepit.
1469 2095 1538 2128 Ni-

99 2147 276 2194 cephorus
301 2151 423 2180 autem
449 2145 721 2180 Cantacuzenus
745 2155 887 2178 carcere
908 2144 1082 2177 multatus
1112 2149 1177 2178 est.

144 2210 146 2213 ·
195 2195 249 2229 23.
297 2193 455 2236 Fugitivi
479 2197 613 2233 autem,
639 2198 681 2226 ut
702 2192 854 2226 alterum
879 2191 1080 2236 legatorum
1105 2189 1289 2224 custodiae
1311 2186 1537 2228 mandatum,

101 2239 279 2274 Gabalam
301 2251 384 2274 vero
409 2240 505 2273 inter
532 2238 722 2272 domestici
751 2236 874 2271 hostes
911 2248 1043 2271 nomen
1081 2248 1185 2270 suum
1219 2235 1340 2282 palam
1371 2235 1537 2280 profiteri

101 2287 339 2325 audiverunt,
363 2285 543 2318 reditione
568 2285 776 2329 desperata,
800 2282 1099 2328 Didymotichum
1134 2282 1179 2316 ad
1211 2282 1366 2316 eundem
1407 2281 1540 2314 dome-

102 2335 234 2366 sticum
257 2331 635 2377 proficiscuntur‚acta
665 2331 787 2363 omnia
811 2335 848 2363 et
870 2330 1010 2363 bellum
1033 2330 1071 2362 in
1098 2340 1179 2362 eum
1206 2333 1410 2372 susceptum
1424 2337 1539 2371 expo«

101 2385 206 2415 nunt.
269 2377 343 2422 Qui
374 2382 446 2410 tam
472 2388 565 2412 nova
589 2383 626 2411 et
650 2377 895 2422 inexspectata
919 2377 1048 2409 nolens
1074 2376 1217 2409 credere
1237 2400 1246 2414 ‚
1282 2373 1436 2418 putabat
1462 2383 1538 2414 eoS,

102 2428 239 2458 ostensa
273 2425 311 2458 in
344 2425 514 2470 quopiam
549 2424 728 2469 Augusta,
763 2423 964 2467 periculum
990 2422 1125 2466 fugisse
1149 2427 1186 2454 et
1208 2421 1299 2454 haec
1324 2419 1369 2453 de
1393 2430 1538 2463 compa-

103 2476 162 2505 cto
188 2476 313 2504 contra
340 2480 419 2503 eam
444 2470 678 2504 confinxisse:
704 2480 773 2502 nec
796 2471 894 2502 enim
918 2469 983 2502 tali
1010 2474 1170 2512 tempore
1195 2469 1254 2500 sic*
1268 2466 1400 2500 mutari
1426 2471 1539 2511 potu-

102 2518 183 2551 isse.
234 2517 356 2561 Quare
377 2526 438 2549 eos
464 2517 685 2558 Byzantium,
712 2514 930 2561 quamquam
955 2515 1107 2554 invitos,
1134 2512 1315 2557 cogitabat
1339 2512 1538 2553 remittere,

102 2568 146 2596 ut
168 2564 198 2596 si
223 2562 311 2608 quid
336 2564 375 2596 in
401 2563 663 2606 imperatricem
687 2562 947 2608 peccavissent,
964 2561 1002 2593 id
1028 2561 1162 2594 debitis
1185 2560 1312 2605 poenis
1339 2560 1535 2603 expiarent.

101 2610 184 2654 Ipse
210 2620 293 2642 vero
315 2608 361 2641 ad
386 2608 653 2653 expeditionem
681 2609 943 2642 occidentalem
968 2607 1038 2639 iam
1067 2608 1282 2646 instructus,
1316 2605 1366 2639 ita
1393 2604 1539 2639 volebat

50 2666 56 2690 2
106 2667 183 2691 rem
215 2655 369 2700 aggredi.
425 2654 496 2688 Sed
535 2654 601 2690 ubi
632 2660 716 2699 post
742 2666 853 2687 unum
887 2654 1084 2687 alterumve
1109 2652 1207 2686 diem
1232 2652 1338 2685 multi
1365 2651 1538 2696 Byzantio

107 2703 430 2747 supervenientes,·
454 2699 576 2735 eadem
612 2712 694 2735 cum
727 2701 887 2745 fugitivis
923 2700 1152 2738 retulerunt,
1185 2698 1374 2744 paululum
1418 2697 1539 2730 subsi-

106 2747 274 2780 stendum
297 2748 588 2793 legationemque
614 2746 660 2779 ad
682 2747 948 2792 imperatricem
959 2744 1178 2792 ‘mittendam
1199 2745 1384 2779 iudicavit.
1409 2745 1538 2788 Itaque

107 2794 330 2841 praefectum
357 2793 511 2842 *Gaurae
545 2794 784 2835 monasterio,
818 2793 935 2829 virum
967 2792 1094 2828 virtuti
1126 2790 1290 2827 deditum
1315 2796 1352 2826 et
1376 2790 1538 2837 politicis
