1800 3146
533 192 911 236 ffls'romAmm
950 194 1022 234 111.
1048 194 1115 239 711.
1433 173 1545 246 447

110 300 340 350 διαλέξεσιν
371 295 523 338 αὐτῶν.
556 294 597 335 εἰ
621 295 700 347 μὲν
730 287 806 334 οὖν
828 291 876 334 τὸ
905 295 1088 336 τοιοῦτον
1117 290 1281 336 ἆνεκτόν
1308 291 1438 350 αὐτῷ,
1471 292 1546 346 δῆ-
1558 297 1741 345 Δ.0.ι343

108 368 182 407 λον
215 367 367 414 ποιεῖν,
408 361 461 402 ἵν’
498 358 689 408 ἐλθόντες
723 358 1013 413 ἀπαγγέλλωσι
1041 357 1091 401 τοὶ
1120 361 1194 414 τῆς
1219 357 1457 413 πρεσβείας.
1511 359 1552 400 εἰ

109 431 157 472 δὲ
184 430 326 482 μέλλοι
365 425 436 468 διὰ
469 423 542 480 τὴν
573 423 809 480 ὑπεροψίαν
835 422 1083 466 α’πελαύνειν
1112 423 1218 480 πρὸς
1243 421 1396 479 ὄργὴν,
1441 424 1550 478 μηδὲ

105 493 182 550 τὴν
198 492 336 550 ἀρχήν
361 493 632 548 ἀφικνεῖσθαι
651 489 918 547 πρὸςναῦτὸν,
947 491 1038 532 ἄλλ’
1059 490 1335 546 ἀναστρέφειν
1353 487 1399 530 ἐκ
1414 492 1549 542 Παμ-

84 564 254 616 5φίλου.
322 558 344 602 ὁ
380 557 579 612 βασιλεύς
614 559 660 600 δὲ
686 554 932 610 ποιούμενος
958 556 1058 612 περὶ
1080 559 1277 598 πλείστου
1306 553 1352 596 τὸ
1384 555 1430 595 ἐκ
1456 558 1547 596 Bu·-

105 627 268 679 ζαντίου
312 626 421 668 τισίν
471 621 702 679 ἀξιολόγοις
745 628 963 677 συντυχεῖν
1014 626 1088 665 καί
1133 622 1410 677 διαλεχθῆναι
1450 620 1550 674 περὶ

102 695 188 734 τῶν
225 691 312 734 κατ’
349 688 479 733 αὖτόν
522 690 745 744 ἁπάντων,
794 685 859 731 ὅτι
885 704 932 731 τε
958 686 1039 730 ’ὖπὸ
1070 689 1343 743 συκοφαντῶν
1371 688 1545 741 διαβλη-

101 756 198 813 θείη
236 755 310 799 καί
348 757 549 809 οὐδεμίαν
587 755 803 812 πρόφασιν
838 753 966 803 αὐτὸς
1012 752 1226 810 παράσχοι
1268 756 1325 812 τῷ
1350 755 1544 812 πολέμῳ,

101 824 191 866 ἄλλ’
223 825 270 866 ἐκ
296 823 463 877 πρώτης
488 819 647 876 ἡμέρας
690 817 795 877 ἄχρι
836 821 912 863 νῦν
939 820 1176 874 ἀναγκαίως
1201 820 1310 876 ὑπὲρ
1338 822 1546 876 σωτηρίας

53 890 240 933 madro&
276 905 323 931 τε
359 887 566 942 ἀμύνεται
593 889 666 930 καί
689 889 772 929 τῶν
797 885 1032 939 συνόντων,
1066 882 1157 939 ἅμα
1188 887 1236 928 δὲ
1266 884 1341 927 καὶ
1366 887 1583 933 ἒλπίσαςυ

101 955 266 1011 εἰρήνης
294 956 411 998 ἕνεκα
438 951 568 1010 ἥκειν,
597 954 784 996 ἐκέλευεν
812 955 1046 1009 ἀφικέσθαι
1072 950 1178 1007 πρὸς
1210 950 1354 1005 αὐτόν,
1383 951 1441 1000 ὦς
1468 948 1541 992 οὗ·

101 1021 201 1064 δένα
229 1020 348 1076 λόγον
374 1023 448 1076 τῆς
475 1022 752 1075 προσηγορίας
778 1015 1063 1073 ποιησόμενος.
1121 1019 1195 1059 τοῦ
1221 1015 1302 1073 γὰρ
1332 1020 1450 1075 κοινῇ
1466 1022 1541 1060 λυ-

98 1089 357 1136 σιτελοῦντος
384 1089 502 1128 ἓνεκα
530 1082 578 1127 οὗ
608 1087 781 1127 τοιαῦτα
808 1083 937 1138 μόνον
968 1086 1130 1137 ἕτοιμος
1157 1079 1266 1125 εἶναι
1302 1080 1540 1137 ὑπομένειν,

99 1149 207 1196 ἄλλα
245 1154 320 1194 καὶ
354 1154 563 1205 λοιδορίας
604 1151 678 1193 καί
713 1151 793 1193 εἴτι
827 1148 1117 1204 χαλεπώτερον
1154 1151 1296 1203 ἕτερον
1324 1150 1448 1191 δοκεῖ.
1503 1150 1545 1191 εἷ

49 1221 176 1273 ι5μὲν
202 1217 283 1274 γὰρ
314 1214 396 1260 eiad
427 1219 511 1260 ταῖν
538 1219 736 1260 τοιούτων
766 1212 920 1272 ὄφελός
949 1232 992 1257 τι
1017 1217 1173 1270 γένοιτο
1187 1211 1442 1267 (Ρωμαίοις,
1471 1216 1545 1256 καὶ

94 1284 249 1340 πολλὴν
291 1286 436 1334 αὐτοῖς
475 1282 656 1339 εἰδήσειν
683 1282 812 1338 χάριν
846 1282 953 1337 ὑπὲρ
983 1281 1157 1324 τούτων.
1216 1280 1257 1322 εἰ
1287 1281 1327 1321 δ’
1354 1274 1440 1335 ἄρα
1472 1282 1546 1321 καί

92 1350 147 1393 τὰ
192 1349 369 1405 δεύτερα
410 1347 535 1407 νικῴη
563 1350 636 1391 καί
662 1347 898 1403 ἅσύμβατοι
925 1348 1230 1401 ἄναχωρῶσιν,
1276 1346 1370 1387 οὐδ’
1406 1342 1542 1393 οὕτως

95 1416 211 1473 αὐτῷ
245 1431 343 1458 τινα
379 1413 550 1466 ἅδοξιάν
590 1414 674 1457 α’πὸ
714 1417 792 1470 τῆς
819 1415 1100 1470 προσηγορίας
1130 1408 1386 1464 ἆπολεάμειν.
1441 1406 1542 1465 ἧκον

93 1483 173 1535 μὲν
200 1475 276 1523 οὖν
305 1479 344 1524 οῖ
371 1484 565 1536 πρέσβεις
591 1482 663 1523 ἐπὶ
687 1478 851 1530 τούτοις
878 1479 953 1522 καὶ
981 1478 1238 1533 ἀπήγγελλον
1264 1475 1316 1519 τὰ
1341 1475 1444 1519 κατὰ
1465 1475 1542 1530 τῆν

41 1548 338 1602 2οπρεσβείαν·
394 1543 487 1600 ἅμα
526 1547 572 1589 δὲ
599 1545 672 1588 καὶ
695 1545 749 1588 τιὶ
780 1544 1012 1601 γράμματα
1040 1549 1259 1599 παρεῖχον,
1277 1541 1541 1598 παρετήρουν

92 1628 139 1662 τε
166 1611 211 1655 τὸ
237 1611 296 1668 μὴ
323 1614 502 1667 βασιλέα
530 1613 576 1655 ἐν
602 1616 696 1661 ταῖς
721 1613 927 1662 διαλέξεσι
952 1606 1291 1666 προσαγορεύειν.

201 1675 277 1724 σεῖ’.
332 1677 543 1727 Βασιλεύς
563 1679 610 1720 δὲ
635 1679 729 1720 ἐπεὶ
753 1678 835 1719 τῶν
851 1692 894 1718 τε
910 1673 1044 1730 λόγων
1071 1670 1197 1731 ἤκουε
1224 1675 1298 1715 καί
1320 1671 1371 1716 τοὶ
1398 1672 1534 1729 γράμ-
1544 1685 1578 1718 Ρ.
1597 1688 1662 1722 601

91 1762 207 1800 ματα
236 1740 416 1800 οἷνέγνω,
458 1742 566 1800 πρὸς
598 1742 698 1793 τούς
725 1743 1084 1800 ἐγγεγραμμένους
1109 1739 1265 1797 λη’ρους
1294 1740 1517 1794 διαχυθείς
1527 1747 1578 1795 ,Β

189 1858 217 1881 ι.
241 1836 335 1879 κατὰ
351 1856 416 1891 pro
441 1845 504 1879 καὶ
528 1839 573 1880 τὰ
598 1844 647 1879 Μ.
672 1855 740 1890 mg.

94 1937 162 1960 suo
198 1926 389 1959 certiorem
426 1925 589 1967 faciunt„
627 1924 867 1970 adduntque,
902 1924 973 1956 sibi
1009 1923 1240 1966 mandatum,
1272 1934 1320 1958 ne
1357 1925 1476 1970 ipsum
1500 1926 1540 1960 in

96 1983 287 2018 congressu
322 1973 578 2017 imperatorem
613 1972 811 2016 appellent.
883 1970 961 2004 Hoc
996 1972 1026 2004 si
1061 1972 1137 2016 pati
1185 1977 1315 2018 queat,
1352 1970 1464 2005 faciat
1497 1974 1540 2007 ut

37 2054 43 2066 Ι
96 2019 233 2060 sciant,
269 2030 342 2064 quo
380 2019 487 2052 illum
512 2019 685 2052 adeuntes
710 2029 859 2051 munere
884 2030 948 2052 suo
974 2017 1248 2062 perfungantur.
1298 2017 1363 2052 Sin
1388 2029 1448 2052 eos
1474 2029 1539 2052 su-

91 2066 205 2110 perbe
242 2069 280 2098 et
315 2066 487 2100 iracunde
523 2066 732 2110 repulsurus
769 2066 839 2105 sit,
874 2064 1089 2109 neutiquam
1119 2075 1323 2099 accessuros
1367 2070 1405 2099 et
1437 2065 1538 2098 Pam-

90 2111 194 2157 philo
229 2111 375 2145 domum
406 2123 626 2146 reversuros.
684 2112 885 2155 Imperator
914 2111 1023 2144 etiam
1048 2115 1159 2156 atque
1184 2112 1295 2145 etiam
1328 2111 1538 2145 desiderans

92 2169 174 2192 cum
207 2158 294 2191 viris
324 2159 509 2193 honoratis
547 2171 567 2193 e
599 2160 771 2204 Byzantio
808 2157 853 2191 de
885 2158 992 2191 rebus
1019 2159 1092 2191 suis
1119 2158 1286 2192 omnibus
1310 2159 1471 2203 colloqui
1500 2163 1539 2191 et

92 2216 154 2239 eos
197 2203 353 2247 docere,
387 2218 425 2240 se
457 2217 478 2238 a
517 2205 808 2240 criminatoribus
841 2204 1002 2244 traduci,
1033 2214 1101 2238 nec
1128 2204 1239 2238 ullam
1277 2205 1376 2238 bello
1411 2215 1536 2238 ansam

92 2250 259 2292 dedisse,
297 2252 360 2285 sed
391 2264 411 2286 a
445 2253 562 2299 primo
600 2253 661 2287 die
696 2263 813 2298 usque
848 2262 946 2285 nuuc
978 2262 1045 2296 pro
1080 2261 1145 2284 sua
1172 2262 1394 2297 suorumque
1420 2251 1538 2285 salute

90 2299 419 2343 propugnationem
455 2300 637 2344 suscipere
675 2310 821 2333 necesse
855 2297 1051 2340 habuisse;
1088 2308 1128 2330 ac
1151 2299 1260 2332 simul
1285 2309 1450 2342 sperans,
1474 2308 1536 2331 eos

90 2345 355 2390 pacificationis
383 2357 466 2391 ergo
490 2347 638 2387 venire,
670 2347 836 2391 neglecto
862 2344 1090 2390 imperatoris
1115 2346 1262 2378 nomine
1286 2343 1446 2378 adeundi
1474 2343 1532 2377 sui

92 2393 234 2438 copiam
268 2391 363 2425 facit.
415 2392 501 2426 Nam
527 2394 558 2427 si
582 2393 621 2426 id
649 2403 669 2425 e
695 2405 734 2426 re
753 2392 901 2439 publica
927 2392 1087 2425 futurum
1112 2391 1180 2432 sit,
1214 2403 1289 2425 non
1315 2392 1404 2424 talia
1429 2390 1535 2424 dum-

91 2443 213 2478 taxat,
243 2438 308 2472 sed
347 2443 384 2472 et
418 2441 599 2480 convicia,
637 2444 675 2472 et
698 2441 729 2474 si
754 2439 843 2486 quid
868 2439 1030 2472 odiosius
1055 2438 1250 2479 conviciis,
1273 2449 1390 2484 aequo
1415 2439 1537 2470 animo

93 2484 139 2517 ab
167 2485 254 2530 ipsis
278 2496 544 2531 perpessurum.
593 2488 705 2521 Immo
733 2487 764 2519 si
788 2485 827 2518 id
838 2486 1005 2519 Romanis
1031 2484 1246 2525 commodet,
1276 2485 1386 2518 etiam
1408 2486 1537 2530 gratias

90 2543 166 2565 non
203 2533 367 2578 vulgares
403 2537 574 2567 acturum.
635 2534 700 2568 Sin
740 2532 920 2566 deteriora
946 2533 1094 2565 vincant
1119 2537 1157 2565 et
1183 2531 1317 2566 infecta
1339 2541 1429 2576 pace
1457 2530 1536 2564 dis-

93 2578 244 2618 cedant,
280 2591 348 2613 nec
383 2579 435 2613 sic
468 2580 618 2626 aliquod
654 2579 724 2614 sibi
759 2579 913 2612 dedecus
952 2589 995 2611 ex
1020 2578 1254 2622 simplicitate
1277 2578 1536 2624 appellationis

92 2624 291 2660 relicturos.
352 2626 428 2658 Hac
463 2627 675 2660 conditione
708 2626 818 2670 legati
854 2627 1027 2665 veniunt,
1078 2625 1296 2669 legationem
1332 2631 1535 2671 exponunt,

91 2670 230 2705 litteras
255 2672 414 2707 reddunt
445 2678 665 2719 caveatque,
688 2685 735 2707 ue
761 2674 1014 2717 imperatorem
1039 2676 1180 2706 vocent.

187 2720 241 2763 74.
291 2719 435 2753 Auditis
475 2719 675 2765 legatorum
717 2719 836 2753 verbis
867 2717 1111 2764 perlectisque
1146 2718 1300 2760 litteris,
1337 2717 1383 2752 ad
1419 2730 1532 2763 nugas

93 2763 174 2796 illic
198 2766 334 2809 positas
361 2766 399 2799 in
425 2767 535 2800 risum
564 2767 702 2800 solutus
725 2767 942 2810 imperator,
966 2770 1041 2798 tum
1067 2764 1215 2810 quidem
1241 2776 1302 2800 eos
1327 2765 1374 2798 ad
1397 2776 1530 2810 corpus

94 2808 176 2844 cibo
214 2821 256 2846 ac
286 2823 412 2847 somno
443 2815 484 2847 in
513 2812 708 2851 diversorio
738 2812 971 2847 reficiendum
997 2811 1159 2846 dimittit.
1208 2813 1277 2848 Die
1302 2811 1416 2847 altero
1441 2822 1529 2846 con·
