1812 3132
273 167 373 199 120
798 159 1171 203 CANTACUZENl

65 270 153 305 A.C.
175 254 369 316 ῃ-34ισῖλλὰ
391 264 527 306 πάντα
551 263 700 317 ἀληθῆ.
730 256 994 316 παρεγύμνου
1024 277 1065 303 τε
1093 259 1198 302 κατὰ
1225 260 1399 317 μικρὸν,
1431 261 1487 312 (ὅς
1514 257 1703 318 σύστημα

261 332 335 372 οὒκ
370 330 533 383 α’γεννὲς
562 327 633 369 ἐπὶ
659 317 883 368 καταλύσει
911 323 991 381 ἤδη
1021 325 1200 380 συσταίη
1229 327 1281 383 τῇ
1312 327 1488 380 ἐκείνου,
1519 324 1582 375 οἷς
1611 329 1703 369 δέον

214 405 248 437 'D
263 392 415 436 ἑαυτὸν
443 394 747 447 προσνειζιιαντα
777 390 820 433 τὸ
851 393 978 446 μέρος
1006 393 1079 432 καί
1105 389 1232 432 αὐτὸν
1262 389 1637 445 συγκαταβάλλειν,
1667 390 1711 434 εἴ

226 453 231 455 ”
261 478 299 502 τι
322 460 442 512 μέλοι
469 458 542 512 τῆς
585 456 736 507 οἰκείας
778 459 987 512 σωτηρίας
1023 458 1095 498 καί
1125 453 1252 513 αύτῷ.
1310 459 1383 499 καί
1407 455 1466 511 μὴ
1501 462 1708 512 συγκαλυ-

261 513 451 577 ψάμενος
479 521 581 576 ἔγνω
612 524 698 564 δεῖν
727 523 868 579 ἐκείνῳ
898 522 1151 575 ἐμπαρέχειν
1178 521 1434 573 ἐμπιπλάναι
1454 521 1526 564 τὸν
1553 521 1734 576 θυμόνό

262 593 441 637 πίστεως
470 589 515 635 δὲ
553 589 635 629 τῶν
660 588 887 641 λεγομένων
917 589 1035 629 ἕνεκα
1066 582 1383 641 ἀσφαλεστέρας
1410 585 1495 628 καῖ’
1519 588 1597 630 τοῦ
1630 602 1709 630 σα-

264 657 452 712 φέστατα
481 655 677 703 εἷδέναι,·
694 653 751 702 ὥς
779 651 881 709 ὑπὲρ
913 652 1046 694 αὐτοῦ
1071 650 1258 705 μάλιστα
1281 653 1509 704 σπουδάζοι
1538 655 1611 695 καί
1636 652 1710 710 κη’-

264 724 376 762 δοιτο
406 719 563 770 αὐτοῦ,
596 717 669 760 καί
692 716 764 772 την
790 719 1003 772 θυγατέρα
1036 715 1247 771 κατηγγύα
1263 749 1275 771 ,
1308 712 1380 773 (ἦν
1398 717 1475 774 γὰρ
1501 716 1706 774 πρότερον

263 786 340 840 τὴν
362 784 543 839 γαμετὴν
562 783 827 838 ἅποβαλών,)
849 783 920 825 καί
939 779 1088 838 ὅρκους
1104 789 1303 838 παρεῖχεν
1332 785 1402 825 ἑπί
1416 785 1548 841 τούτῳ
1570 783 1712 839 ἐγκόλ-

263 842 361 892 πιόν
389 851 432 891 τί
457 866 502 891 τε
523 852 604 891 ταῖν
631 847 755 903 ἱερῶν
777 849 1013 904 ἀσφαλείας
1035 849 1172 889 ἕνεκα.
1227 849 1319 890 ἐπεὶ
1363 850 1408 890 δὲ
1435 849 1623 896 κάκεῖνον
1658 843 1765 905 ἦνιο

263 914 583 971 προσειληφώς,
614 916 797 970 Χούμνῳ
826 911 1017 969 πρόσεισι
1051 915 1111 970 τῷ
1141 912 1308 971 μεγάλῳ,
1337 907 1711 973 στρατοπεδάρχῃ,>

266 978 401 1030 ἄλλως
442 975 486 1023 τε
517 976 605 1022 ὄντι
633 982 715 1023 τῶν
746 982 885 1037 ἐκείνῳ
921 981 1055 1035 φίλων
1084 980 1157 1021 καί
1183 978 1431 1036 προσήκοντι
1468 981 1572 1023 κατὰ
1599 982 1713 1035 γένος

266 1045 337 1087 διὰ
366 1045 441 1100 την
465 1051 655 1100 γυναῖκα.
685 1047 759 1099 τῆς
785 1044 864 1100 γὰρ
896 1047 1184 1101 συναφθείσης
1223 1046 1359 1102 ἐκεινῳ
1388 1044 1562 1101 πρώτως
1600 1061 1714 1093 τετε-,-

264 1112 511 1166 λευτηκυίας
526 1143 538 1163 ,
569 1107 595 1165 ἢ
616 1107 857 1152 Λισυπάτου
878 1110 1066 1165 θυγάτηρ
1090 1104 1141 1163 ἦν
1156 1142 1168 1164 ‚
1196 1107 1287 1158 ἑνὸς
1305 1113 1384 1152 τῶν
1409 1112 1466 1169 τῷ
1483 1111 1617 1169 κλήρῳ
1636 1112 1711 1165 τῆς

264 1179 341 1218 τοῦ
349 1204 351 1206 ·
375 1179 482 1218 θεοῦ
509 1176 672 1232 Σοφίας
698 1177 1023 1229 κατειλεγμένων
1042 1208 1052 1226 ,
1096 1176 1252 1231 ἄνεψιᾷ
1281 1177 1492 1234 συνῴκησε
1520 1179 1573 1234 τῇ
1595 1173 1766 1223 Χού-ἰὅ

140 1252 178 1285 Ρ.
195 1253 260 1295 ίμο
273 1258 393 1295 μνου,
424 1237 503 1296 ἤδη
522 1239 715 1295 λαμπρὸς
736 1236 794 1286 ὢν
815 1243 887 1281 καί
901 1239 960 1295 μὴ
986 1236 1289 1293 οἷπαξιούμενος
1320 1240 1423 1297 πρὸς
1448 1241 1533 1283 τῶν
1551 1242 1714 1296 εὖγενε-
1754 1257 1758 1262 ·

134 1316 254 1351 V.332
266 1310 441 1362 στέρων.
471 1305 541 1348 διοὶ
562 1308 696 1348 ταῦτα
726 1301 801 1347 οὖν
830 1308 969 1363 ἐκείνῳ
998 1308 1080 1357 ταῖν
1105 1303 1350 1360 ἐπιτηδείων
1379 1302 1436 1349 α’)’ν
1453 1339 1465 1362 ,
1488 1303 1714 1362 ἆνεμίμνη-

265 1375 338 1415 σκὲ
365 1389 408 1414 τε
438 1370 685 1428 προσελθων
711 1373 795 1413 τῶν
826 1370 930 1427 πρὸς
961 1374 1094 1426 μέγαν
1122 1374 1365 1424 δομέστικον
1383 1374 1612 1427 εἰρημένων
1622 1368 1712 1425 ,ὅτε

265 1441 364 1493 περὶ
391 1436 575 1492 ΖΙίῙιχαὴλ
593 1439 671 1478 τοῦ
700 1438 868 1478 Μυσῶν
895 1439 1101 1490 βασιλέως
1129 1435 1393 1491 ἐβουλεύοντο
1415 1437 1525 1494 υἱοῦ,
1557 1440 1599 1480 εἷ
1624 1439 1712 1480 δέοι

267 1502 479 1546 ἐκδιδόναι
506 1503 763 1559 Ἀλεξάνδρῳ
794 1503 1042 1544 ἀπαιτοῦντι
1060 1537 1072 1556 ,
1105 1502 1151 1544 τὸ
1179 1501 1255 1544 ἐὰν
1284 1500 1570 1560 ἀποκαλυφθῇ
1586 1505 1644 1560 τῷ
1670 1498 1768 1554 ἒ-ασ,

267 1567 405 1625 σχάτῳ
422 1603 434 1621 ,
470 1566 624 1621 σιγάτω
653 1566 685 1609 δ’
702 1569 872 1621 πρῶτος.
903 1562 961 1609 ὧν
975 1601 988 1620 ‚
1018 1567 1198 1623 ἔφασκε,
1220 1566 1290 1610 τὸν
1313 1569 1445 1623 μέγαν
1473 1570 1712 1621 δομέστικον

744 1631 753 1645 Χ
796 1629 814 1644 (Ἰ

269 1634 339 1688 ἀεὶ
380 1634 640 1687 μεμνημένον
681 1647 750 1674 και
778 1648 917 1688 ωσπερ
946 1634 1066 1686 βέλος
1090 1635 1367 1689 περιφέροντα
1397 1634 1442 1675 ἐν
1479 1636 1533 1691 τῇ
1562 1634 1711 1692 ψυχῇ,

371 1735 419 1780 ιβ.
447 1732 519 1773 ουἰς
545 1732 830 1787 οἷπαξιούμενος
855 1733 903 1767 Μ.
929 1745 996 1782 mg.

271 1843 353 1866 vera
378 1843 454 1865 esse
482 1834 628 1874 omnia,
666 1838 703 1866 et
728 1830 983 1873 subindicare,
1018 1844 1093 1867 non
1130 1834 1329 1882 ignobilem
1370 1838 1510 1873 coetum
1550 1834 1597 1866 ad
1631 1845 1714 1872 eum

274 1880 427 1924 imperio
460 1879 676 1912 movendum
702 1881 774 1912 iam
799 1879 1038 1923 conspirasse:
1073 1881 1129 1912 cui
1165 1892 1203 1913 se
1229 1892 1374 1926 quoque
1407 1881 1559 1914 deberet
1582 1877 1715 1915 adium

273 1937 355 1970 gere
380 1936 421 1957 ac
444 1936 508 1969 pro
535 1927 633 1959 virili
655 1931 756 1970 parte
786 1925 978 1966 adiuvare,
1005 1927 1035 1958 si
1057 1926 1164 1959 modo
1187 1938 1249 1959 sua
1273 1928 1382 1960 etiam
1407 1927 1504 1960 salus
1530 1927 1585 1959 illi
1612 1927 1713 1966 cordi

269 1972 325 2004 sit.
376 1972 545 2017 Denique
577 1971 671 2005 nihil
695 1971 924 2005 reticendum
950 1973 1112 2015 putavit,
1150 1985 1222 2018 quo
1254 1973 1359 2005 illum
1398 1973 1451 2006 ira
1478 1974 1618 2018 egregie
1654 1974 1713 2006 in-

269 2017 477 2050 flammaret.
527 2019 581 2051 Ad
606 2019 813 2051 firmandam
838 2023 956 2050 autem
982 2018 1089 2051 fidem
1111 2019 1460 2064 ostendendumque,
1485 2025 1712 2064 quantopere

269 2066 346 2102 eius
373 2075 476 2097 causa
501 2064 683 2099 laboraret
707 2069 743 2101 et
767 2070 941 2109 quantum
967 2068 1168 2109 satageret,
1204 2066 1313 2099 etiam
1343 2065 1454 2098 filiam
1479 2077 1577 2099 suam
1604 2067 1638 2102 ei
1659 2066 1714 2106 vif
1770 2065 1772 2067 ’

271 2111 342 2142 duo
370 2110 591 2154 despondet:
625 2122 772 2156 quoque
809 2111 1024 2148 securiorem
1050 2111 1203 2153 reddat,
1242 2112 1336 2145 iurat
1359 2111 1507 2156 insuper
1535 2117 1574 2145 et
1609 2111 1712 2146 hulla

270 2167 370 2189 sacra
396 2157 518 2189 donat.
570 2157 647 2189 Hoc'
676 2157 783 2189 etiam
810 2156 856 2188 ad
881 2166 1071 2189 numerum
1098 2163 1310 2201 aggregato,
1335 2158 1381 2191 ad
1406 2158 1611 2193 Chumnum
1634 2169 1712 2191 ma-

271 2214 379 2247 guum
406 2202 742 2247 Stratopedarcham
774 2203 897 2243 vadit,
937 2204 999 2247 qui
1024 2204 1163 2247 alioqui
1189 2206 1323 2237 amicus
1361 2210 1398 2237 et
1433 2209 1582 2249 propter
1618 2216 1711 2246 uxo-

271 2261 346 2282 rem
372 2249 543 2282 affinitate
573 2261 652 2289 cum
677 2260 719 2281 eo
751 2249 938 2281 devinctus
965 2254 1050 2282 erat.
1101 2250 1243 2282 Etenim
1275 2251 1390 2294 prima
1421 2251 1599 2294 coniuge,
1641 2251 1712 2292 Di—

271 2297 389 2338 sypati
416 2297 572 2328 ministri
596 2295 631 2332 S,
655 2294 812 2339 Sophiae
837 2296 924 2335 filia,
957 2296 1158 2335 demortua,
1188 2297 1303 2329 clarus
1331 2298 1401 2329 iam
1428 2302 1464 2329 et
1487 2297 1711 2331 nobiliorum

274 2341 444 2374 affinitate
470 2343 553 2375 non‘
578 2340 746 2386 indignus
777 2341 946 2382 habitus,
979 2341 1212 2385 Apocauchus
1246 2343 1323 2377 eius
1356 2343 1607 2381 consobrinam
1640 2343 1710 2376 du*-

273 2393 393 2421 xerat:
432 2388 501 2421 hoc
525 2388 667 2422 vinculo
693 2387 968 2420 necessitudinis
1005 2389 1038 2420 ei
1074 2388 1299 2431 iungebatur.
1354 2389 1558 2423 Revocabat
1589 2394 1708 2428 autem

274 2434 329 2466 illi
359 2436 399 2467 in
423 2441 603 2476 mentem,
640 2445 733 2478 quae
759 2434 926 2474 dixisset,
964 2433 1147 2466 Chumnus
1184 2435 1353 2480 inquam,
1387 2441 1508 2474 contra
1542 2446 1710 2480 magnum³

275 2479 531 2521 domesticum,
565 2480 724 2513 cum·de
754 2480 829 2512 filio
861 2479 1049 2513 Michaelis
1080 2481 1285 2518 Moesorum
1324 2484 1416 2526 regis
1454 2487 1709 2528 quaereretur,

271 2526 478 2559 Alexandro
506 2526 645 2570 petenti
671 2525 808 2559 dandus
834 2532 944 2566 esset,
969 2536 1035 2559 nec
1062 2537 1128 2571 ne3
1166 2539 1317 2572 nempe,
1347 2530 1377 2561 si
1407 2529 1602 2561 revelatum
1625 2527 1709 2561 sue-

273 2572 323 2607 rit
346 2573 548 2616 postrem0‚
585 2573 720 2618 primus
749 2578 874 2606 taceat.
923 2572 1085 2616 Quorum
1110 2574 1298 2607 verborum
1323 2575 1445 2610 aiebat
1467 2585 1607 2619 semper
1631 2585 1710 2607 mc-

274 2628 409 2657 morem
438 2630 604 2661 magnum
630 2619 866 2653 domesticum
897 2624 934 2651 et
959 2624 1145 2665 'tamquam
1171 2621 1318 2652 tacitum
1353 2621 1419 2653 sub
1452 2626 1596 2665 pectore
1630 2621 1711 2653 vul-

275 2675 343 2700 nus
367 2665 672 2699 circumferentem
690 2691 698 2704 ,
724 2670 865 2709 captare
894 2671 1047 2710 tempus,
1073 2677 1145 2710 quo
1171 2668 1422 2700 contumeliam
1448 2678 1510 2711 pro
1535 2666 1711 2711 dignitate

275 2711 424 2755 penset,
458 2723 536 2744 cum
561 2712 698 2744 scilicet
721 2711 765 2744 ab
791 2711 976 2745 occidente
998 2711 1165 2746 redierit:
1192 2713 1241 2745 sic
1265 2715 1361 2746 enim
1386 2725 1428 2747 ex
1456 2723 1518 2744 ore
1546 2714 1622 2746 eius
1653 2723 1711 2752 aeq

280 2757 426 2805 cepisse,
475 2758 554 2808 Sibi
580 2769 634 2791 res
670 2758 767 2794 illius
806 2768 881 2792 esse
914 2759 1133 2801 carissimas,
1168 2770 1234 2793 nec
1271 2759 1314 2794 de
1349 2759 1529 2805 minimis,
1567 2758 1631 2796 scd
1665 2759 1713 2806 de,
