1820 3152
528 155 904 201 nlsroumnum
951 160 1022 202 ιιι.
1052 161 1122 207 88.
1429 138 1540 207 543

114 258 239 302 οῦδὲν
268 258 422 311 έποίει,
448 257 494 300 τὸ
525 264 692 315 φρονεῖν
720 258 802 302 ὑπὸ
832 261 957 314 θεοῦ,
1001 261 1058 311 ὥς
1085 261 1193 304 ἔοικε
1209 295 1222 315 ,
1253 262 1540 319 παρῃρημένος
1551 260 1633 294 A.C.
1653 260 1740 307 ¹345

113 328 187 368 καί
209 326 548 381 ἐγκαταλειφθείς
571 324 678 381 πρὸς
704 324 751 368 τὸ
779 326 1018 370 ἀποθανεῖν.
1058 327 1168 371 α’λλιὶ
1196 329 1240 370 οἳ
1261 343 1307 370 τε
1335 327 1549 380 δεσμῶται

114 392 476 443 διεσκεδασμένοι,
523 390 749 448 περιῄεσαν
777 394 864 434 τῶν
901 396 1126 447 βασιλείων
1163 392 1239 448 τήν
1279 391 1446 450 αὐλήν,
1474 393 1547 434 καί
1556 396 1676 435 V.525

114 454 241 505 αὐτὸς
272 453 347 510 τήν
386 457 484 511 περὶ
522 455 654 499 αὐτόν
695 459 954 514 δορυφορίαν
994 457 1075 510 ἔξω
1116 459 1384 513 καταλιπών,
1415 458 1580 516 εἶσῄειΒ

88 520 202 572 sirim
236 523 526 575 παρεπομένου
563 521 708 576 μόνου.
773 523 812 566 οἱ
848 526 1060 578 δεσμῶται
1097 528 1145 569 δὲ
1183 522 1239 576 ὥς
1268 522 1379 568 εἶδον
1416 522 1545 575 οὕτως

112 586 356 643 ἀφύλακτον
383 587 563 630 εἰσιόντα
580 620 591 639 ,
621 588 769 646 καιρὸν
795 591 1023 640 ἐπιθέσεως
1051 594 1316 646 νομίσαντες,
1346 587 1545 646 ὥρμησαν

111 655 177 696 ἐπ’
197 652 350 704 αὐτὸν,
389 653 520 708 ὀλίγοι
551 656 661 703 τινὲς
686 658 874 711 πρῶτον,
918 657 963 699 οἳ
988 655 1139 712 ἔτυχον
1178 651 1290 708 ’όντες
1319 658 1363 700 έν
1390 658 1544 714 ταύτῷ.

111 717 158 762 ἒν
185 716 247 769 οἷς
278 722 351 761 καί
376 715 398 760 ὅ
430 718 605 773 α’νεψιὸς
631 716 685 775 ἦν
715 721 828 779 αὐτῷ
852 721 1036 773 Ἀλέξιος
1062 720 1084 765 ὃ
1111 722 1214 775 δοὺξ
1240 723 1348 779 ὑπὲρ
1376 727 1548 766 Kama-

111 786 313 840 κουζηνοῦ
355 786 430 827 τοῦ
458 787 665 839 βασιλέως
698 786 743 830 τό
787 786 1070 845 δεσμωτήριον
1101 791 1447 845 κατακεκριμένος
1473 790 1549 831 καὶ

63 849 239 899 ιοαιῖτὸς
278 848 360 892 find
404 853 479 894 τοῦ
504 853 642 895 θείου.
695 855 842 910 πρῶτα
877 857 955 907 μὲν
994 851 1069 897 οὖν
1094 856 1276 911 ἐχρῶντο
1314 858 1449 905 λίθοις
1479 857 1547 898 ἐπ’

111 916 250 974 αὐτῷ·
290 917 342 958 ου’
374 915 455 973 γάρ
497 916 704 974 εὐπόρουν
748 917 862 968 τινὸς
888 919 1074 976 σιδήρου.
1130 919 1275 964 ἔπειτά
1313 938 1376 971 τις
1404 923 1545 964 αὐτῶν

110 981 281 1040 ῥοπάλῳ
311 982 417 1024 κατὰ
447 983 576 1039 τύχην
603 984 817 1044 εὖρημένῳ
845 984 991 1042 ἔπληξε
1018 985 1126 1029 κατὰ
1153 988 1225 1043 τῆς
1241 990 1426 1044 κεφαλῆς
1444 992 1546 1030 πολ-

109 1047 228 1099 λάκις
255 1049 328 1090 καί
361 1046 589 1104 κατήνεγκε.
643 1049 749 1104 μετὰ
787 1053 909 1094 τοῦτο
945 1054 993 1095 δὲ
1029 1051 1288 1109 χρησάμενοι
1326 1053 1542 1113 σκεπάρνῳ

108 1116 192 1156 τῶν
219 1113 265 1156 τὸ
293 1113 576 1171 δεσμωτήριον
602 1116 924 1170 οἷκοδομούντων
950 1116 1177 1174 τεκτόνων,
1217 1120 1422 1173 ἀπέτεμον
1465 1120 1583 1162 uzi-c

61 1178 183 1223 ιότοῦ
206 1180 281 1236 τήν
324 1180 523 1238 κεφαλήν.
574 1180 604 1237 ἧ
646 1184 693 1225 δὲ
733 1186 832 1239 περὶ
854 1189 986 1238 μέγαν
1014 1186 1145 1227 δοῦκα
1188 1185 1358 1242 φρουρά
1399 1187 1472 1229 καί
1505 1185 1546 1230 οἱ

109 1241 243 1300 ἄλλοι,
261 1242 352 1289 ὅσοι
379 1249 566 1302 εἵποντο,
597 1248 654 1299 οὖς
681 1248 914 1307 ᾐσθάνοντο
942 1251 1096 1293 ἐκεῖνον
1116 1254 1347 1306 τεθνεῶτα,
1368 1253 1420 1294 οὔ
1438 1251 1545 1309 πρὸς

109 1307 274 1365 ἄμυναν
301 1310 522 1368 ἐτράποντο
550 1313 656 1370 ὑπὲρ
700 1316 878 1368 ἐκείνου,
925 1314 1032 1358 ἀλλὰ
1071 1320 1397 1372 καταπλαγέντες
1437 1316 1544 1374 πρὸς

107 1376 183 1431 τὴν
209 1377 389 1431 τόλμαν,
417 1373 534 1420 ἄλλοι
562 1374 711 1422 ἄλλοσε
742 1379 1108 1437 διεσκεδάσθησαν.
1162 1381 1203 1425 οἱ
1247 1384 1458 1437 δεσμῶται
1496 1385 1545 1426 δὲ

108 1443 253 1498 πρῶτα
287 1446 365 1495 μὲν
396 1443 502 1500 πρὸς
529 1443 603 1499 τήν
631 1445 819 1501 ταραχήν
848 1448 1112 1502 συνέδραμον
1139 1448 1298 1499 πάντες.
1368 1448 1543 1505 ἠγνόουν

54 1508 188 1564 ἳογάρ
218 1509 356 1552 αὐτῶν
383 1509 422 1552 οἱ
451 1513 636 1552 πλεῖστοι
688 1507 768 1563 δ’,τι
807 1511 884 1567 εἴη.
940 1512 998 1561 ὥς
1024 1514 1072 1554 δὲ
1097 1513 1280 1567 ἔγνωσαν
1306 1514 1389 1563 τὸν,
1409 1518 1542 1570 μέγαν

107 1576 239 1617 δοῦκα
267 1575 519 1631 τεθνηκότα,
559 1577 604 1618 τὸ
638 1578 761 1630 σῶμα
794 1580 872 1631 μὲν
903 1575 1143 1634 ἀνήρτησαν
1181 1581 1252 1621 ἐπὶ
1280 1584 1364 1623 τῶν
1390 1583 1542 1636 τειχῶν

106 1643 188 1683 τῶν
212 1644 483 1697 θρασυτέρων
509 1645 632 1691 τινές.
690 1642 766 1698 τήν
795 1642 981 1700 κεφαλήν
1008 1645 1054 1685 δὲ
1080 1647 1392 1701 περιπείραντες
1419 1647 1541 1689 dnov-

106 1708 181 1766 τίῳ
198 1741 211 1762 ,
241 1707 315 1750 καί
340 1707 468 1764 αὐτήν
498 1707 654 1762 ὁμοίως
671 1711 900 1766 ἐπέστησαν
917 1715 1005 1759 τοῖς
1022 1712 1231 1766 τείχεσιν,
1264 1711 1318 1754 ἵν’
1346 1711 1410 1769 εἴη
1437 1715 1542 1756 πᾶσι

107 1831 344 1872 coniicimus,
384 1837 505 1867 mente
536 1834 717 1879 privatus,
754 1838 791 1867 et
812 1833 857 1867 ad
881 1833 1025 1868 eaedem
1049 1834 1223 1870 desertus.
1287 1836 1455 1872 Ceterum
1481 1849 1542 1873 ca-

107 1880 201 1924 ptivi
236 1879 369 1912 atrium
400 1879 532 1925 palatii
567 1881 716 1925 sparsim
747 1879 1058 1921 obambulabant,
1093 1888 1131 1916 et
1159 1883 1238 1928 ipse
1271 1885 1444 1918 satellitio
1475 1898 1541 1921 suo

107 1926 196 1960 foris
228 1925 381 1968 relicto,
415 1937 488 1959 uno
527 1932 667 1961 tantum
700 1928 831 1961 comite
862 1927 1143 1972 ingrediebatur.
1194 1930 1286 1964 Tum
1310 1932 1392 1972 illi,
1424 1938 1465 1966 ut
1487 1934 1540 1967 ita

108 1972 366 2007 incustoditum
392 1979 629 2019 aspexerunt,
667 1978 809 2018 tempus
835 1974 961 2008 adesse
984 1975 1076 2016 rati,
1100 1976 1288 2018 insiliunt,
1329 1980 1436 2023 pauci
1458 1980 1540 2025 qui-

108 2019 189 2053 dam
223 2021 403 2064 primum,
439 2021 503 2066 qui
536 2020 630 2054 forte
662 2021 769 2054 simul
804 2027 926 2062 erant,
965 2021 1003 2054 in
1038 2023 1171 2068 quibus
1213 2029 1251 2056 et
1281 2023 1427 2059 Alexius
1452 2026 1540 2068 dux,

108 2065 348 2100 Cantacuzeni
378 2078 482 2101 causa
508 2073 545 2101 et
568 2068 645 2112 ipse
674 2067 862 2101 damnatus
894 2078 1033 2102 carcere
1048 2093 1057 2110 ,
1081 2070 1214 2103 sororis
1239 2070 1334 2105 filius
1358 2072 1402 2105 ab
1425 2084 1538 2107 avun—

107 2113 190 2147 culo
221 2123 296 2147 suo.
343 2113 433 2158 Ergo
462 2113 645 2160 lapidibus
681 2124 762 2147 eum
794 2114 901 2148 initio
929 2116 1176 2158 insectantur,
1212 2117 1311 2163 quod
1337 2119 1470 2153 ferrum
1497 2121 1537 2155 in

105 2164 275 2204 promptu
301 2170 375 2193 non
407 2165 493 2194 erat.
541 2162 624 2194 Post
652 2161 801 2206 quidam
826 2161 959 2196 fustem
985 2162 1137 2196 fortuito
1170 2169 1352 2208 repertum
1393 2166 1537 2212 saepius

106 2206 146 2238 in
170 2211 277 2252 caput
299 2207 476 2252 impingit.
537 2208 593 2242 Ad
621 2213 819 2242 extremum
845 2213 986 2253 arrepta
1009 2207 1161 2255 bipenni
1185 2221 1205 2243 a
1227 2210 1339 2245 fabris
1362 2215 1538 2247 materia-

106 2253 170 2286 riis
190 2278 200 2293 ‚
225 2253 288 2299 qui
314 2263 487 2287 carcerem
515 2254 768 2296 exstruebant,
795 2261 903 2299 caput
925 2256 982 2289 illi
1010 2262 1206 2301 amputant.
1243 2258 1334 2292 Tum
1360 2260 1536 2302 custodia,

106 2305 145 2334 et
167 2299 347 2346 quidquid
383 2301 579 2335 satellitum
610 2300 853 2347 sequebatur,
888 2306 928 2335 ut
954 2313 1035 2336 eum
1067 2303 1297 2337 interfectum
1330 2305 1536 2349 audierunt,

105 2346 247 2379 ultione
277 2348 552 2391 praetermissa,
592 2353 691 2382 tanta
728 2347 876 2381 audacia
900 2349 1067 2389 attoniti,
1093 2350 1184 2384 alius
1211 2351 1282 2385 alio
1306 2351 1535 2398 diffugerunt.

106 2392 248 2436 Captivi
275 2393 320 2426 ad
347 2395 538 2427 tumultum
566 2406 689 2429 omnes
709 2400 975 2437 concurrentes,
1002 2395 1134 2441 (maior
1169 2397 1264 2431 enim
1298 2409 1379 2443 pars
1412 2411 1535 2435 eorum

133 2439 198 2473 uid
227 2445 321 2473 esset
338 2441 552 2487 nesciebat‚)
575 2446 618 2475 ut
643 2453 809 2487 magnum
836 2442 961 2476 ducem
986 2443 1141 2476 occisum
1167 2450 1426 2489 cognoverunt,
1451 2450 1540 2493 qui-

132 2496 190 2519 am
223 2486 433 2520 audaciores
448 2512 458 2525 .
486 2488 635 2523 cadaver
658 2489 703 2523 de
726 2500 827 2523 muro
852 2489 1097 2534 suspendunt,
1132 2495 1310 2536 caputque
1334 2493 1408 2526 telo
1433 2505 1537 2538 prae-

105 2533 216 2565 fixum
245 2533 415 2567 similiter
437 2534 476 2568 in
500 2545 601 2568 muro
627 2547 691 2580 pro
713 2536 917 2581 spectaculo
940 2541 1113 2569 statuunt.
1171 2538 1320 2572 Gratum
1345 2541 1440 2573 enim
1466 2553 1534 2586 po-

105 2578 194 2623 pulo
219 2579 336 2613 facere
361 2590 398 2612 se
423 2581 707 2622 arbitrabantur,
732 2583 795 2627 qui
819 2582 924 2616 illum
948 2593 1012 2625 pro
1038 2584 1217 2616 communi
1241 2584 1343 2619 hoste
1366 2586 1531 2629 haberet,

106 2630 289 2671 tamquam
328 2625 436 2660 huius
476 2627 566 2661 belli
595 2629 712 2663 civilis
749 2628 884 2662 fontem
914 2629 1051 2662 scilicet
1088 2630 1312 2677 primamque
1337 2633 1532 2678 originem:

105 2681 211 2705 nemo
238 2673 333 2705 enim
370 2673 441 2705 iam
468 2685 561 2720 quae
592 2676 816 2721 contigerant
840 2686 913 2708 non
938 2675 1085 2708 sciebat.
1133 2677 1204 2722 Ipsi
1229 2687 1313 2712 vero
1339 2691 1403 2724 pro
1429 2682 1535 2725 copia

103 2720 303 2761 praesenti,
341 2720 370 2753 si
395 2720 457 2765 qui
496 2731 559 2755 eos
586 2723 886 2768 aggrederentur,
912 2721 1159 2757 defensionem
1182 2724 1381 2768 parabant:
1415 2728 1535 2760 subli-

104 2763 223 2799 mibus
250 2766 378 2812 palatii
408 2768 518 2802 muris
533 2770 762 2814 potissimum
783 2768 945 2803 fidentes.
996 2769 1112 2803 Simul
1133 2770 1239 2806 etiam
1259 2783 1338 2818 spes
1357 2774 1533 2819 quaedam
