1800 3132
520 174 899 220 Hls'romARUM
938 182 1010 221 111.
1037 183 1104 226 13.
1492 163 1564 219 83

124 277 358 339 ἐξελθόντες
367 284 380 331 )
409 274 642 333 ἠσπάζοντο
671 280 753 320 τῶν
784 277 922 321 ἵππων
954 275 1196 333 οἷποβάντες.
1251 279 1273 324 ὅ
1296 283 1343 324 δὲ
1365 282 1656 337 andnim-Ac.
1673 288 1755 332 1341

121 361 188 388 τεν
205 341 446 392 unitate-aig
475 339 525 383 οὔ
554 341 813 398 προσήκοντα
843 347 1055 387 ποιοῦσιν·
1112 345 1254 389 ἔπειτα
1280 349 1340 398 εἷς
1365 347 1416 390 τὰ
1444 349 1568 402 βασί-

123 415 214 453 λεια
243 408 404 461 ἐλθών,
450 406 657 463 ἠσπάζετό
695 424 740 450 τε
766 410 963 463 βασιλίδα
990 412 1064 452 καί
1088 415 1376 467 παρεμυθεῖτο
1402 413 1603 468 mmmm

123 478 200 517 οὐκ
229 471 436 528 ἆλγοῦσαν
465 471 594 527 μόνον
621 473 706 515 ὑπὸ
735 476 818 528 τῶν
845 480 1100 531 συμφορῶν,
1130 476 1237 519 α’λλά
1266 481 1339 520 καί
1362 477 1407 520 τὸ
1441 481 1564 532 σῶμα

95 541 458 596 5νοσηλευομένην.
525 541 600 580 καί
634 539 946 595 διηγησάμενος,
979 537 1058 583 ὅσα
1087 557 1132 582 τε
1159 540 1329 597 πράξειε
1356 542 1462 599 πρὸς
1487 547 1567 587 Δι-

119 603 362 659 δυμότειχον
389 604 555 657 ἐλθών,
601 603 677 647 καί
706 602 786 647 ὅσα
810 611 896 655 τοῖς
919 608 965 648 ἐκ
991 606 1316 662 Πελοποννήσου
1344 604 1567 664 πρέσβεσιν

115 673 424 726 ε’παγγείλαιτο,
462 667 530 713 οἷά
558 685 605 711 τε
634 673 838 713 διανοοῖτο
867 674 968 728 περί
988 687 1032 714 τε
1062 671 1229 715 ἐκείνων
1257 672 1332 715 καὶ
1357 676 1456 729 περὶ
1478 678 1565 717 τῶν

115 733 252 779 ἄλλων
277 735 498 792 πράττειν,
538 735 699 790 μεγάλα
724 752 768 778 τε
796 737 977 789 ἐλπίζειν
1008 735 1186 795 παρῄνει
1212 739 1286 780 καί
1311 740 1427 798 αὐτῷ
1450 741 1564 797 3αᾷ-

113 802 227 858 ῥεῖν,
255 801 312 851 ὥς
337 801 443 857 ὖπὲρ
473 800 679 857 ὠφελείας
705 802 833 856 αὐτῆς
859 817 905 844 τε
932 801 1006 844 καί
1029 805 1192 846 παίδων
1222 803 1296 846 καί
1323 807 1401 846 τοῦ
1421 808 1564 848 κοινοῦ

67 866 354 923 ιοῬωμαίων,
397 862 492 910 οὔτε
520 865 735 921 σώματος,
785 863 880 910 οὔτε
904 867 1136 924 χρημάτων
1162 871 1420 927 φεισομένῳ,
1454 868 1558 913 α’λλοὶ
1572 880 1694 915 v.315

113 936 250 976 πᾶσαν
284 935 576 990 ι.*ἒπιδει“’ςόμένῳ
616 933 691 975 καί
725 932 912 988 σπουδήν
948 933 1022 976 καὶ
1059 937 1319 990 προθυμίαν.
1382 938 1457 978 νῦν
1484 937 1562 989 μὲν

112 997 191 1055 γάρ
223 999 274 1040 οὔ
301 997 448 1057 ῥᾴδιον
486 995 626 1052 εἶναι,
667 997 806 1054 λόγοις
844 997 918 1055 τήν
953 1015 1000 1041 τε
1037 1002 1238 1056 στρατιᾶς
1274 1001 1461 1044 ἐπίδοσιν
1488 1004 1563 1043 καί

111 1066 193 1107 τῶν
214 1065 432 1121 προσόδων
457 1066 541 1107 τῶν
568 1066 719 1107 κοινῶν
747 1061 1058 1108 ἀποδεικνύειν·
1112 1064 1236 1122 ἔαρος
1256 1067 1303 1108 δὲ
1321 1069 1557 1121 γενομένου,

110 1131 151 1172 εἰ
177 1132 222 1172 ἐν
258 1133 385 1182 ζῶσιν
419 1128 510 1185 εἴη,
557 1130 609 1172 οὔ
648 1130 779 1185 λόγων
820 1130 1046 1186 δεήσεσθαι
1080 1131 1187 1188 πρὸς
1214 1130 1290 1187 τήν
1316 1131 1559 1186 ἀπόδειξιν,

63 1197 156 1247 ιόὲξ
182 1196 324 1239 αὐτῶν
350 1198 434 1238 τῶν
452 1194 584 1252 ἔργων
603 1198 790 1253 φανερᾶς
805 1200 876 1253 τῆς
895 1197 1103 1254 ω’,φελειῖκς
1127 1199 1358 1252 γινομένης.
1411 1194 1555 1238 ἔπειτα
1567 1206 1600 1240 Ρ.
1618 1207 1685 1252 389

112 1263 186 1304 καί
222 1262 323 1318 περὶ
359 1257 419 1305 ὧν
453 1259 548 1317 ἥκει
583 1262 912 1318 κοινωσάμενος,
956 1262 1013 1312 ὥς
1054 1265 1127 1305 καί
1153 1263 1263 1319 αὐτῇ
1287 1263 1556 1318 συμφέροντα

110 1329 246 1371 ἐδόκει
275 1330 346 1370 καί-
371 1328 607 1385 ἐπεψὴφιζε
639 1326 717 1383 τήν
761 1327 947 1385 βουλήν,
987 1328 1111 1385 ἔργου
1150 1325 1287 1381 εἴχετο
1315 1328 1389 1369 καὶ
1416 1325 1556 1385 διῴκει

109 1394 259 1449 πάντα,
287 1390 317 1453 ᾗ
341 1392 602 1448 βεβούλευτο.

218 1459 284 1514 ιγ’.
330 1460 476 1518 Ὀλίγῳ
503 1461 549 1502 δὲ
575 1455 752 1515 ὕστερον
779 1462 824 1511 ἐξ
848 1461 1003 1515 ἐκείνης
1021 1461 1094 1514 τῆς
1119 1457 1281 1515 ἡμέρας
1306 1459 1351 1499 ἐν
1369 1458 1556 1511 βασιλεί-

57 1538 174 1574 αοοις
210 1526 345 1567 αὐτοῦ’
373 1528 423 1582 τῇ
447 1527 631 1579 βασιλίδι
662 1526 951 1580 διαλεγομένου
979 1526 1177 1582 περὶτῶν
1193 1525 1343 1565 κοινῶν
1368 1525 1441 1565 καί
1465 1539 1552 1564 κοι-

111 1594 162 1648 νῇ
197 1593 508 1644 βουλευομένων
540 1589 638 1646 περὶ
674 1585 734 1632 ὧν
777 1588 830 1633 ἂν
868 1593 955 1633 δέοι
992 1589 1208 1645 πράττειν,
1237 1591 1372 1645 θροῦς
1398 1586 1591 1640 ἔξωθενΒ

111 1653 279 1711 ἠκούετο
318 1658 391 1698 καί
428 1654 505 1711 βοὴ
548 1658 646 1711 περὶ
680 1654 731 1697 τά
772 1655 966 1708 βασίλεια
995 1655 1221 1709 συμμιγής.
1278 1654 1479 1709 ἐρομένης
1507 1655 1556 1694 δὲ

108 1722 183 1776 τῆς
205 1721 421 1774 βασιλίδος
443 1720 550 1777 πρὸς
574 1720 716 1773 αὐτὸν,
736 1722 783 1762 τί
806 1716 856 1762 ἂν
879 1719 942 1776 εἴη
968 1722 1124 1771 ταῦτα,
1163 1721 1299 1775 σαφὲς
1324 1720 1403 1772 μὲν
1431 1719 1553 1760 οὐδὲν

107 1787 263 1829 εἰδέναι
290 1785 498 1843 ἔφασκεν·
527 1784 691 1829 οἴεσθαι
719 1788 766 1829 δὲ
784 1817 796 1839 ,
826 1785 931 1842 πρὸς
958 1784 1035 1840 τήν
1063 1784 1180 1840 δίκην
1207 1785 1331 1826 τινῶν
1358 1781 1550 1838 ἀλλήλοις

201 1901 230 1934 7.
256 1887 323 1932 τὴν
346 1901 411 1935 pro
436 1891 502 1923 καὶ
524 1891 564 1928 Ρ.
667 1890 721 1924 23.
752 1889 872 1935 σαφὲς
898 1889 969 1930 Μ.,
996 1886 1162 1933 φάσκειν
1187 1888 1221 1922 Ρ.

109 1984 370 2019 descendentes
407 1983 702 2017 consalutarunt:
743 1993 832 2027 quos
864 1982 927 2015 ille
951 1986 991 2013 ut
1023 1982 1166 2026 ineptos
1195 1981 1422 2025 obiurgavit3
1458 1991 1547 2024 pro-

107 2042 316 2077 gressusque
360 2031 399 2063 in
437 2030 636 2074 palatium,
673 2028 888 2073 Augustam,
929 2028 1046 2062 salute
1093 2028 1210 2068 dicta,
1265 2039 1309 2060 ex
1341 2028 1548 2060 calamitate

106 2089 244 2123 aegram
273 2078 384 2110 animi
419 2081 455 2110 et
478 2082 659 2122 aegrotam
694 2086 842 2119 corpore
878 2076 1107 2115 consolatus,
1151 2079 1188 2107 et
1225 2074 1418 2119 expositis,
1452 2085 1546 2118 quae

105 2123 351 2168 Didymotichi
380 2124 512 2168 egisset
536 2132 703 2169 quaeque
726 2122 1095 2165 Peloponnensiorum
1124 2121 1250 2164 legatis
1290 2121 1515 2164 promisisset
1534 2145 1545 2161 ,

107 2182 272 2218 quaeque
298 2171 373 2204 illis
400 2174 438 2202 et
470 2170 550 2203 aliis
583 2170 702 2203 facere
735 2170 932 2214 cogitaret,
968 2178 1049 2212 spes
1078 2179 1220 2212 magnas
1257 2172 1298 2199 ut
1337 2168 1546 2210 conciperet

107 2222 218 2263 atque
247 2222 289 2252 ut
317 2216 388 2250 sibi
417 2215 565 2257 fideret,
597 2214 742 2262 quando
769 2226 834 2259 pro
866 2215 943 2247 eius
981 2219 1018 2247 et
1049 2215 1204 2247 filiorum
1227 2213 1543 2258 Romanorumque

108 2265 270 2298 omnium
304 2263 464 2297 utilitate
504 2263 604 2296 omni
639 2261 759 2296 studio
789 2262 1047 2307 alacritateque
1073 2266 1316 2306 pugnaturus,
1354 2266 1391 2293 et
1421 2271 1540 2305 neque

106 2310 288 2357 pecuniis,
313 2321 434 2355 neque
458 2309 624 2354 sanguini
651 2319 716 2341 suo
731 2319 914 2353 -parsurus
938 2308 1004 2348 sit,
1035 2309 1198 2341 hortatus
1219 2311 1282 2338 est.
1331 2306 1436 2339 Nunc
1452 2307 1539 2351 qui-

107 2357 193 2391 dem‘
210 2362 432 2402 quantopere
461 2367 540 2389 cum
579 2354 758 2390 reditibus
802 2354 1051 2387 communibus
1090 2359 1215 2387 auctus
1253 2354 1302 2386 sit
1336 2352 1538 2393 exercitus,

105 2414 182 2438 non
206 2403 313 2437 facile
340 2413 444 2447 posse
478 2401 598 2438 verbis
635 2401 894 2435 demonstrari:
934 2412 1017 2434 vere
1046 2411 1163 2441 novo,
1203 2398 1234 2432 si
1263 2399 1379 2439 vivat,
1425 2400 1537 2432 nullis

105 2449 225 2484 verbis
251 2460 340 2494 opus
365 2449 547 2491 futurum,
591 2459 671 2482 cum
696 2449 775 2493 ipse
803 2459 952 2492 operum
982 2448 1118 2481 fructus
1156 2446 1196 2479 id
1229 2445 1535 2480 demonstraverit.

80 2495 248 2530 >Deinde
282 2495 421 2530 collatis
450 2506 530 2529 cum
561 2507 603 2529 ea
631 2495 678 2528 ob
710 2506 802 2540 quae
834 2499 1000 2535 venerat,
1032 2494 1097 2527 ubi
1117 2497 1154 2525 et
1184 2491 1247 2525 illa
1280 2497 1322 2525 ut
1349 2491 1535 2525 commoda

104 2542 273 2589 probavit
307 2547 345 2575 et
377 2542 566 2576 consilium
601 2543 678 2576 eius
705 2541 939 2587 approbavit,
976 2540 1022 2575 ad
1044 2538 1246 2574 deliberata
1279 2549 1387 2583 opere
1420 2539 1536 2583 expli-

75 2598 77 2604 *
106 2589 219 2624 canda
244 2599 280 2622 se
302 2588 412 2622 (ledit.

202 2637 253 2673 13.
302 2635 410 2669 Paulo
441 2639 523 2679 post
545 2634 641 2669 diem
664 2634 789 2675 illum3
816 2634 900 2667 dum
929 2634 967 2666 in
999 2632 1096 2677 regia
1122 2643 1201 2665 cum
1235 2632 1463 2677 imperatrice
1488 2631 1533 2665 de

71 2713 80 2720 ,
106 2694 144 2716 re
164 2682 311 2727 publica
341 2682 597 2715 sermocinatur
623 2686 660 2714 et
682 2681 788 2714 ambo
816 2681 860 2714 de
883 2680 990 2714 rebus
1019 2678 1168 2723 agundis
1190 2680 1414 2720 consultant,
1445 2678 1532 2712 foris

105 2729 280 2762 tumultus
315 2734 351 2762 et
387 2728 597 2762 commixtus
631 2728 762 2761 clamor
800 2727 998 2760 exauditur.
1049 2726 1293 2770 Interrogante
1326 2738 1388 2766 ea,
1426 2724 1534 2769 quid-

106 2785 187 2809 nam
211 2775 279 2810 hoc
315 2779 433 2817 esset,
482 2775 626 2821 negavit
654 2786 693 2810 se
727 2779 860 2809 certum
887 2774 993 2808 scire:
1033 2772 1180 2808 credere
1208 2777 1328 2807 tamen
1360 2771 1406 2808 ob
1429 2772 1531 2805 litem
