1820 3152
537 185 914 230 HISTORJARUM
951 185 1023 226 ιιι.
1052 190 1122 235 90.
1256 240 1263 246 .
1440 160 1551 217 553

111 291 261 345 θέμως
303 288 568 345 ἐπηγγέλλετο
603 290 806 344 ποιήσειν,
855 283 932 330 ὅσα
967 287 990 329 ὅ
1029 287 1243 341 Βατάτζης
1283 279 1399 342 ᾔτει·
1432 281 1752 339 »περὶΑ.0.1346

112 360 308 400 πλείστου
337 354 416 411 γὰρ
461 356 641 397 ἐποιεῖτο
678 353 725 397 τὸ
756 352 855 403 τούς
883 354 1215 406 ἀνθισταμένους
1237 349 1345 397 εἶναι
1374 353 1550 404 βασιλεῖ’.

113 423 341 480 ἐξεφόβουν
374 420 456 476 γὰρ
499 420 710 477 κατάκρας
768 419 1027 476 πατριάρχης
1055 435 1099 462 τε
1139 418 1213 460 καί
1247 417 1286 461 οἱ
1320 412 1439 459 ἄλλοι
1471 419 1594 458 τῶνΒ

111 487 367 545 πραγμάτων
394 484 615 543 ἄρχοντες,
656 486 788 528 πολλὰ
817 483 1179 539 καταψευδόμενοι
1216 486 1421 538 βασιλέως
1438 516 1453 535 ,
1484 483 1558 524 καί

87 554 282 599 5ἔπειθον
310 555 487 608 ἐκείνην,
517 552 597 606 (ὃς,
646 555 686 594 εἰ
726 550 866 609 τρόπῳ
909 551 961 606 δή
996 567 1079 593 τινι
1126 548 1360 602 Βυζάντιον
1401 553 1556 598 ἐκεῖνος

111 618 410 675 ὖποποιήσαιτο
427 653 439 672 ,
469 618 599 673 αὐτὴν
622 618 772 659 αὐτίκα
791 622 865 660 καί
882 618 1036 668 παῖδας
1056 619 1276 659 α’ποκτενεῖ
1306 618 1389 665 τῶν
1429 613 1555 671 ’ὕβρε-ι

114 703 171 728 ων
208 688 326 728 ἕνεκα
362 688 435 728 καί
480 687 565 726 τῶν
610 680 748 726 ἄλλων
792 686 929 726 κακῶν
965 686 1046 725 τῶν
1083 685 1143 732 εἰς
1172 685 1325 725 ἐκεῖνον
1352 681 1426 724 καὶ
1457 679 1555 729 τοὺς

112 758 319 806 συγγενεῖς
361 753 642 807 γεγενημένων
685 748 958 803 ἀμυνόμενος.
1013 748 1078 790 διὸ
1120 748 1227 804 πρὸς
1267 750 1343 803 τήν
1388 747 1554 802 εἰρήνην
1610 766 1612 770 ’

111 813 193 872 ηδη
228 817 300 858 καὶ
336 814 444 871 αὕτη
485 816 566 859 ὕπὸ
608 819 766 866 δειλίας
804 814 1060 870 ἀσυμβάτως
1101 813 1216 871 εἶχε,
1267 815 1403 859 καίτοι
1429 819 1555 867 βασι-

64 887 217 934 ιολέως
245 883 315 925 ἀεὶ
341 885 537 935 δεομένου
575 884 648 924 καί
673 883 899 941 γράμματα
929 882 1169 960 πατριάρχῃ
1212 898 1307 938 περι
1334 884 1408 936 τῆς
1441 879 1555 934 ειρή-

113 966 186 1004 νης
230 951 481 1002 πέιιποντος,
517 946 566 1006 (ἃ
606 949 643 991 οἱ
687 964 852 1003 αγοντες
898 947 1014 1004 παρὰ
1056 947 1129 991 τὸν
1169 950 1248 990 τοῦ
1286 945 1553 1002 πατριάρχου

113 1012 265 1070 θρόνον
296 1011 323 1070 ἢ
362 1009 519 1056 αλλοθί
566 1030 674 1067 που,
704 1013 808 1057 ἔνθα
839 1013 1021 1067 μάλιστα
1051 1015 1127 1056 οὔκ
1152 1015 1248 1069 ἐνῆν
1275 1017 1448 1066 λαθεῖν,
1477 1012 1554 1055 λά·

113 1084 200 1135 θρα
230 1078 424 1136 ἕῤῥιπτον
457 1078 702 1134 ἐρχόμενοι·
761 1081 977 1122 ἐδεδίεσαν
1012 1079 1091 1136 γὰρ
1141 1081 1335 1137 φανερῶς
1372 1081 1556 1133 παρέχε-

113 1150 216 1191 σθαι
236 1178 248 1200 ,
281 1142 362 1199 οὐχ
390 1144 572 1201 ἡμέρους
606 1144 786 1200 α’μοιβὰς
816 1146 1034 1200 δεχόμενοι
1058 1147 1144 1188 τῶν
1169 1146 1399 1202 πρεσβειῶν
1411 1148 1445 1202 ,)
1481 1140 1595 1186 κᾶνῦ

62 1214 265 1262 ι5ἐκεῖνος
297 1211 498 1253 τοῖναντάι
539 1210 741 1267 ἔπραττεν
785 1213 880 1265 αἐἰ,
924 1212 999 1254 τὸν
1048 1210 1230 1265 πόλεμον
1271 1210 1327 1259 ὦς
1369 1210 1556 1263 μάλιστα

113 1279 213 1333 ἐνῆν
244 1277 451 1323 ἀνάπτων.
508 1278 726 1332 Βατάτζης
760 1279 839 1331 μὲν
877 1272 953 1320 οὖν
992 1277 1170 1320 ἐλπίδων
1218 1275 1327 1319 οὕτω
1367 1274 1556 1330 μεγάλων

113 1343 232 1385 ἕνεκα
276 1349 470 1396 πολεμεῖν
513 1338 641 1392 αὖθις
669 1343 809 1401 ᾑρεῖτο
840 1347 1026 1397 βασιλεῖ,
1056 1343 1129 1386 καὶ
1155 1341 1260 1398 πρὸς
1290 1340 1358 1386 τὸν
1385 1344 1556 1391 Λυδίας

115 1408 335 1464 σατράπην
376 1411 579 1462 πέμψας,
609 1404 703 1466 ᾔτει
742 1409 849 1451 κατὰ
884 1411 1132 1463 συμμαχίαν
1165 1411 1397 1465 στρατιάν.ι
1433 1413 1692 1463 βασι-Ῡ.530

115 1474 210 1524 λεύς
229 1477 276 1516 δὲ
295 1476 389 1517 ἐπεῖ
405 1474 457 1516 τὰ
475 1472 579 1530 κατὰ
591 1473 814 1530 Βατάτζην
843 1477 917 1516 οὐκ
947 1473 1086 1531 ἠγνόει
1109 1507 1121 1528 ,
1164 1474 1338 1517 πολλῶν
1356 1476 1558 1530 ἀπαγγελ-

61 1540 280 1593 αολόντων,
308 1540 555 1593 Καλόθετον
566 1538 637 1582 τὸν
663 1543 848 1594 πρωτοσέ
879 1557 1000 1582 αστον
1030 1535 1464 1597 πέμψας,κατηγόρει
1481 1540 1559 1596 τήν

114 1606 413 1661 ἀγνωμοσύνην
439 1605 511 1647 καί
531 1603 609 1659 τήν
638 1606 927 1661 ἀποστασίαν,
956 1606 1159 1662 ἐπεχείρει
1196 1622 1241 1649 τε
1271 1609 1435 1648 πείθειν
1444 1608 1474 1659 ,’
1493 1607 1554 1662 μή

113 1675 292 1715 τοιαῦτα
308 1676 563 1726 κακουργεῖν,
594 1670 700 1712 α’λλοὶ
725 1678 864 1726 τηρεῖν
886 1670 984 1721 τούς
1007 1670 1157 1727 ὅρκους
1176 1671 1275 1722 τούς
1298 1670 1403 1728 πρὸς
1431 1671 1560 1714 αὐτὸν

114 1738 189 1780 καὶ
210 1737 285 1787 τὰς
323 1732 538 1792 συνθήκας
556 1770 568 1790 ,
597 1733 714 1792 ἥκειν
741 1754 786 1779 τε
814 1736 920 1794 πρὸς
949 1736 1075 1791 αὐτὸν
1095 1741 1283 1781 ἐκέλευεν
1293 1772 1306 1791 ,
1336 1735 1394 1788 ὥς
1421 1739 1559 1780 πάντα

117 1801 299 1860 πράξων,
330 1798 388 1847 ὧν
419 1799 472 1845 ἂν
514 1805 664 1846 δέοιτο.
700 1803 919 1859 Βατάτζης
946 1805 992 1847 δὲ
1025 1803 1257 1862 ἀπηγόρευε
1285 1803 1329 1847 τὸ
1359 1806 1435 1846 νῦν
1463 1803 1559 1860 ἔχον

113 1952 366 1997 praestituram
384 1951 595 1997 spopondit.
638 1950 832 1986 Gaudebat
854 1950 948 1984 enim
968 1952 1077 1984 etiam
1102 1953 1212 1996 atque
1239 1952 1362 1993 etiam,
1386 1954 1552 1986 inventos

118 2009 209 2039 esse,
221 1999 283 2043 qui
298 1999 550 2032 Cantacuzeno
575 1998 753 2031 auderent
774 2003 995 2043 possentque
1021 1997 1211 2036 obsistere,
1234 1997 1436 2032 patriarcha
1462 2001 1559 2033 enim

114 2046 252 2092 aliique
272 2045 461 2079 archontes
485 2047 598 2078 multa
626 2046 663 2078 in
682 2045 786 2078 illum
810 2046 1026 2078 mentientes
1040 2044 1357 2079 vehementissime
1381 2057 1459 2079 eam
1482 2051 1556 2080 ter-

115 2093 266 2132 rebant,
293 2098 330 2125 et
351 2092 637 2137 persuadebant,
671 2093 702 2124 si
727 2103 800 2136 quo
833 2091 940 2126 modo
980 2092 1192 2135 Byzantium
1229 2092 1294 2125 ille
1333 2092 1554 2138 subiugaret,

114 2138 162 2171 nd
199 2139 420 2172 ulciscendas
454 2139 691 2173 contumelias
737 2144 846 2184 atque
870 2139 1022 2171 iniurias
1056 2139 1097 2172 in
1130 2150 1167 2171 se
1203 2145 1446 2186 cognatosque
1480 2141 1554 2173 col-

113 2186 230 2225 latas,
262 2186 435 2219 continuo
467 2187 582 2230 ipsam
615 2197 694 2219 cum
731 2185 858 2219 liberis
892 2189 1171 2230 perempturum.
1221 2185 1357 2220 Idcirco
1389 2187 1553 2232 quamvis

112 2243 239 2278 pacem
264 2243 405 2276 semper
430 2239 598 2278 peteret,
626 2238 662 2266 et
686 2231 733 2265 ob
758 2232 798 2266 id
821 2231 867 2264 ad
892 2231 1128 2276 patriarcham
1163 2231 1357 2273 scriberet,
1390 2235 1468 2278 ipsa
1497 2240 1552 2267 ta-

113 2290 199 2313 men
238 2280 311 2312 iam
351 2290 434 2324 prae
472 2281 602 2314 timore
640 2279 685 2311 ab
721 2289 763 2312 ea
795 2278 1009 2323 paciscenda
1042 2278 1271 2316 abhorrebat.
1318 2281 1386 2313 Eas
1411 2281 1551 2314 litteras

115 2328 178 2372 qui
204 2326 391 2366 ferebant,
416 2327 596 2371 principio
635 2327 736 2360 iuxta
761 2325 988 2370 patriarchae
1024 2325 1195 2359 thronum
1239 2331 1302 2360 aut
1338 2327 1453 2367 alibi,
1484 2327 1550 2362 ubi

113 2374 264 2406 minime
299 2374 413 2406 latere
446 2379 637 2416 poterant,
679 2373 768 2406 clam
804 2372 1058 2418 proiiciebant.
1119 2372 1228 2416 Quod
1263 2374 1358 2406 enim
1393 2375 1552 2420 praemia

114 2431 240 2465 parum
264 2420 365 2452 mitia
390 2420 670 2463 exspectabant,
707 2421 824 2464 palam
852 2430 910 2452 eas
935 2419 1085 2453 reddere
1109 2430 1183 2451 non
1205 2420 1398 2454 audebant.
1450 2421 1553 2454 Sem-

113 2478 200 2511 per,
224 2467 401 2511 inquam,
427 2466 491 2500 ille
515 2467 562 2500 ad
596 2467 838 2512 patriarcham
863 2467 1022 2501 scribens
1047 2475 1171 2510 pacem
1196 2466 1368 2510 petebat,
1396 2469 1465 2502 etsi
1487 2468 1551 2502 ille

115 2518 240 2546 contra
274 2517 449 2557 perpetuo
482 2513 618 2548 faceret
665 2514 876 2559 bellumque
913 2524 1019 2559 quam
1055 2513 1210 2546 maxime
1246 2518 1389 2558 poterat
1424 2525 1552 2548 accen-

115 2559 229 2593 deret.
277 2560 439 2593 Batatzes
466 2560 596 2605 igitur,
622 2571 699 2593 cum
727 2561 773 2593 ad
797 2572 878 2605 spes
902 2560 952 2592 ita
979 2561 1142 2604 ingentes
1177 2562 1388 2600 exarsisset,
1418 2563 1550 2596 iterum

115 2617 197 2639 cum
214 2605 441 2650 imperatore
474 2609 580 2640 armis
616 2607 835 2641 contendere
869 2607 1084 2645 instituens,
1108 2617 1128 2638 a
1159 2611 1298 2651 satrapa
1323 2607 1459 2651 Lydiae
1484 2620 1550 2641 au-

114 2653 244 2686 xilium
270 2652 428 2697 petebat.
488 2654 686 2698 Imperator
711 2655 882 2699 quoniam
909 2653 998 2698 quid
1026 2654 1175 2686 cuderet
1209 2654 1394 2695 Batatzes,
1426 2655 1548 2687 multis

114 2699 389 2739 nuntiantibus,
416 2709 488 2732 non
512 2701 727 2743 ignorabat,
751 2712 815 2744 per
844 2700 1073 2733 Calothetum
1109 2700 1398 2744 protosebastum
1431 2703 1550 2747 ingra-

115 2750 193 2778 tum
238 2748 395 2778 animum
437 2751 472 2779 ct
504 2747 746 2781 desectionem
784 2747 816 2780 ci
854 2747 1048 2790 exprobrat
1084 2750 1121 2779 et
1154 2757 1174 2778 a
1207 2747 1339 2783 scelere
1366 2749 1548 2781 deterrere

114 2793 264 2834 nititur,
288 2792 460 2834 hortans,
491 2799 536 2828 ut.
557 2805 647 2840 quae
678 2794 747 2828 sibi
773 2796 946 2835 iurasset,
970 2805 1010 2829 ea
1040 2798 1194 2828 servaret
1241 2800 1277 2829 et
1313 2794 1358 2830 ad
1382 2806 1418 2830 se
1444 2796 1547 2829 veni-
