1800 3138
276 175 382 233 166
807 187 1178 229 CANTACUZENJ

71 306 112 345 Δ.
127 305 164 340 C.
184 296 477 351 134ιδιὲτριβον
497 290 541 332 ἒν
564 289 851 345 Διδυμοτείχφ
871 287 986 338 τότε,
1015 288 1067 327 ου’
1085 288 1166 327 ταῖν
1187 281 1238 326 εὖ
1255 283 1474 339 γεγονότων
1488 280 1614 334 μόνον
1631 282 1703 323 καὶ

267 361 360 402 καθ’
383 353 490 410 αἷμα
515 350 798 410 προσηκόντων
815 357 1000 406 βασιλεῖ’,
1020 351 1125 393 α’λλὰ
1145 350 1218 392 καί
1233 353 1314 391 τῶν
1333 345 1470 390 ἄλλων
1487 350 1703 400 συγκλητι-

267 427 352 467 κῶν
369 421 442 465 καί
454 422 528 475 τῆς
540 419 750 473 στρατιᾶς.
778 415 798 459 ὃ
815 420 903 466 νέος
921 420 966 458 δὲ
981 414 1178 469 βασιλεὺς
1191 413 1393 471 πρότερον
1407 412 1563 466 ἐσθῆτα
1579 414 1704 464 βασι-

268 486 387 543 λικὴν
409 484 542 536 ε’νδύς,
573 482 714 524 ἔπειτα
731 481 801 523 ὑπ’
822 478 946 535 ὄψεσι
965 487 1053 531 ταῖς
1075 478 1268 522 ἁπάντων
1286 485 1375 526 ταῖς
1390 476 1590 532 ἐρυθραΐς
1605 491 1706 531 κρη-

231 558 363 599 Βπῖσι
390 549 488 599 τούς
514 547 645 596 πόδας
672 545 933 600 κατεκόσμει,
962 546 1032 589 τὸν
1059 548 1196 601 ἕτερον
1219 546 1296 597 μὲν
1323 542 1402 584 ὑπὸ
1423 543 1503 583 τῶν
1529 535 1732 594 ἄγχισταὸ

273 619 369 660 καθ’
398 612 505 668 αἷμα
534 609 821 669 προσηκόντων
851 612 1149 664 ὑποδυόμενος,
1184 609 1256 651 τὸν
1286 610 1332 650 δὲ
1359 607 1503 650 λοιπὸν
1523 604 1603 646 ὑπὸ
1626 606 1707 646 τῶν

269 682 321 724 τὰ
357 682 501 737 πρῶτα
540 682 781 735 φερομένων
812 678 878 718 ἐπ’
905 678 1090 733 εὐγενείᾳ
1118 674 1190 716 καί
1217 673 1471 728 λαμπρότητι
1498 667 1707 726 μισθοφό-

269 764 357 804 ρων
394 746 603 789 Λατίνων.
670 741 742 785 τὸν
783 743 829 783 δὲ
867 739 1086 795 βασιλικὸν
1125 745 1245 781 πῖλον
1283 737 1362 793 πρὸ
1392 740 1464 792 τῆς
1493 733 1707 791 α’χροίντου

270 813 345 855 καί
370 806 627 864 θεομὴτορος
655 810 728 862 τῆς
754 805 907 855 εἰκόνος
935 807 1118 858 κείμενον
1147 805 1211 845 ἐπ’
1238 803 1440 858 ἐδάφους,
1471 798 1709 856 αὐτοχειρίᾳ

272 873 414 930 λαβών
453 873 582 921 αὐτὸς
623 874 802 927 ἐπέθηκε
827 872 877 928 τῇ
902 873 1077 926 κεφαλῇ.
1136 869 1288 910 αὐτίκα
1317 869 1362 908 δὲ
1392 865 1430 908 οἱ
1459 865 1509 907 τοὶ
1535 867 1763 907 toronicam

273 938 391 999 ᾅδειν
433 941 661 992 εἰθισμένοι
702 939 777 992 τῆς
817 937 900 978 τῶν
937 936 1144 989 βασιλέων
1182 931 1314 989 ἦρχον
1353 932 1572 987 εὐφημίας.
1639 927 1714 970 καί

273 1007 420 1062 πρῶτα
446 1006 525 1059 μὲν
553 1001 578 1058 ἧ
609 1001 775 1057 βασιλὶς
793 996 927 1045 Ἀννα
960 1000 1184 1056 εὔφημεῖτο
1212 998 1284 1040 καί
1297 1000 1389 1051 μετ’
1408 999 1562 1050 ἐκείνην
1580 994 1603 1035 ὅ
1620 992 1712 1042 υἱὸς

269 1069 462 1125 Ἰωάννης
503 1067 525 1111 ὅ
549 1066 772 1121 βασιλεὺς,
798 1069 936 1121 τρίτος
964 1067 1010 1107 δὲ
1039 1065 1060 1106 ὖ
1093 1061 1439 1118 Καντακουζηνὸς
1469 1058 1660 1114 Ἰωάννης
1688 1055 1711 1098 ὅ

274 1132 473 1189 βασιλεῦς
504 1128 593 1186 ἅμα
625 1129 779 1189 Εἰρήνῃ
806 1134 858 1189 τῇ
886 1132 1082 1185 βασιλιδι.
1137 1128 1208 1171 τόν
1235 1125 1360 1170 αὐτὸν
1392 1128 1438 1168 δὲ
1465 1123 1616 1181 τρόπον
1643 1121 1717 1165 καί

241 1196 382 1254 Επρός
410 1197 493 1255 ,τὰς
528 1195 820 1252 ἶεροτελεστίας
845 1197 920 1251 τὴν
947 1197 1030 1237 τῶν
1055 1197 1262 1248 βασιλέων
1288 1193 1455 1248 μνήμην
1481 1187 1768 1241 ἐποιοῦντο,ιὸ

277 1264 432 1317 ὁμοίως
454 1262 528 1304 καί
542 1261 806 1318 πατριάρχου
823 1260 1026 1306 Ἰωάννου,
1080 1258 1183 1312 μετὰ
1212 1261 1258 1301 δὲ
1275 1257 1347 1313 τὴν
1365 1257 1575 1313 εὐφημίαν
1591 1254 1717 1311 ἔφιπ-

275 1344 352 1378 πος
380 1325 598 1383 γενόμενος
636 1327 662 1367 ὅ
690 1326 906 1379 βασιλεὺς,
937 1325 1009 1367 καί
1033 1327 1114 1367 τῶν
1146 1320 1282 1366 ἄλλων
1310 1322 1476 1364 πάντων
1504 1320 1716 1374 ἑπομένων

276 1392 344 1449 ἐφ’
372 1392 514 1440 ἵπποις
549 1387 642 1433 ὅσοι
681 1385 815 1445 ἦσαν,
843 1389 947 1445 πρὸς
973 1389 1040 1432 τὸν
1067 1388 1167 1431 ναόν
1193 1404 1238 1430 τε
1255 1390 1329 1429 τοῦ
1344 1385 1716 1441 μεγαλομᾰρτυρος

277 1459 436 1511 ἐγένετο
470 1459 512 1498 Γ
508 1456 680 1511 εωργίου
731 1458 806 1497 τοῦ
847 1457 1239 1510 Παλαιοκαστρίτου
1278 1452 1714 1507 προσαγορευομένου,

278 1524 352 1563 καί
385 1522 460 1576 την
497 1518 777 1575 προσκύνησιν
814 1520 1014 1562 ἀπεδίδου
1043 1521 1119 1560 καί
1138 1535 1222 1561 τισι
1251 1524 1336 1566 τοῖς
1362 1518 1406 1558 ἐκ
1438 1518 1512 1571 τῆς
1540 1519 1769 1558 Auum-20

278 1589 352 1641 κῆς
378 1586 578 1641 στρατιᾶς
603 1583 677 1640 τὴν
704 1585 972 1640 καβαλαρίων
997 1589 1171 1640 παρεῖχε
1201 1582 1353 1637 τιμὴν,
1382 1582 1520 1624 πάντα
1547 1582 1610 1623 ἐπ’
1639 1580 1715 1622 αὖ·

278 1656 366 1699 τοῖς
382 1650 431 1692 τὰ
452 1651 669 1702 εἰθισμένα
689 1647 896 1705 πράττων.
953 1651 1110 1691 ἐκεῖθεν
1139 1651 1185 1690 δὲ
1214 1651 1272 1697 εἰς
1290 1647 1339 1690 τὰ
1367 1647 1560 1700 βασίλεια
1589 1649 1714 1689 ε’παν-

277 1714 435 1767 ελθών,
479 1712 567 1767 ἅμα
606 1715 792 1768 βασιλίδι
831 1715 883 1770 τῇ
911 1717 1066 1772 γαμετῇ
1094 1717 1295 1769 λαμπρῶς
1325 1713 1518 1764 εἱστιᾶτο,
1548 1711 1715 1754 πάντων

275 1781 592 1838 παρισταμένων
619 1779 724 1822 κατὰ
754 1779 804 1822 τὰ
827 1781 1097 1833 νενομισμένα
1119 1781 1377 1831 βασιλεῦσιν.
1435 1779 1715 1833 ὑπηρετοῦντα

276 1929 384 1963 modo
409 1929 553 1963 nobiles
580 1933 616 1963 et
640 1929 922 1974 consanguinei,
955 1928 1018 1961 scd
1055 1932 1093 1960 et
1121 1938 1285 1971 proceres
1321 1931 1357 1959 et
1388 1925 1522 1959 milites
1555 1925 1601 1959 ad
1636 1927 1715 1959 elus

278 1976 385 2010 aedes
412 1976 627 2010 confluxere.
677 1976 769 2008 Tum
801 1986 912 2008 novus
941 1974 1136 2018 imperator
1158 1973 1314 2018 primum
1349 1977 1482 2005 vestem
1519 1973 1716 2015 imperato-

278 2023 369 2055 riam
392 2022 530 2064 induit5
566 2021 699 2055 deinde
724 2023 762 2054 in
785 2025 978 2064 conspectu
1002 2021 1164 2052 omnium
1189 2018 1300 2063 pedes
1336 2018 1492 2062 crepidis
1522 2019 1716 2062 purpureis

279 2073 446 2102 exornat:
479 2079 630 2113 quarum
662 2066 846 2100 dexteram
871 2066 903 2099 ei
935 2066 1107 2110 sanguine
1131 2065 1304 2109 proximi,
1337 2065 1519 2097 sinistram
1550 2074 1594 2096 ex
1626 2076 1715 2099 con-

281 2114 445 2147 ductitiis
488 2114 627 2146 Latinis
667 2113 860 2146 nobilitate
894 2116 930 2144 et
965 2111 1156 2157 splendore
1194 2111 1335 2155 generis
1375 2110 1482 2154 primi
1526 2110 1716 2145 inducunt.

280 2160 510 2204 Imperialem
542 2164 662 2192 autem
706 2159 857 2198 tiaram,
893 2162 977 2191 ante
1015 2156 1263 2191 immaculatae
1301 2156 1447 2200 virginis
1485 2157 1554 2189 Dei
1589 2158 1716 2190 matris

281 2207 476 2249 imaginem
497 2205 598 2238 humi
622 2205 795 2248 positam,
822 2214 928 2237 manu
953 2214 1016 2237 sua
1044 2204 1190 2244 tollens,
1214 2204 1291 2247 ipse
1318 2202 1429 2246 capiti
1458 2214 1522 2237 suo
1546 2203 1714 2247 imponit.

282 2252 370 2286 Mox
400 2261 593 2295 praecones
628 2250 921 2302 acclamationem
957 2250 1222 2295 imperatoriam
1251 2253 1436 2293 praeeunt.
1484 2250 1530 2282 Et
1559 2250 1715 2294 primum

284 2297 431 2343 quidem
457 2299 580 2331 Annae
607 2299 786 2341 A'ugnstae
823 2296 1076 2335 acclamatum,
1106 2299 1183 2327 tum
1211 2295 1339 2327 Ioanni
1371 2294 1447 2326 filio
1481 2295 1714 2339 imperatori,

283 2343 393 2377 tertio
428 2344 508 2377 loco
541 2342 668 2376 loanni
702 2343 950 2375 Cantacuzeno
986 2340 1194 2385 imperatori
1217 2351 1296 2373 cum
1329 2341 1431 2372 Irene
1460 2341 1610 2385 coniuge
1642 2342 1714 2373 im-

283 2389 472 2433 peratrice.
518 2388 653 2422 Eodem
678 2388 803 2422 ordine
829 2389 867 2421 in
891 2387 997 2420 sacris
1022 2388 1280 2431 imperatorum
1305 2391 1341 2420 et
1375 2387 1543 2420 similiter
1569 2387 1714 2420 Ioannis

283 2435 510 2479 patriarchae
534 2434 645 2468 fiebat
669 2434 818 2467 mentio.
859 2434 942 2467 Post
962 2433 1172 2477 applausum
1201 2443 1296 2477 equo
1320 2431 1481 2465 insidens
1508 2433 1715 2478 imperator,

286 2481 366 2513 aliis
391 2480 582 2521 omnibus,
619 2484 799 2526 quotquot
829 2483 952 2519 erant,
984 2479 1022 2511 in
1046 2479 1148 2523 equis
1183 2478 1507 2523 prosequentibus,
1539 2479 1715 2523 templum

287 2528 406 2569 magni
430 2527 594 2569 martyris
619 2526 763 2571 Georgii
786 2525 1080 2559 Palaeocastritae
1103 2524 1255 2568 petivit,
1281 2536 1435 2568 eumque
1462 2525 1627 2569 precibus
1651 2535 1715 2558 ve-

287 2577 454 2612 neratus,
487 2574 616 2617 gratias
645 2573 718 2618 egit
745 2577 781 2605 et
805 2570 1019 2618 quibusdam
1046 2571 1090 2603 de
1113 2570 1251 2603 Latinis
1279 2570 1423 2603 auxiliis
1461 2581 1539 2604 cum
1571 2570 1714 2604 solenni

290 2619 484 2651 cerimonia
513 2624 714 2663 equestrem
741 2618 950 2662 dignitatem
974 2617 1137 2649 contulit.
1187 2617 1280 2649 Hinc
1315 2618 1352 2649 iu
1386 2617 1560 2660 palatium
1595 2627 1712 2650 rever-

291 2674 368 2703 suS,
399 2674 476 2695 cum
502 2675 612 2698 uxore
636 2663 988 2710 magnificentissimo
1013 2662 1182 2695 accubuit
1208 2663 1334 2705 cpulo,
1366 2662 1546 2708 frequenti
1571 2673 1711 2703 corona,

292 2715 333 2742 ut
359 2710 631 2754 imperatoribus
664 2712 775 2750 solet,
819 2710 1082 2742 circumstante.
1133 2708 1371 2751 Epulantibus
1399 2708 1549 2742 Ioannes
1577 2713 1624 2741 ets
1636 2707 1714 2741 Ma·

293 2755 395 2796 nuel,
435 2755 560 2790 fratres
591 2758 715 2792 Irenae
752 2756 1012 2802 imperatricis,
1043 2760 1079 2788 ct
1102 2754 1251 2790 Ioannes
1277 2754 1456 2798 Angelus,
1491 2753 1714 2799 imperatoris
