1800 3132
503 182 877 228 fflSTomARUM
917 185 989 224 m.
1020 185 1088 230 57.
1407 155 1513 230 347

190 291 261 342 νζ.
318 291 492 343 Φεραῖοι
521 289 566 328 δὲ
595 283 826 338 πυθόμενοι
854 285 952 338 περὶ
976 286 1048 337 τῆς
1076 282 1275 338 στρατιᾶς
1304 282 1375 335 τῆς
1395 281 1706 333 Περ-ΔΕΛΜἏ

83 360 222 412 σικῆς,
251 352 310 398 ὅτι
337 356 478 408 μέλλει
507 353 657 394 διιέναι
684 349 957 402 κατάὕτοὺς,
980 350 1053 390 καί
1076 349 1150 403 τήν
1177 363 1222 389 τε
1246 347 1404 400 βλάβην
1427 344 1643 394 &fif-542

83 438 258 474 σαντες,
294 417 345 476 ἢν
381 414 584 461 κακώσειν
631 415 798 469 ἔμελλεν
826 415 971 464 αὐτοῖς
998 412 1074 469 τήν
1099 413 1266 469 χώραν,
1311 407 1446 461 ἄλλως
1471 425 1516 452 τε
1530 414 1647 460 v.435

84 487 156 531 καί
188 489 302 540 μίσει
338 485 396 542 τῷ
431 482 535 539 πρὸς
575 484 750 536 βασιλέα
798 483 1169 536 ὃυσχεραινοντες,
1213 476 1272 532 μὴ
1309 476 1390 519 ὑπὸ
1435 478 1553 518 τῶνΒ

58 554 268 609 5Περσῶν
289 547 551 606 ὠφεληθείη,
580 548 766 603 ἔγνωσαν
797 550 883 589 δεῖν
910 547 1112 602 παράγειν
1139 543 1210 587 τὸν
1239 540 1420 598 ἄρχοντα
1447 543 1522 599 τῆς

84 619 307 674 στρατιᾶς,
335 616 407 656 καί
432 613 660 670 γράμματα
686 610 946 665 πλασάμενοι
985 611 1041 660 ὥς
1084 613 1129 652 ἐκ
1156 611 1360 664 βασιλέως
1396 607 1523 662 ἔπεμ-

85 699 163 725 πον
189 680 293 737 πρὸς
319 677 459 722 αὐτόν.
516 678 547 720 οἳ
591 677 697 732 μετὰ
726 676 772 719 τὸ
801 674 1126 733 προσαγορεύειν
1183 674 1337 732 πολλὴν
1374 674 1523 727 ὁμολο-

83 751 234 803 γοῦντα
263 743 392 801 χάριν
419 745 493 799 τῆς
538 746 596 794 εἰς
633 739 763 785 αὐτὸν
791 743 953 791 εὕνοιάς
979 774 990 795 ,
1033 737 1095 783 ὅτι
1134 740 1290 796 πολλὴν
1325 741 1522 794 ὑπέμεινε

85 813 157 855 καί
182 811 306 854 πόνον
334 813 406 851 καί
432 809 620 864 δαπάνην
652 811 708 851 δι’
735 806 884 860 αιῖτόν,
934 806 1074 848 ἔπειτα
1103 807 1286 848 ἐκέλευεν
1325 807 1524 861 α’ναστρέ-

37 893 192 936 ιοφειν,
221 878 265 928 ἐξ
295 872 422 931 οὗπερ
452 871 503 916 ἂν
530 876 732 930 ἐγγένοιτο
753 881 837 924 τοῖς
864 871 1083 928 γράμμασι
1115 870 1246 914 τόπου
1267 878 1523 928 περιτυχεῖν,

83 942 142 998 μὴ
177 945 248 984 καί
275 937 386 983 ἄκων
410 942 554 998 βλάψῃ
587 939 767 993 νομίζων
798 936 985 995 ὠφελεῖν.
1040 941 1195 981 ἐκεῖνον
1221 938 1300 994 γὰρ
1329 940 1376 980 ἐν
1394 940 1522 992 ἐσχα-

84 1013 197 1056 τιαῖς
222 1010 294 1062 τῆς
326 1007 545 1061 Τριβαλῶν
572 1008 800 1060 διατρίβειν
838 1007 931 1059 γῆς,
962 1001 1063 1046 ὅθεν
1098 1001 1148 1045 οὗ
1180 1002 1324 1062 ῥᾴδιον
1352 1004 1524 1046 ἐπανελ-

83 1077 178 1115 θεῖν
205 1073 309 1116 νυνί.
365 1073 405 1113 εἰ
432 1074 471 1113 δ’
498 1070 621 1113 αὐτοὶ
659 1077 836 1126 χωροῖεν
864 1069 968 1122 πρὸς
1007 1071 1159 1111 ἐκεῖνον
1187 1069 1257 1111 διὰ
1287 1072 1419 1124 μέσης
1448 1071 1520 1125 τῆς
1537 1079 1565 1113 C

84 1141 157 1193 γῆς
183 1141 267 1179 ταῖν
300 1137 544 1191 Τριβαλῶν,
587 1138 680 1184 δέος
718 1134 778 1191 μὴ
820 1137 959 1177 αὐτῶν
987 1132 1008 1176 ὅ
1038 1130 1182 1190 ἅρχων
1224 1134 1321 1177 α’ντί
1356 1133 1526 1192 φιλίας,

39 1201 138 1259 ι5ἢν
175 1204 428 1244 ἐνδείκνυται
482 1199 588 1256 πρὸς
628 1199 757 1243 αὐτὸν
801 1202 926 1254 νυνί,
967 1200 1072 1255 πρὸς
1108 1201 1270 1255 ε”χθραν
1300 1200 1373 1242 καί
1399 1198 1528 1256 ὀργὴν

85 1268 357 1323 μεταστραφῇ
383 1266 456 1308 καί
482 1266 676 1322 διάθηται
706 1270 871 1320 κακῶς,
902 1266 959 1316 ὥς
987 1266 1120 1308 αἴτιον
1149 1267 1330 1320 πολέμου
1362 1269 1528 1321 βαρβα-

86 1335 206 1389 ρικοῦ
241 1334 315 1374 καί
354 1335 522 1389 φθορᾶς
549 1333 661 1389 αὐτῷ
702 1335 979 1388 γεγενημένον.
1033 1334 1205 1375 τοιαῦτα
1246 1333 1324 1385 μὲν
1357 1328 1432 1374 οὖν
1473 1329 1527 1374 τοὶ

86 1397 313 1453 γράμματα
346 1400 546 1440 ἐκέλευεν.
600 1395 761 1454 Ἀμούρ
793 1400 838 1441 δὲ
864 1401 954 1441 ἐπεὶ
984 1397 1162 1452 ἀνέγνω,
1201 1400 1285 1440 τῶν
1317 1399 1396 1451 μὲν
1425 1413 1526 1439 συν-

87 1465 399 1515 εσκευασμὲνων
426 1462 669 1504 ὑπώπτευεν
699 1460 834 1517 οὐδὲν,
866 1463 1041 1517 νομίσας
1069 1465 1115 1505 δὲ
1157 1464 1202 1505 ἐκ
1230 1465 1438 1517 βασιλέως
1469 1458 1530 1504 εἶ-

35 1544 157 1573 ωναι
187 1527 385 1583 άληθῶς,
429 1526 683 1583 ἀμφιβόλοις
725 1533 935 1583 λογισμοῖς
972 1527 1195 1583 ἐπάλαιεν,
1244 1530 1284 1570 εἰ
1329 1529 1399 1569 δεῖ
1427 1528 1531 1569 ‹Iva-

89 1595 279 1649 στρέφειν
318 1591 422 1634 κατὰ
464 1591 516 1634 τὰ
556 1595 881 1648 κεκελευσμένα,
922 1589 947 1648 ἢ
987 1591 1101 1647 ἥκειν
1141 1591 1248 1647 πρὸς
1279 1591 1428 1646 αὐτὸν,
1474 1590 1532 1641 ὥς

89 1660 293 1714 δυσχερὲς
331 1652 379 1700 ὂν
419 1651 548 1706 αὖθις
586 1659 648 1708 εἷς
693 1655 945 1713 ἀναζήτησιν
975 1658 1133 1699 ἐκείνου
1174 1655 1283 1710 μετὰ.
1324 1656 1531 1711 τοσαύτης

89 1725 287 1779 στρατιᾶς
317 1724 468 1768 ἐλθεῖν.
525 1724 699 1766 τοιαῦτα
742 1726 790 1766 δὲ
824 1724 938 1781 αὐτῷ
972 1725 1217 1780 λογιζομένῳ
1246 1724 1320 1776 τῆς
1351 1721 1527 1771 νυκτὸς,

86 1787 249 1843 χειμών
278 1790 458 1839 ἐξαίσιος
490 1788 801 1844 ἐπιγενόμενος,
839 1789 895 1838 ὥς
924 1789 997 1831 καί
1034 1790 1270 1837 διακοσίους
1307 1789 1365 1845 τῷ
1396 1803 1527 1843 στρα-

184 1893 215 1927 5.
240 1890 420 1939 ὥφεληθῇ
443 1893 479 1927 Ρ.
580 1893 632 1928 ¹5.
656 1890 914 1928 ἐνδείκνυνται
939 1893 972 1927 P.

185 1978 239 2023 57.
286 1977 454 2019 Pheraei,
493 1982 685 2025 postquam
718 1981 924 2013 nuntiatum
958 1984 1037 2019 est,
1080 1979 1264 2013 Persarum
1308 1978 1429 2023 copias
1466 1989 1532 2023 per

91 2025 188 2068 ipsos
212 2024 448 2064 transituras,
481 2025 686 2059 vastitatem
719 2036 803 2071 agro
839 2037 903 2059 suo
932 2030 1158 2066 metuentes,
1193 2024 1332 2060 adhaec
1368 2024 1453 2059 odio
1493 2027 1533 2059 in

92 2072 344 2115 imperatorem
370 2070 407 2103 id
432 2071 558 2117 inique
584 2072 765 2113 serentes,
793 2073 854 2115 (ne
881 2073 970 2117 quid
994 2072 1166 2106 videlicet
1192 2083 1211 2104 a
1240 2072 1354 2105 Persis
1382 2071 1532 2105 adiuva·

94 2117 219 2162 retur,)
239 2127 376 2149 summo
397 2117 480 2150 duci
500 2118 609 2151 verba
632 2117 751 2152 danda
769 2123 1007 2160 censuerunt,
1030 2118 1245 2163 litterasque
1265 2117 1528 2151 commentitias

96 2163 163 2195 sub
188 2173 338 2207 persona
362 2163 587 2208 imperatoris
616 2164 661 2197 ad
693 2176 774 2199 eum
800 2166 988 2202 miserunt.
1035 2164 1082 2197 lis
1107 2163 1302 2198 secundum
1337 2164 1531 2198 salutatio-

95 2220 177 2243 nem
204 2209 338 2254 gratiae
361 2210 508 2243 Amurio
533 2211 730 2255 singulares
756 2212 800 2243 de
826 2212 945 2244 studio
971 2221 1051 2255 erga
1079 2223 1116 2245 se
1141 2211 1360 2254 agebantur,
1386 2221 1430 2252 (ξι
1457 2221 1530 2255 quo

95 2256 227 2288 multos
252 2255 330 2288 eius
354 2266 457 2289 eausa
485 2256 627 2290 labores
652 2268 692 2290 ac
714 2262 876 2302 sumptus
900 2258 1098 2292 tolerasset.
1140 2257 1280 2291 Deinde
1311 2256 1535 2298 hortabatur,

97 2302 151 2333 uti
178 2313 223 2334 ex
250 2311 292 2334 eo
317 2301 418 2343 ioco,
443 2302 481 2335 in
505 2315 577 2349 quo
603 2304 792 2348 epistolam
818 2305 1017 2349 acciperet,
1041 2309 1135 2336 retro
1159 2303 1295 2341 abiret,
1323 2314 1368 2335 ne
1394 2303 1531 2346 impru-

96 2347 185 2381 deus
212 2352 380 2387 noceret,
409 2347 494 2380 dum
518 2349 688 2394 prodesse
713 2355 868 2395 cuperet.
918 2350 963 2383 Se
987 2350 1082 2383 enim
1110 2351 1147 2382 in
1173 2350 1315 2382 extimis
1341 2349 1531 2382 Triballo-

96 2404 174 2426 rum
201 2393 332 2426 finibus
356 2395 514 2436 versari,
554 2394 649 2429 unde
677 2397 747 2429 iam
774 2396 891 2430 redire
916 2408 988 2429 non
1016 2398 1064 2429 sit
1087 2396 1258 2440 proclive.
1308 2395 1344 2427 Si
1370 2396 1439 2440 ipsi
1463 2407 1529 2442 per

95 2439 250 2473 mediam
275 2438 509 2473 Pheraeorum
534 2443 716 2486 regionem
748 2443 793 2476 ad
822 2453 860 2475 se
891 2443 1186 2486 proficiscantur,
1222 2441 1445 2483 timendum,
1482 2453 1529 2476 ne

94 2485 264 2530 princeps
289 2485 472 2520 Triballus
503 2494 727 2531 praesentem
754 2488 950 2522 amicitiam
978 2488 1016 2521 in
1044 2489 1131 2521 iram
1159 2492 1195 2521 et
1219 2488 1343 2520 odium
1369 2494 1530 2529 vertens,

96 2532 191 2564 male
214 2530 285 2563 sibi
314 2532 446 2572 saciat,
484 2537 523 2566 ut
549 2535 613 2578 qui
640 2535 775 2569 bellum
802 2546 881 2568 cum
907 2534 1069 2568 barbaris
1095 2545 1135 2567 ac
1164 2540 1300 2578 pestem
1329 2535 1363 2566 ei
1389 2536 1531 2568 crearit.

97 2577 195 2610 naec
217 2577 349 2611 litteris
366 2579 690 2621 perscribebantur.
724 2581 824 2626 Quas
849 2591 928 2614 cnm
944 2582 1110 2614 Ammius
1137 2580 1299 2624 legisset,
1325 2579 1419 2614 nihil
1445 2581 1531 2614 sub-

98 2633 176 2656 esse
204 2622 338 2657 fraudis
363 2625 567 2668 suspicans,
603 2627 665 2660 sed
690 2638 812 2661 revera
837 2627 882 2659 ab
911 2627 1124 2671 imperatore
1149 2628 1274 2659 missas
1298 2626 1526 2668 existimans,

97 2669 168 2703 huc
193 2669 279 2702 illuc
306 2671 494 2714 perplexus
519 2672 683 2706 versabat
706 2674 885 2713 animum,
918 2677 1227 2715 reverter-etnam,
1250 2673 1532 2706 sicutmoneba-

98 2721 180 2757 tnr,
214 2727 258 2749 an
292 2715 336 2747 ad
363 2716 646 2752 Cantacuzenum
677 2730 783 2763 porro
824 2724 1012 2764 pergeret,
1048 2729 1155 2764 quem
1180 2729 1260 2752 cum
1285 2723 1356 2752 tam
1392 2720 1530 2763 ingenti

99 2761 241 2807 agmine
271 2763 499 2808 perquirere,
537 2776 655 2799 rursus
690 2765 834 2800 difficile
861 2771 897 2799 et
928 2776 1116 2812 operosum
1150 2770 1253 2805 esset,
1301 2765 1398 2800 naec
1426 2766 1530 2799 illum
