1820 3152
533 180 912 225 ms’romARUM
952 184 1025 224 111.
1065 182 1134 232 93.
1417 162 1530 237 569

95 286 170 327 καί
192 282 413 340 ἠγανάκτει
442 280 491 327 οὗ
516 286 710 341 μετρίως.
737 283 1028 338 Παλαιολόγος
1053 282 1136 340 γάρ
1165 283 1190 326 ὅ
1218 283 1423 340 Μιχαὴλ,
1459 300 1526 326 κε-
1537 290 1621 326 A-C.
1640 291 1728 335 1346

98 351 276 406 φάλαιον
301 346 360 393 ὢν
384 352 466 393 τῶν
493 353 703 406 Ζηλωτῶν
740 353 814 394 καί
838 350 1064 406 συνάρχειν
1090 351 1230 409 ἐκείνῳ
1256 353 1502 408 τεταγμένος
1517 385 1530 407 ‚

97 414 282 471 λυπηρὸς
310 411 363 470 ἦν
387 414 586 469 μάλιστα,
607 418 659 474 τῇ
686 418 855 474 ἐξουσίᾳ
881 417 1099 472 χρώμενος
1131 417 1208 458 οὐκ
1234 415 1348 467 ἴσως.
1379 415 1427 458 τὸ
1453 421 1532 471 μὲν

98 475 173 522 οὖν
199 485 392 536 φανερῶς
416 482 792 524 ἀντικαθίστασθαι
818 481 924 537 πρὸς
950 480 1130 536 πόλεμον
1166 483 1242 524 οὔκ
1275 482 1534 536 ἐδοκίμαζεν.

70 542 247 589 5ἐδεδίει
287 546 366 603 γάρ
409 545 586 596 πολλούς
614 542 735 597 ὄντας
762 546 863 596 τούς
891 548 1094 603 Ζηλωτάς
1120 551 1193 591 καί
1220 548 1294 592 τὸν
1322 550 1456 604 δῆμον
1483 550 1534 591 οἷ-

93 610 265 667 γόμενον
291 613 364 655 ὑπ’
390 616 579 667 ἐκείνων,
627 609 763 663 ἄλλως
792 617 837 655 θ’
865 611 931 657 ὅτι
971 614 1044 657 καί
1068 614 1093 656 ὅ
1122 614 1261 671 πατὴρ
1298 616 1438 673 ἐκείνῳ
1469 615 1534 658 ἔτι

94 677 180 734 ἔζη.
210 680 416 732 ἐσκέψατο
445 680 491 722 δὲ
518 678 658 738 τρόπῳ
688 678 739 735 δή
766 696 847 722 τινι
875 681 1002 738 ἑτέρῳ
1048 680 1313 738 διαφθείρειν
1358 681 1433 723 καὶ
1458 680 1535 736 τὴν

95 739 234 799 ἆρχὴν
276 743 445 787 ἅπασαν
484 747 555 801 ἐφ’
585 741 739 788 ἑαυτὸν
780 745 976 802 μετάγειν
1018 749 1102 790 τῶν
1135 745 1418 803 πραγμάτων,
1461 746 1536 789 καὶ

96 809 193 860 τοὺς
232 809 417 863 μάλιστα
464 813 662 867 α’ρίοτους
708 814 781 854 καί
816 811 868 854 τά
908 815 1268 869 Καντακουζηνοῦ
1309 815 1534 864 δοκοῦντας

47 875 286 933 ιοῇρῆσθαι
311 878 387 918 τοῦ
412 879 619 931 βασιλέως
637 877 875 920 ὑπεποιεῖτο
911 879 986 920 καί
1008 881 1371 935 προσηταιρίζετο,
1410 895 1535 922 συνο-

97 944 233 994 μιλῶν
257 940 393 1006 ἡδέως
418 945 493 985 καί
516 943 796 1000 παραφαίνων
820 945 1046 1000 οἷμυδρῶς,
1083 945 1140 996 ὥς
1167 946 1220 988 τά
1259 945 1330 988 ἴσα
1359 945 1432 988 καί
1456 948 1574 988 αὕ-ῑῖ

99 1006 172 1056 τὰς
204 1008 347 1058 αὐτοῖς
378 1008 548 1065 αἱροῖτο.
596 1010 687 1052 ἐπεὶ
713 1012 754 1051 δ’
769 1011 920 1052 ἐκεῖνοι
947 1010 1087 1068 ῥᾷστα
1132 1010 1432 1069 προσεχώρουν
1466 1013 1541 1054 καί

100 1073 294 1129 σύστημα
323 1070 377 1130 ἧν
400 1077 498 1131 περὶ
535 1075 666 1118 αὐτὸν
695 1073 770 1118 οὔκ
814 1076 1007 1130 ἀγεννὲς,
1058 1079 1334 1133 ἐπεβούλευεν
1382 1078 1540 1127 εὐθέως

100 1135 356 1182 οἷποκτείνειν
395 1139 467 1183 τὸν
504 1143 785 1197 συνάρχοντα.
851 1141 1127 1199 συνεξώρμων
1166 1145 1213 1186 δὲ
1242 1143 1425 1197 μάλιστα
1468 1146 1543 1185 καί

47 1199 138 1246 [5οἱ
168 1206 281 1260 φίλοι
300 1238 312 1259 ,
356 1203 556 1261 ἀπεχθῶς
596 1211 695 1263 περὶ
732 1211 887 1251 ἐκεῖνον
911 1209 1021 1263 μετά
1048 1211 1186 1265 πάσης
1214 1210 1378 1264 ἔχοντες
1411 1210 1539 1265 ὑπερ-

96 1274 235 1326 βολῆς.
290 1273 413 1315 οιῖδὲν
452 1272 532 1329 γάρ
566 1277 787 1331 παροινίας
817 1274 890 1316 καί
936 1279 1106 1332 πικρίας
1134 1278 1288 1325 ἐκεῖνος
1326 1274 1432 1332 πρὸς
1463 1277 1542 1317 av’-

96 1335 196 1385 τούς
238 1339 399 1379 ἐνέλιπε
426 1339 530 1381 κατὰ
562 1341 636 1382 τὸν
670 1343 747 1382 τοῦ
778 1343 962 1394 πολέμου
990 1340 1168 1398 χρόνον,
1207 1341 1284 1390 τάς
1307 1357 1352 1383 τε
1391 1340 1540 1391 ου’σίας

99 1402 294 1457 δημεύων
338 1403 412 1445 καί
437 1406 732 1462 δεσμωτηρίοις
760 1409 1011 1449 κατακλείων
1052 1409 1127 1449 καὶ
1159 1405 1412 1463 ὗπερορίους
1445 1423 1540 1448 ποι-

100 1469 158 1509 ὧν
184 1470 283 1519 τούς
312 1471 506 1524 πλείους,
545 1471 621 1514 καὶ
656 1474 797 1514 πᾶσαν
837 1475 984 1522 κακίας
1011 1471 1319 1526 ἐνδεικνύμενος
1360 1473 1540 1528 ὑπερβο-

43 1535 188 1588 mariv.
232 1530 284 1590 ἦν
312 1534 390 1591 γάρ
419 1538 606 1589 μάλιστα
636 1536 745 1591 ἔχων
772 1534 943 1593 εύφυῶς
970 1536 1071 1592 περὶ
1093 1537 1138 1579 τὸ
1169 1543 1441 1593 κακουργεῖν,
1471 1538 1543 1580 καὶ

97 1602 251 1655 μικρᾶς
280 1600 399 1644 ἕνεκα
433 1602 568 1653 αἰτίας
595 1603 669 1646 καί
692 1602 879 1657 ὑποψίας
905 1602 1031 1658 μόνης
1057 1603 1243 1658 μεγάλας
1271 1606 1388 1653 δίκας
1413 1604 1543 1645 ἄπαι-

98 1669 195 1708 τῶν.
251 1669 345 1709 ἐπεὶ
381 1670 427 1711 δὲ
456 1670 646 1711 ἐδέδοκτο
675 1666 954 1723 ἀποκτείνειν,
993 1672 1067 1711 καί
1099 1670 1308 1725 ὑφίστατο
1338 1668 1383 1711 τὸ
1422 1668 1582 1725 ἔργονΰ

99 1749 162 1782 τις
189 1736 275 1774 τῶν
301 1733 502 1789 πρότερον
529 1733 599 1776 ὑπ’
620 1736 779 1778 ἐκείνου
808 1734 942 1777 πολλοὶ
970 1737 1269 1788 κεκακωμένων
1288 1768 1301 1790 ,
1337 1734 1545 1777 Ἁπόκαυ-

100 1813 170 1847 κος
209 1798 310 1848 τούς
350 1802 450 1857 περὶ
485 1800 617 1843 αὐτόν
657 1799 766 1856 ἔχων
793 1802 953 1851 πάντας
980 1799 1098 1844 ἔνδον
1135 1801 1449 1856 ὡπλισμένους,
1474 1801 1544 1844 ἴνα

174 1903 201 1924 ι.
226 1887 251 1924 o‘
277 1901 346 1925 om.
372 1895 407 1931 Ρ,
522 1904 573 1937 ¹7·
597 1894 667 1926 τοῦ
690 1904 759 1928 om.
786 1893 821 1928 Ρ.

101 1981 302 2016 Zelotarum
339 1984 446 2024 caput
487 1980 644 2026 eiusque
679 1980 719 2013 in
752 1979 978 2023 praefectura
1006 1978 1170 2024 collega,
1205 1978 1428 2019 aequalitate
1465 1989 1542 2013 ma-

102 2031 270 2072 gistratus
294 2026 443 2061 minime
469 2032 676 2060 contentus:
704 2026 767 2060 sed
790 2027 869 2071 plus
893 2025 963 2060 sibi
988 2037 1154 2070 arrogans
1169 2051 1178 2066 ,
1204 2026 1436 2061 vehementer
1460 2038 1543 2060 eum

102 2074 308 2108 cruciabat:
341 2075 399 2107 cui
436 2075 471 2110 vi
504 2079 541 2108 et
571 2075 678 2108 armis
715 2073 954 2106 resistendum
991 2085 1066 2106 non
1090 2073 1262 2118 putabat,
1300 2084 1378 2105 cum
1403 2072 1543 2106 Zelotas

102 2127 175 2154 tam
201 2121 334 2154 multos
360 2125 397 2153 et
424 2121 569 2165 plebem
592 2131 686 2166 quac
714 2121 760 2153 ab
796 2121 870 2153 illis
907 2120 1098 2164 regebatur
1133 2119 1416 2164 pertimesceret..
1474 2119 1543 2152 Ac-

102 2167 276 2207 cedebat,
309 2167 408 2212 quod
438 2172 540 2211 pater
573 2167 692 2201 adhuc
727 2166 884 2203 vivebat,
923 2168 1044 2200 Alium
1068 2167 1192 2211 itaque
1217 2166 1363 2199 modum
1388 2167 1543 2199 circum-

103 2214 300 2259 spiciebat,
329 2224 402 2258 quo
428 2215 492 2248 illo
519 2214 740 2260 ‹Uspen-dito,
765 2213 1025 2257 praefecturam
1053 2212 1151 2245 solus
1177 2212 1373 2249 obtineret,
1419 2211 1476 2247 Ob
1500 2212 1542 2245 id

104 2262 296 2306 optimates
320 2261 570 2305 potissimum,
596 2266 633 2294 et
661 2261 724 2306 qui
754 2260 1002 2293 Cantacuzeno
1036 2259 1183 2293 studere
1223 2259 1464 2299 videbantur,
1498 2257 1545 2291 ad

103 2309 356 2341 auctoritatem
394 2319 494 2340 suam
533 2307 742 2347 alliciebat,
777 2307 923 2352 sibique
961 2307 1076 2339 socios
1109 2305 1349 2350 adiungebat,
1386 2305 1543 2338 iucunde

103 2366 185 2387 cum
216 2355 290 2386 illis
323 2353 575 2396 confabulans,
604 2365 716 2399 seque
741 2353 947 2388 earumdem
977 2363 1053 2385 esse
1092 2354 1250 2397 partium
1276 2351 1544 2386 subinsinuans.

104 2400 176 2434 Ubi
203 2401 260 2433 illi
284 2401 386 2434 nullo
410 2402 555 2445 negotio
585 2402 624 2435 in
649 2402 727 2435 cius
754 2400 862 2434 fidem
888 2404 1163 2438 concesserunt,
1198 2405 1235 2432 et
1259 2399 1437 2432 honorato
1462 2408 1546 2431 eum

105 2449 278 2489 comitatu
305 2448 514 2488 cinxerunt,
536 2448 658 2482 statim
685 2448 845 2493 collegae
878 2459 942 2492 per
966 2445 1118 2479 insidias
1153 2445 1299 2478 caedem
1329 2445 1451 2479 moliri
1487 2446 1547 2478 in-

48 2506 50 2511 ·
106 2495 236 2527 stituit.
299 2494 382 2538 Quo
422 2505 504 2527 eum
536 2496 644 2529 simul
676 2495 801 2535 amici,
838 2493 1090 2538 palaeologum
1123 2492 1270 2536 capitali
1305 2492 1389 2525 odio
1420 2503 1545 2536 prose-

107 2545 272 2586 quentes‚
286 2540 527 2585 maximopere
554 2540 768 2582 incitabant,
789 2540 888 2586 quod
912 2552 976 2585 per
1006 2545 1148 2583 tempus
1169 2538 1258 2572 belli
1282 2549 1387 2572 omne
1412 2538 1451 2571 in
1483 2548 1563 2571 eos*

107 2586 314 2620 acerbitatis
361 2598 402 2620 ac
448 2587 674 2631 petulantiae
710 2599 795 2621 suae
830 2588 929 2620 virus
960 2584 1156 2625 effuderat,
1192 2585 1381 2618 facultates
1420 2595 1546 2618 eorum

106 2633 351 2683 publicand0‚
376 2634 471 2678 ipsos
497 2636 536 2668 in
559 2646 734 2668 carcerem
763 2632 1049 2679 compingendO,
1079 2632 1211 2665 multos
1236 2632 1275 2664 in
1301 2631 1450 2665 exilium
1475 2631 1544 2663 cii-

106 2681 236 2716 cieudo
251 2706 261 2721 ,
286 2685 323 2714 et
349 2691 490 2713 omnem
514 2681 672 2727 denique
696 2682 840 2715 sceleris
865 2680 1012 2713 modum
1036 2675 1293 2723 exsuperando.
1338 2679 1424 2711 Erat
1448 2678 1546 2710 enim

108 2730 155 2764 ad
184 2729 276 2760 male
312 2724 517 2760 faciendum
552 2733 681 2761 natus:
717 2733 754 2762 et
778 2727 847 2759 levi
881 2726 927 2759 de
953 2735 1055 2758 causa
1089 2729 1198 2769 atque
1222 2723 1269 2758 ob
1294 2726 1544 2769 suspicionem

110 2774 292 2816 dumtaxat
325 2780 461 2813 atroces
489 2784 624 2822 poenas
659 2774 837 2818 exigebat.
901 2774 1091 2819 Postquam
1123 2771 1175 2809 ‘de
1215 2783 1257 2807 eo
1291 2769 1543 2806 interimendo
