1806 3152
493 180 870 224 Hls‘roRlARUM
910 181 982 221 111.
1009 181 1075 230 95.
1396 158 1503 235 587

75 287 206 339 πέραν
234 279 399 340 Θρᾴκης
428 276 599 337 ἤπειρον
629 279 703 338 ὕφ’
730 279 885 323 ἑαυτὸν
913 281 1172 338 πεποιημένῳ
1210 279 1358 339 ῥᾴδιον
1384 275 1597 330 elwarde,
1620 291 1705 336 ,346

78 347 146 392 ὅτε
182 349 397 404 βούλοιτο,
443 348 591 407 ῥᾳδίαν
618 350 834 389 ποιεῖσθαι
859 345 936 401 τὴν
963 349 1215 402 ἐπικουρίαν.
1271 348 1327 388 δι’
1353 344 1384 398 ἃ
1413 361 1513 389 συν-

76 415 269 470 εβούλευε
306 413 353 457 τὸ
396 418 519 470 κῆδος
559 416 760 467 ἐκτελεῖν,
811 411 869 462 ὥς
905 411 957 454 τοὶ
997 412 1202 467 κράτιστα
1244 413 1515 468 λυσιτελῆσον

76 487 163 531 τοῖς
188 478 444 534 ιΡωμαίοις·
485 475 562 522 κᾶν
587 478 648 535 μὴ
678 480 751 520 καί
777 476 884 520 πάνυ
911 477 1018 521 κατὰ
1047 476 1215 534 γνώμην
1240 473 1280 535 ᾖ,
1314 473 1437 519 οὗδὲν
1465 479 1513 520 δὲ

52 545 269 602 ὅποιήσειν
300 540 418 597 ἄξιον
446 547 596 598 αἰτίας,
624 546 665 587 εἰ
690 543 762 586 καὶ
786 546 870 586 τῶν
896 542 983 597 πρὸ·
1005 544 1137 586 αὐτοῦ
1158 542 1514 598 βεβασιλευκότων

79 613 156 654 οὔκ
183 610 314 666 ὄλίγοι
341 611 526 660 Σκύθαις
551 612 624 653 καί
648 606 788 660 ἄλλοις
817 610 906 652 τισί
930 609 1161 664 βαρβάροις
1179 608 1257 659 τὰς
1276 611 1513 664 θυγατέρας
1522 629 1554 661 1)

77 679 280 729 ἐξέδωκαν
309 676 381 727 τὰς
411 674 572 720 ἑαυτῶν
597 674 703 734 πρὸς
729 673 777 718 τὸ
795 678 1036 718 λυσιτελοῦν
1054 681 1141 726 τοῖς
1159 673 1370 731 ὑπηκόοις.
1426 689 1512 717 τοι-

78 745 187 786 αῦτα
224 745 301 797 μὲν
344 743 367 784 ὅ
398 742 563 798 Ἀμοῦρ
610 739 801 799 παρῄνει.
869 741 1068 795 βασιλεῦς
1103 743 1151 784 δὲ
1187 739 1298 796 τό,τε
1343 743 1513 796 μέτριον

78 811 153 852 τοῦ
174 809 437 866 φρονήματος
464 808 704 861 ἐθαύμαζεν
729 807 899 863 Ἀμούρ,
931 805 996 850 ὅτι
1020 807 1219 864 Ὀρχάνην
1245 807 1377 849 aziz-⁰13
1402 809 1513 860 μᾶλ-

34 880 153 926 rol-ov
181 873 382 929 ὡμολόγει
410 878 647 927 λυσιτελεῖν,
675 873 749 915 καὶ
773 872 820 915 τὸ
851 870 1001 916 ἄδολον
1027 872 1100 916 καί
1112 872 1298 929 καθαρὸν
1315 874 1389 928 τῆς
1408 870 1513 926 γνώ-

78 957 176 997 μης,
210 939 278 984 ὅτι
309 939 338 983 ἃ
366 940 500 983 ἐδόκει
519 944 766 993 λυσιτελεῖν,
796 940 870 981 οὐκ
901 935 1195 996 ἀπεκρύπτετο,
1223 941 1296 981 καί
1322 939 1513 980 ἐπείθετο

79 1006 183 1063 πρὸς
217 1006 293 1062 τήν
331 1007 590 1062 παραίνεσιν.
641 1007 813 1059 πέμψας
844 1007 890 1048 δὲ
917 1008 1142 1060 πρεσβείαν
1167 1003 1273 1060 πρὸς
1294 1001 1514 1060 Ὀρχάνην,

80 1071 156 1127 τήν
183 1088 227 1115 τε
252 1074 463 1127 θυγατέρα
491 1074 768 1127 κατηγγυᾶτο,
808 1073 881 1112 καί
906 1070 1105 1126 στρατιὰν
1131 1073 1293 1112 ἐκέλευε
1318 1071 1511 1124 πέμπειν,

81 1136 174 1193 ἥτις
211 1133 299 1190 ἄξει
337 1136 413 1192 τήν
452 1142 630 1191 γυναῖκα
668 1135 774 1192 πρὸς
815 1136 955 1178 αὐτόν.
1021 1136 1045 1178 ὅ
1086 1138 1126 1178 δ’
1154 1135 1336 1190 ἔπεμπεν
1366 1133 1514 1178 αὐτίκα

35 1206 187 1253 ιόναῦς
212 1219 257 1245 τε
282 1202 502 1260 τριάκοντα
529 1201 603 1244 καί
628 1201 779 1251 ἱππέας
808 1199 882 1243 οὗκ
917 1202 1080 1257 ὀλίγους
1115 1204 1187 1245 καί
1221 1202 1322 1251 τούς
1362 1204 1518 1258 ἐπιφα-

82 1271 298 1325 νεστέρους
333 1269 416 1311 τῶν
451 1267 527 1310 ὕπ’
562 1267 701 1310 αὐτόν.
771 1266 968 1321 βασιλεύς
1003 1284 1047 1310 τε
1083 1267 1190 1321 μετὰ
1218 1270 1293 1323 τῆς
1318 1269 1518 1322 στρατιᾶς
1531 1279 1643 1325 Ρ.684

79 1333 308 1387 “Ρωμαίων
347 1331 426 1389 ὅση
462 1331 538 1388 ἦν,
576 1329 674 1388 ἧκεν
702 1335 762 1382 εἰς
793 1336 1063 1389 Σηλυμβρίαν
1088 1332 1194 1386 μετὰ
1222 1328 1415 1388 γυναικὸς
1445 1335 1520 1388 τῆς

83 1401 297 1454 βασιλίδος
322 1400 394 1442 καί
418 1401 502 1440 τῶν
526 1401 798 1454 θυγατέρων,
841 1400 915 1440 καί
944 1401 1107 1441 ἐκέλευε
1149 1397 1230 1455 πρὸ
1262 1400 1333 1454 τῆς
1360 1395 1520 1447 πόλεως

85 1468 131 1509 ἐν
164 1468 224 1524 τῷ
250 1467 379 1522 πεδίῳ
408 1462 619 1520 πρόκυψιν
646 1470 780 1506 ποιεῖν
809 1466 854 1506 ἐκ
881 1464 1028 1517 ξύλων,
1054 1466 1107 1506 ἵν’
1133 1467 1195 1507 ἐπ’
1226 1464 1361 1519 αὐτὴν
1387 1463 1413 1520 ἦ
1439 1467 1520 1518 βα-

34 1534 233 1580 αοσιλέως
270 1531 564 1587 νυμφευομένη
595 1527 779 1584 θυγάτηρ
819 1531 953 1571 στᾶσα
992 1530 1098 1571 πᾶσι
1137 1531 1298 1583 γένοιτο
1330 1545 1520 1585 καταφα-

86 1596 171 1653 νής·
228 1594 335 1639 οὕτω
362 1595 439 1652 γὰρ
469 1593 567 1644 ἔθος
593 1591 698 1636 εἶναι
724 1599 808 1644 τοῖς
834 1596 1054 1648 βασιλεῦσι
1080 1600 1213 1637 ποιεῖν
1239 1596 1311 1637 ἐπὶ
1328 1599 1421 1645 ταῖς
1437 1597 1521 1636 θυ-

84 1661 265 1719 γατράσι
291 1661 396 1718 πρὸς
425 1659 560 1715 γάμον
587 1660 822 1715 ἀγομέναις.
877 1659 1020 1701 ἔπειτα
1049 1661 1211 1702 ἐκέλευε
1240 1659 1313 1702 καί
1336 1658 1413 1715 τήν
1441 1664 1519 1714 βα-

85 1727 247 1783 σιλικὴν
274 1726 426 1783 σκηνήν
453 1726 573 1781 ἐγγὺς
600 1725 730 1783 ἶοτᾷν.
797 1727 891 1768 ἐπεὶ
916 1727 962 1767 δὲ
991 1719 1099 1780 ἦσαν
1133 1727 1517 1780 παρεσκευασμένα,

71 1795 111 1851 ἦ
143 1792 307 1848 βασιλὶς
333 1795 412 1846 μὲν
437 1790 543 1847 μετὰ
571 1794 654 1834 τῶν
679 1792 924 1848 θυγατέρων
951 1791 1023 1833 ἐπὶ
1046 1793 1121 1846 τῆς
1143 1791 1294 1848 σκηνῆς
1315 1790 1517 1847 ηὐλίσατο

181 1905 213 1928 2.
238 1891 335 1938 πρὸς
360 1892 410 1927 Μ.

89 1984 192 2007 enam
227 1974 450 2018 provinciam
483 1971 599 2005 multa
629 1982 709 2004 cum
734 1971 942 2005 difficultate
966 1970 1011 2005 ad
1036 1982 1117 2005 eum
1140 1970 1359 2005 veniendum
1387 1973 1454 2008 sit:
1479 1977 1518 2007 et

90 2021 154 2068 qui
178 2019 250 2054 sibi
275 2020 522 2054 continentem
556 2029 575 2051 e
602 2019 747 2063 regione
775 2018 968 2051 Thraciam
1007 2018 1257 2062 respicientem
1281 2017 1517 2061 subdidisset,

89 2067 192 2100 nullo
231 2066 384 2106 labore,
417 2064 562 2112 quando
603 2065 735 2104 vellet,
771 2075 874 2109 opem
915 2065 1120 2102 allaturum,
1191 2065 1261 2098 nas
1301 2065 1348 2098 ob
1381 2077 1517 2108 causas,

91 2114 252 2159 quamvis
289 2114 428 2158 alioqui
460 2123 534 2144 non
575 2113 626 2144 ita
659 2111 815 2152 liberet,
850 2110 1080 2152 affinitatem,
1106 2117 1147 2145 ut
1171 2111 1338 2145 Romanis
1362 2113 1518 2146 utilissi-

89 2171 205 2200 mam,
229 2171 309 2193 cum
333 2170 376 2193 eo
399 2157 615 2203 iungendam
641 2157 819 2191 suadebat
843 2158 975 2191 addens
992 2183 1002 2198 ‚
1035 2159 1075 2190 in
1105 2158 1247 2191 nullum
1271 2157 1406 2193 crimen
1430 2151 1515 2194 ideo

89 2207 336 2246 incursurum,
361 2205 539 2251 siquidem
568 2216 640 2237 non
663 2206 770 2250 pauci
795 2205 1019 2249 superiorum
1045 2209 1245 2248 temporum
1270 2205 1517 2248 imperatores,

90 2265 165 2298 quo
203 2252 428 2287 subditorum
453 2251 656 2285 rationibus
681 2250 934 2296 providerent,
971 2250 1111 2294 Scythis
1136 2256 1174 2283 et
1192 2251 1274 2285 aliis
1300 2253 1517 2296 quibusdam

90 2299 252 2332 barbaris
277 2300 368 2332 filias
392 2309 472 2332 suas
498 2298 784 2342 despondissent.
811 2297 890 2331 Hoc
913 2297 983 2330 fuit
1007 2298 1145 2330 Amurii
1174 2299 1373 2332 consilium.
1405 2299 1517 2333 Cuius

90 2346 203 2379 animi
237 2346 448 2379 modestiam
483 2345 676 2378 admiratus
714 2349 769 2378 est
791 2344 1007 2388 imperator,
1040 2344 1138 2388 quod
1166 2346 1420 2387 confiteretur,
1444 2347 1515 2382 Or-

92 2393 241 2426 chanem
269 2404 307 2425 se
331 2393 410 2437 ipso
435 2392 588 2436 amplius
614 2391 866 2436 profuturum,
891 2396 928 2424 et
952 2390 1131 2422 sincerum
1157 2391 1422 2438 candidumque
1449 2403 1516 2437 pe-

92 2444 192 2478 ctus,
215 2439 312 2484 quod
337 2448 430 2484 qnae
456 2439 654 2472 conducere
678 2436 846 2483 putabat,
875 2447 949 2469 non
976 2437 1154 2470 tacuisset.
1203 2438 1328 2482 Itaque
1354 2440 1515 2484 comple-

93 2490 193 2518 ctens
225 2485 301 2518 eius
335 2486 549 2518 sententiam
567 2509 577 2525 ,
602 2495 668 2529 per
702 2485 838 2529 legatos
865 2483 1023 2519 Orchani
1049 2483 1160 2516 filiam
1196 2484 1399 2529 despondet
1428 2485 1516 2520 hor-

93 2536 289 2576 taturque,
317 2532 369 2565 uti
396 2541 583 2565 numerum
608 2531 802 2564 militarem
825 2531 1012 2570 mitteret,
1036 2531 1099 2574 qui
1122 2541 1286 2574 sponsam
1310 2532 1516 2566 adduceret.

94 2578 169 2622 Qui
206 2588 312 2610 naves
351 2577 498 2621 triginta
538 2582 575 2611 et
621 2578 784 2623 equitum
820 2588 980 2621 magnam
1008 2577 1080 2609 vim
1122 2582 1232 2621 atque
1273 2589 1293 2612 e
1332 2579 1517 2623 provincia

92 2634 158 2657 sua
189 2625 283 2657 viros
319 2623 562 2657 nobilissimos
598 2624 697 2657 illico
734 2623 842 2656 misit.
900 2623 1098 2665 Imperator
1138 2635 1217 2656 cum
1246 2629 1324 2659 toto
1357 2626 1516 2658 exercitu

94 2665 274 2710 Romano,
299 2681 450 2716 cumque
475 2682 584 2704 uxore
613 2676 649 2703 et
677 2669 819 2702 filiabus
845 2668 1043 2712 Selybriam
1070 2670 1273 2714 profectus,
1300 2673 1339 2705 in
1361 2672 1516 2718 planitie

96 2721 179 2750 ante
214 2717 336 2750 urbem
371 2717 568 2750 tabulatum
609 2717 765 2762 lignenm
799 2716 944 2750 excitari
980 2717 1104 2758 iussit,
1135 2728 1241 2762 super
1264 2730 1336 2763 qno
1361 2723 1517 2762 nuptura

98 2763 173 2797 filia
220 2764 416 2798 consistens
459 2763 725 2809 conspiceretur
766 2762 810 2796 ab
845 2761 1023 2796 omnibus.
1107 2764 1213 2799 Hunc
1245 2765 1339 2798 cuim
1381 2775 1515 2799 morem
