1800 3132
259 174 335 230 36
792 188 1159 232 CANTACUZENJ

62 303 144 340 ΑΒ.
163 303 243 348 ι34ι
259 296 383 336 ου’ὃὲν
409 290 469 334 ἔτι
496 289 542 333 τὸ
569 293 708 332 λεῖπον
745 291 793 331 σέ
821 305 865 332 τε
892 290 964 331 καί
1001 291 1123 331 τέκνα
1150 287 1223 331 καὶ
1252 288 1328 343 τὴν
1356 284 1484 345 ἄλλην
1527 286 1701 342 ἅπασαν,

124 374 166 409 1²,
182 373 249 407 362
261 362 343 402 τῶν
375 356 596 410 Ῥωμαίων
629 355 850 410 ἡγεμονίαν
888 356 1147 397 α’πολέσθαι·
1191 354 1304 412 αὐτῷ
1332 357 1378 398 δὲ
1405 358 1695 411 προσέχουσα,

117 437 243 487 V·294
256 420 404 480 ἄριστα
426 422 561 478 σαυτῇ
586 436 632 462 τε
659 422 733 462 καί
758 427 846 469 τοῖς
872 422 1090 477 πράγμασι
1105 419 1348 478 βουλεύσῃ.”
1376 422 1416 462 εἰ
1441 419 1492 476 δὴ
1521 422 1699 471 τοιαῦτα

258 490 360 545 πρός
386 504 432 530 τε
464 487 670 542 βασιλέως
691 485 922 541 ἐδιδάχθην
943 488 1017 528 καί
1029 487 1130 541 παρ’
1154 488 1339 540 ἐμαυτῆς
1367 483 1470 540 αὕτη
1499 483 1552 528 τοὶ
1573 481 1699 538 ὅμοια

258 553 472 611 γινώσκω,
510 554 586 595 τίν’
615 550 707 606 ἔχοι
746 553 864 606 λόγον
881 585 894 606 ,
934 549 996 600 οἷς
1024 549 1152 599 αὐτὸς
1180 553 1314 600 κακῶς
1342 552 1415 593 καί
1440 550 1497 600 ὥς
1523 552 1576 592 ου’
1603 549 1729 598 ὃεόνόΙ

259 617 523 675 ἐβουλεύσω,
550 620 775 660 πείθεσθαι
803 618 876 659 καί
902 613 1032 672 αὐτην
1057 614 1235 658 ἑκοῦσαν
1263 614 1384 658 εἶναι.
1440 612 1492 658 ἂν
1517 618 1594 669 μὲν
1623 611 1702 663 οὖν,

259 681 322 734 οἷς
364 681 476 727 εἶπον
509 681 587 738 τήν
624 684 802 726 οἶτοπίαν
837 681 912 724 καί
949 680 1075 732 αὐτὸς
1102 684 1181 723 τοῦ
1207 681 1450 737 πράγματος
1480 677 1557 736 ὅση
1582 696 1702 722 κατι-

260 749 362 805 δῶν,
390 746 556 807 ιῖπόσχῃ
574 751 652 791 τοῦ
686 764 732 791 τε
760 750 937 790 τοιαῦτα
967 746 1040 789 καί
1050 744 1331 802 βουλεύεσθαι
1357 749 1427 788 καὶ
1458 748 1602 802 λέγειν,
1629 743 1705 788 καὶ

260 819 346 858 τῶν
386 812 670 871 πραγμάτων,
711 811 849 869 ῶσπερ
879 814 1071 865 εἴωθας,
1117 809 1341 866 ἐχόμενος,
1383 810 1510 861 αὐτὸς
1544 813 1623 864 μὲν
1649 808 1700 854 τὰ

261 884 379 937 κοινῇ
407 882 655 923 συνοίσοντα
681 879 920 933 Ῥωμαίοις,
944 877 1017 920 καί
1041 878 1114 933 τῆς
1144 872 1309 920 ἄνωθεν
1344 876 1488 933 χειρὸς
1517 891 1757 932 συνεφα-ιο

261 949 497 1003 πτομένης,
541 946 749 1003 πράττῃς,
789 943 886 998 ἐμοὶ
914 946 961 987 δὲ
997 945 1184 1000 παρέχῃς
1220 940 1424 998 ἡσυχίαν,
1463 940 1540 992 τὰς
1599 943 1705 995 ἐμᾶς

262 1016 434 1068 θρηνεῖν
460 1014 534 1054 καί
560 1008 783 1053 κόπτεσθαι
811 1008 1062 1066 συμφορὰς,
1094 1010 1247 1066 (τοῦτο
1274 1007 1355 1063 γάρ
1386 1010 1482 1061 ἐμοί
1509 1023 1708 1062 παραμυ-

220 1079 340 1120 Βθία
367 1074 492 1130 μόνον
520 1075 594 1118 καὶ
618 1078 699 1118 τῶν
725 1077 860 1118 κακῶν
888 1073 1123 1131 ἀνακωχὴ)
1155 1074 1296 1115 δίκαιά
1317 1089 1360 1115 τε
1378 1071 1487 1126 ὁμοῦ
1507 1071 1581 1114 καί
1597 1088 1707 1124 συμ-

265 1145 447 1200 φέροντα
475 1144 549 1184 καί
576 1137 717 1199 σαυτῷ
749 1140 1011 1197 προσήκοντα
1039 1140 1240 1194 ποιήσεις.
1296 1133 1347 1180 ἂν
1375 1140 1421 1181 δὲ
1447 1136 1579 1180 πάντα
1609 1138 1708 1178 διω-

264 1208 445 1262 σάμενος
472 1210 546 1250 καί
583 1207 856 1264 α’ποῤῥίψας,
898 1203 989 1256 ἑνὸς
1016 1205 1148 1259 μόνου
1176 1206 1272 1262 γένῃ
1300 1206 1376 1246 τοῦ
1395 1210 1479 1252 τοῖς
1510 1203 1760 1259 ὃεδογμὲ-ιᾷ

265 1291 352 1324 νοις
379 1276 660 1330 ἐγκαρτερεῖν,
709 1273 811 1313 πᾶσι
838 1272 1003 1327 χαίρειν
1034 1268 1190 1322 εἰπών,
1234 1268 1258 1310 ὃ
1285 1268 1359 1311 καί
1382 1267 1487 1324 αὕτη
1517 1266 1676 1323 ποιήσω
1694 1299 1708 1321 ,

268 1341 339 1382 aot
375 1337 496 1395 θήσω
539 1337 735 1394 φανερόν.
790 1339 930 1379 πᾶσαν
965 1334 1046 1392 γάρ
1077 1336 1184 1377 αἰδῶ
1212 1334 1283 1376 καί
1312 1334 1551 1389 γυναικείαν
1579 1329 1710 1375 ‹2035-

268 1422 385 1449 νειαν
427 1403 665 1459 ἀποθεμένη
706 1402 778 1446 καί
812 1405 893 1445 τῶν
934 1405 1008 1444 τοῦ
1052 1406 1286 1458 σωφρονεῖν
1322 1397 1462 1456 ὥσπερ
1503 1399 1711 1454 λογισμῶν
1756 1408 1763 1415 ”

268 1469 350 1514 ὑπὸ
379 1472 586 1525 μεγέθους
613 1471 864 1523 ἐκτραπεῖσα
891 1469 975 1510 τῶν
1001 1468 1165 1519 κακῶν,
1196 1463 1301 1508 κατὰ
1329 1468 1462 1520 μέσην
1489 1462 1565 1519 τήν
1590 1461 1713 1505 πόλιν

269 1539 467 1590 γενομένη
506 1536 578 1577 καί
617 1535 822 1576 α’ναθεῖσα
850 1529 1002 1587 ἑαυτήν
1034 1531 1111 1573 ἐπί
1130 1546 1241 1580 τινος
1267 1529 1477 1584 μετεώρου
1496 1562 1508 1582 ,
1555 1530 1609 1571 ἵν’
1642 1526 1767 1587 ὲξῇαᾳ

271 1600 343 1643 διὰ
392 1600 560 1642 πάντων
597 1601 846 1649 ἐξικνεῖσθαι
882 1596 956 1653 τὴν
1002 1595 1164 1653 φωνήν,
1215 1591 1360 1652 ὄρθιον
1394 1592 1604 1650 βοήσομαι
1642 1592 1717 1636 καὶ

270 1663 690 1720 μεγαλοφωνότατον·
747 1660 895 1719 ἄνδρες
915 1660 1146 1715 Ῥωμαῖοι,
1177 1663 1337 1714 μᾶλλον
1367 1662 1414 1703 δὲ
1433 1662 1507 1702 καί
1521 1657 1715 1715 Ἓλληνες

240 1734 352 1775 cnon*
387 1728 598 1787 βάρβαροι
625 1731 797 1783 πάντες,
827 1724 879 1770 εὖ
912 1726 1030 1784 ἴστε,
1068 1727 1124 1777 ῶς
1151 1724 1285 1769 πάντα
1314 1724 1500 1769 α’πόλωλε
1526 1723 1600 1768 καὶ
1628 1724 1715 1766 ὃιέ-

367 1853 399 1886 6.
426 1852 460 1884 εἰ
483 1851 556 1898 μὲν
582 1853 619 1887 Ρ.
765 1847 1006 1896 ιι.προέττεις
1029 1852 1067 1883 et
1085 1848 1263 1894 παρέχεις
1286 1847 1323 1880 Ρ.

278 1963 485 1997 universum
516 1961 720 1996 necessario
759 1961 938 2006 peribitis.
1002 1958 1067 1992 Sin
1111 1958 1169 1992 illi
1199 1968 1334 1991 morem
1367 1958 1540 2002 gesseris,
1574 1954 1644 1990 tibi
1678 1960 1717 1990 et

279 2011 333 2044 rei
351 2009 519 2054 publicae
539 2010 647 2042 etiam
673 2014 782 2053 atque
809 2008 917 2040 etiam
944 2005 1135 2051 profueris.
1182 2004 1221 2038 Si
1248 2006 1358 2049 igitur
1380 2004 1468 2037 haec
1489 2006 1534 2037 ab
1558 2003 1717 2047 impera-

279 2061 359 2090 tore
393 2056 508 2089 didici
545 2061 582 2088 et
617 2065 682 2098 per
709 2064 766 2086 mc
802 2053 971 2086 similiter
1008 2051 1156 2091 iudico,
1205 2051 1387 2097 quomodo
1433 2061 1508 2084 non
1549 2050 1718 2093 ineptum

281 2104 352 2144 sit,
385 2113 480 2148 quae
515 2106 554 2134 tu
585 2101 678 2132 male
702 2107 738 2132 et
771 2110 870 2132 secus
896 2109 1003 2144 quam
1028 2097 1179 2131 decebat
1203 2097 1394 2141 cogitasti,
1418 2097 1463 2129 iis
1487 2107 1544 2129 me
1569 2105 1716 2142 quoque

279 2149 439 2182 libenter
472 2145 663 2181 assentiri?
710 2146 830 2191 Quare
868 2144 898 2176 si
934 2157 977 2179 ex
1015 2143 1071 2177 his
1096 2154 1189 2189 quae
1214 2143 1312 2185 dixi,
1338 2148 1376 2175 tu
1407 2152 1565 2189 quoque,
1582 2152 1718 2176 summa

281 2196 336 2229 rei
361 2194 578 2237 indignitate
600 2196 801 2236 perspecta,
828 2191 919 2224 haec
944 2190 1038 2224 velle
1066 2195 1103 2223 et
1126 2190 1230 2235 loqui
1253 2190 1403 2223 desieris
1429 2195 1467 2222 et
1490 2194 1532 2222 ut
1565 2197 1717 2221 consue-

282 2252 408 2282 veras,
445 2241 483 2273 in
516 2238 748 2285 gubernando
776 2238 1011 2283 processeris,
1036 2233 1126 2280 ipse'
1139 2235 1288 2282 quidem
1315 2235 1437 2268 divina
1462 2240 1499 2269 te
1524 2234 1719 2267 adiuvante

283 2298 415 2326 manu,
441 2297 534 2332 quae
558 2287 597 2319 in
622 2294 808 2325 commune
838 2284 1004 2316 Romanis
1027 2282 1307 2316 commodabunt
1329 2281 1473 2314 efficies:
1508 2281 1599 2314 mihi
1631 2290 1717 2313 vero

285 2344 306 2366 a
337 2332 603 2366 calamitatibus
646 2332 734 2364 meis
776 2329 952 2364 deflendis
995 2341 1036 2362 ac
1066 2328 1278 2374 plangendis
1309 2328 1469 2374 requiem
1506 2327 1718 2370 praestabis,

286 2390 379 2425 quae
419 2379 495 2411 sola
531 2378 601 2411 erit
636 2377 834 2411 consolatio
868 2386 947 2409 mea
990 2380 1027 2408 et
1060 2376 1238 2407 malorum
1264 2384 1426 2407 meorum
1459 2373 1651 2413 induciae,
1677 2376 1717 2407 et

287 2436 381 2472 quae
410 2426 527 2464 iusta,
554 2424 662 2457 utilia
686 2424 830 2468 tibique
859 2421 988 2455 decora
1013 2427 1097 2455 sunt
1123 2420 1360 2466 perpetrabis.
1411 2420 1475 2453 Sin
1499 2420 1716 2463 contemptis

287 2477 325 2505 et
349 2471 500 2504 abiectis
526 2469 694 2503 omnibus
724 2469 793 2503 hoc
815 2479 887 2501 uno
912 2474 949 2503 te
974 2467 1237 2507 obfirmaveris5
1263 2466 1363 2511 quod
1387 2465 1456 2498 tibi
1484 2464 1720 2511 proposuisti,

288 2517 380 2563 quid
413 2518 489 2562 ipsa
529 2522 651 2549 contra
676 2516 813 2550 factura
836 2515 922 2556 sim,
948 2513 1158 2548 enuntiabo.
1208 2513 1315 2546 Omni
1341 2511 1559 2545 verecundia
1586 2517 1624 2545 et
1647 2512 1720 2545 im-

287 2564 490 2597 becillitate
522 2563 692 2595 muliebri
726 2561 889 2606 deposita
922 2571 963 2594 ac
995 2561 1108 2593 veluti
1140 2570 1222 2604 prae
1255 2559 1431 2591 malorum
1469 2557 1720 2603 magnitudine

288 2611 420 2644 mentis
455 2611 581 2654 inops,
615 2610 653 2641 in
689 2608 809 2642 media
844 2606 933 2640 urbe
957 2607 1036 2639 loco
1063 2606 1186 2651 aliquo
1213 2605 1367 2638 editiore
1395 2615 1600 2645 conscenso,
1621 2603 1719 2637 unde

288 2656 400 2691 verba
425 2666 504 2688 mea
530 2655 575 2687 ad
601 2655 761 2687 omnium
790 2664 893 2686 aures
918 2653 1143 2692 allabantur,
1170 2652 1412 2685 intentissima
1435 2650 1720 2696 plenissimaque

289 2713 376 2737 voce
401 2701 625 2735 exclamabo:
651 2702 719 2733 viri
742 2700 891 2734 Romani
915 2709 1049 2744 vosque
1076 2699 1206 2733 Graeci
1232 2709 1366 2742 vosque
1391 2697 1550 2738 barbari,
1574 2696 1721 2738 audite;

290 2750 496 2795 perierunt,
526 2747 735 2781 occiderunt
761 2747 905 2786 omnia,
929 2756 996 2779 nec
1018 2745 1093 2778 ulla
1119 2749 1242 2778 manet
1266 2745 1389 2777 amicis
1422 2743 1518 2789 apud
1552 2741 1719 2775 homines

291 2796 416 2842 gratia,
440 2805 506 2829 nec
533 2794 701 2840 cuiquam
725 2793 856 2828 veritas
875 2797 911 2827 et
934 2792 1075 2826 iustitia
1099 2801 1205 2825 curae
1230 2796 1335 2836 sunt3
1362 2795 1400 2825 et
1419 2790 1531 2824 animi
1552 2794 1722 2827 comum-e
