1800 3138
313 165 421 221 258
835 182 1203 225 CANTAcquNt

116 294 205 329 A.c.
224 282 488 338 ι34αΚράλην
529 280 846 337 αὖτομολὴσειεν
882 281 928 325 ἔκ
960 298 1070 331 τινος
1098 285 1245 331 αἰτίας.
1299 281 1393 324 τότε
1419 281 1469 337 δὴ
1501 281 1576 336 τὴν
1603 297 1725 337 στρα-

308 348 403 392 τιάν
439 348 540 390 ἰδών
572 349 999 403 ἐστρατοπεδευμένην
1036 347 1109 389 καί
1152 350 1323 400 νομίσας
1348 348 1392 388 ἐκ
1413 347 1628 399 Ῥωμαίων
1651 342 1728 388 οὗ·

303 431 381 456 σαν
418 415 490 455 ἐπὶ
525 415 641 455 λειάν
667 409 808 467 ἥκειν,
852 412 1002 465 πεζούς
1046 429 1091 454 τε
1118 415 1191 454 καί
1218 411 1367 461 ἱππέας
1396 408 1519 462 ὅσους
1543 409 1744 464 μάλιστα·

303 477 485 534 ἠδύνατο
518 478 747 533 α’θροίσας,
775 481 846 533 τῆς
872 476 1015 526 νυκτὸς
1042 479 1322 533 προκατέλαβε
1350 475 1404 519 τά
1429 475 1548 519 στενά
1579 476 1652 518 καὶ
1676 474 1728 518 ἅ-

301 561 362 597 μα
386 545 500 598 πρωῒ
521 542 845 598 παρεσκευάζετο
873 542 977 596 πρὸς
1003 542 1167 597 μα’χην,
1196 542 1253 591 ὥς
1278 541 1354 597 τήν
1384 543 1522 584 δίοδον
1539 541 1588 599 τῇ
1602 546 1752 597 στρα-5

303 610 373 666 τιᾷ
402 610 477 649 ov’n
504 610 751 663 ἐπιτρέψων.
808 607 1004 662 βασιλεύς
1031 623 1076 648 τε
1105 607 1279 660 ὁμοίως,
1322 606 1414 648 ἐπεὶ
1438 609 1616 655 ἐκείνους
1642 602 1726 648 εἶδε

180 685 213 718 P.
227 683 294 729 490
306 675 402 730 περὶ
448 673 501 716 τά
540 673 831 729 καρτερώτατα
876 676 951 716 τοῦ
994 675 1156 728 χωρίου
1202 674 1601 728 ε’γκαθιδρυμένους,
1649 675 1726 727 τὴν

299 737 502 794 στρατιάν
522 738 704 780 ἐκέλευεν
732 736 974 789 ὁπλίζεσθαι
1001 736 1057 788 ὥς
1072 736 1340 791 βιασόμενος·
1383 735 1488 792 πρὸς
1517 735 1656 791 ἕτερόν
1683 753 1726 778 τι

297 803 378 859 γὰρ
405 805 633 859 τρέπεσθαι
651 804 812 856 βέλτιον
834 800 909 844 ofin
930 805 1039 858 ἐνῆν.
1067 801 1250 858 Μιχαὴλ
1287 804 1334 844 δὲ
1360 802 1435 858 τήν
1458 817 1502 844 τε
1530 799 1726 862 στρατιὰν

296 869 453 912 ἐθέλων
471 865 568 910 ὅθεν
597 866 659 924 εἴη
682 871 833 921 μαθεῖν
855 867 925 910 καί
944 868 1016 910 τὸν
1040 864 1188 923 ἄγοντα
1214 866 1459 923 στρατηγὸν,
1486 866 1659 922 πλησίον
1681 881 1778 911 veto

295 934 506 990 γενόμενος
542 935 618 975 τοῦ
643 935 923 988 στρατοπέδου
954 936 1030 975 καί
1048 949 1162 982 τινας
1206 935 1289 975 ταῖν
1326 931 1519 987 συνήθων
1545 932 1618 973 καὶ
1652 934 1724 987 φί-

297 1004 381 1042 λων
409 998 631 1056 πόῤῥωθεν
664 998 790 1052 ἰδών,
827 997 966 1042 ἐκάλει
1005 1014 1048 1041 τε
1090 996 1244 1048 αὐτούς
1271 996 1471 1051 ὀνομαστὶ
1504 998 1576 1038 καί
1599 999 1725 1039 ε’πυν-

293 1064 448 1107 θάνετο
478 1065 576 1119 περὶ
603 1065 678 1105 τοῦ
708 1067 957 1120 στρατηγοῦ.
1008 1063 1176 1108 ἐκείνων
1204 1065 1250 1106 δὲ
1278 1059 1637 1117 ἀπαγγειλάντων,
1666 1061 1724 1112 ὥς

293 1129 357 1185 εἴη
410 1127 609 1183 βασιλευς
648 1126 669 1170 ὃ
722 1129 1090 1185 Καντακουζηνός,
1138 1130 1269 1185 μηδὲν
1310 1125 1516 1184 μελλήσας
1551 1125 1722 1184 προσῄει

292 1210 334 1237 τε
363 1195 512 1236 αὐτίκα
549 1194 621 1236 καί
653 1193 858 1249 ἠσπάζετο
885 1193 954 1236 τὸν
981 1195 1106 1238 πόδα.
1160 1192 1302 1236 ἔπειτα
1348 1196 1421 1236 καί
1445 1189 1592 1235 ἑαυτὸν
1619 1194 1776 1238 ἄνα-15

290 1262 519 1314 γνωρίσας,
563 1256 791 1312 συνήλγησέ
828 1273 873 1298 τε
923 1258 1028 1312 πρὸς
1062 1257 1137 1312 τὴν
1174 1259 1437 1311 δυσπραγίαν
1463 1260 1633 1311 βασιλεῖ
1654 1257 1728 1300 καὶ

293 1325 392 1377 περὶ
426 1323 477 1365 τὰ
516 1319 625 1363 ἄλλα
662 1320 983 1377 προθυμότατον
1017 1319 1167 1364 ἑαυτὸν
1205 1322 1459 1376 παρέσχετο,
1509 1320 1638 1377 χάριν
1665 1323 1726 1379 τῷ

294 1390 382 1444 θεῷ
418 1386 571 1441 πολλὴν
608 1386 839 1440 ὁμολογῶν,
879 1382 942 1428 ὅτι
968 1384 1070 1441 πρὸς
1097 1387 1219 1428 τοῦτο
1247 1387 1397 1440 καιροῦ
1432 1384 1651 1439 συντύχοι,
1679 1388 1725 1428 ἐν

258 1448 328 1511 Bc}
355 1451 427 1508 τήν
455 1447 624 1494 εὔνοιαν
649 1454 812 1503 ἐξέσται
841 1450 914 1507 τήν
941 1451 1046 1507 πρὸς
1072 1449 1227 1493 ἐκεῖνον
1256 1450 1441 1507 φανεράν
1467 1457 1609 1494 ποιεῖν.
1646 1451 1724 1506 τήν

159 1523 201 1557 V.
215 1524 284 1571 395
299 1535 353 1561 τε,
371 1514 443 1560 οὖν
483 1518 621 1558 δίοδον
651 1515 782 1564 εὔθύς
811 1516 986 1571 ἀπονητὶ
1012 1517 1232 1571 παρείχετο
1261 1515 1334 1557 καί
1366 1517 1539 1567 ἐξένιζεν
1566 1518 1610 1558 ἐκ
1637 1518 1773 1561 τῶναο

292 1581 469 1625 ἐνόντων
494 1579 571 1635 τήν
598 1580 809 1635 στρατιάν.
864 1579 939 1635 τὴν
964 1582 1041 1634 μὲν
1069 1577 1144 1623 οὖν
1170 1578 1330 1636 ἡμέραν
1355 1580 1510 1636 ἐκείνην
1535 1582 1580 1623 έν
1598 1584 1720 1636 Προ-

291 1647 415 1704 σοίκῳ
445 1648 671 1688 διετέλεσεν
703 1642 724 1686 ὃ
756 1643 951 1699 βασιλευς
979 1644 1229 1699 ξενιζόμενος
1255 1644 1336 1686 ὑπὸ
1367 1644 1577 1701 Μιχαὴλ,
1628 1643 1719 1698 ἅμα

293 1714 329 1754 δ’
362 1713 431 1753 ἵνα
459 1713 532 1752 καί
559 1711 584 1766 ἡ
613 1709 787 1765 στρατιά
819 1712 1026 1766 πορίζοιτο
1051 1708 1102 1752 τά
1131 1709 1353 1764 ἐπιτήδεια·
1381 1704 1487 1765 ἦσαν
1513 1709 1593 1765 γάρ
1615 1727 1718 1752 παν-

291 1774 451 1818 τάπασι
493 1778 574 1818 τῶν
610 1772 845 1830 ἀναγκαίων
883 1776 1046 1825 ἐνδεεῖς.
1100 1776 1143 1824 ἐς
1180 1773 1255 1831 τὴν
1285 1773 1509 1830 ὑστεραίαν
1537 1776 1583 1817 δὲ
1611 1770 1718 1830 ἄρας

382 1892 415 1926 9.
440 1880 647 1927 τρέπεσθαι
671 1869 744 1926 γὰρ
781 1878 815 1912 Ρ.

290 1979 376 2003 vero
402 1969 595 2002 exercitum
622 1971 930 2000 castrametantem
962 1967 1137 2007 intuitus,
1172 1971 1209 2000 et
1233 1967 1406 2000 Romanos
1437 1978 1512 2001 esse
1535 1980 1574 2002 ac
1598 1969 1712 2015 depo-

290 2015 487 2059 pulationis
521 2025 602 2059 ergo
634 2014 801 2047 advenire
827 2019 944 2053 ratus,
984 2012 1140 2057 pedestri
1162 2018 1198 2046 et
1221 2013 1377 2058 equestri
1402 2020 1536 2058 quanta
1560 2018 1712 2049 maxima

250 2087 257 2092 ,
290 2060 413 2106 potuit
438 2066 557 2092 coacta
585 2071 718 2101 manu,
752 2064 860 2092 noctu
896 2060 1076 2102 angustias
1109 2059 1190 2091 illas
1223 2061 1514 2104 praeoccupavit,
1539 2066 1574 2094 et
1597 2064 1711 2107 prima

289 2107 370 2138 luce
393 2105 438 2138 ad
461 2117 521 2139 eos
547 2107 697 2139 transitu
722 2104 968 2150 prohibendus
993 2104 1248 2150 accingebatur.
1286 2105 1503 2148 Imperator,
1527 2106 1589 2139 ubi
1615 2110 1711 2152 ipsos

289 2152 441 2197 regionis
478 2151 658 2184 tutissima
694 2150 852 2184 insidere
889 2152 1098 2195 conspexit,
1148 2155 1189 2185 ut
1224 2151 1491 2194 impressionem
1527 2153 1709 2194 facturus,

289 2197 442 2231 militem
471 2207 597 2243 capere
626 2206 723 2230 arma
756 2197 880 2230 iussit:
920 2197 1015 2230 nihil
1045 2197 1139 2230 enim
1174 2196 1301 2229 melius
1330 2197 1493 2236 dabatur,
1541 2199 1708 2233 Ceterum

287 2243 462 2283 Michael,
488 2249 525 2277 et
547 2244 742 2276 exercitum
768 2244 831 2287 qui
868 2248 961 2276 esset
1002 2247 1038 2276 et
1073 2242 1255 2276 ductorem
1278 2254 1381 2277 nosse
1408 2255 1514 2278 avens
1530 2268 1539 2284 ‚
1559 2246 1707 2290 propius

288 2290 332 2323 ad
364 2294 477 2322 castra
517 2289 635 2322 ferens
667 2287 804 2322 aditum
850 2288 1115 2334 nonnullosque
1148 2299 1192 2320 ex
1219 2288 1456 2324 familiaribus
1502 2295 1538 2323 et
1583 2293 1707 2326 amicit

287 2336 414 2381 procul
439 2335 679 2379 conspiciens,
704 2335 914 2367 nominatim
939 2345 998 2368 eos
1017 2334 1176 2379 appellat
1199 2339 1236 2367 et
1260 2333 1305 2368 de
1333 2335 1423 2370 duce
1446 2342 1704 2381 percunctatur.

286 2382 399 2415 Audit
433 2381 681 2425 imperatorem
712 2380 999 2414 Cantacuzenum
1033 2389 1126 2413 esse:
1158 2391 1223 2413 nec
1259 2392 1378 2421 mora,
1414 2382 1513 2416 inico
1544 2383 1705 2425 accedit,

286 2428 416 2471 pedem
441 2427 642 2466 osculatus,
666 2436 704 2460 se
729 2428 844 2472 ipsum
872 2426 1031 2466 indicat,
1057 2430 1094 2458 et
1117 2425 1316 2460 infortunio
1345 2429 1423 2461 eius
1448 2427 1572 2462 dolens
1594 2434 1705 2475 atque

289 2474 334 2505 ad
363 2479 477 2506 cetera
497 2473 779 2517 promptissimus
794 2497 804 2513 ,
827 2472 902 2504 Deo
926 2471 1052 2505 uberes
1076 2472 1148 2516 agit
1170 2473 1317 2515 gratias,
1343 2484 1420 2507 cum
1445 2474 1512 2508 hoc
1542 2479 1703 2519 tempore

290 2520 359 2552 sibi
384 2525 568 2559 occurrat,
592 2531 663 2564 quo
689 2529 789 2551 suum
814 2518 970 2563 animum
994 2527 1074 2561 erga
1098 2518 1201 2551 illum
1225 2520 1388 2553 omnibus
1404 2525 1568 2554 testatum
1585 2522 1703 2555 facere

290 2571 407 2610 queat.
457 2566 662 2598 Transitum
689 2564 799 2608 igitur
821 2564 899 2596 sine
927 2562 1133 2597 difficultate
1157 2566 1390 2609 permittens,
1427 2576 1490 2612 pro
1512 2567 1614 2612 copia
1638 2578 1701 2601 ex-

290 2611 438 2644 ercitum
463 2609 623 2655 hospitio
659 2610 804 2655 accipit:
842 2621 912 2655 quo
945 2620 1028 2642 usus
1059 2614 1114 2642 est
1137 2621 1179 2644 eo
1204 2610 1261 2643 die
1286 2613 1474 2656 imperator
1499 2612 1603 2645 etiam
1634 2613 1699 2646 ina

289 2657 334 2690 de
359 2667 483 2695 causa,
508 2662 548 2689 ut
571 2658 740 2690 nimirum
767 2655 810 2688 de
834 2659 1033 2688 commeatu
1058 2656 1130 2688 suis
1163 2658 1446 2702 prospiceretur,
1478 2668 1549 2702 quo
1580 2660 1698 2692 omni-

288 2702 403 2736 modis
428 2701 588 2745 egebant.
637 2700 810 2736 Postridie
836 2700 1042 2740 discedens,
1066 2701 1154 2735 Axio
1180 2705 1396 2743 transmisso,
1421 2703 1489 2736 iter
1513 2703 1699 2749 Scopiam,

290 2754 327 2784 et
350 2750 462 2794 ipsam
488 2747 574 2782 olim
601 2748 789 2790 Romanis,
822 2759 917 2783 nunc
939 2746 984 2781 ab
1008 2747 1112 2781 annis
1135 2759 1208 2784 non
1231 2752 1351 2796 Paucis
1375 2749 1617 2785 Triballorum
1640 2749 1699 2784 di-
