1800 3132
542 184 921 228 ms‘romARnM
962 186 1033 226 111.
1059 186 1127 232 51.
1447 164 1519 220 30
1534 183 1551 218 1

221 306 298 333 να.
352 286 562 336 Βασιλεὺς
591 286 637 328 δὲ
667 285 690 327 ὅ
725 285 1073 340 Καντακουζηνὸς
1100 284 1193 328 ἐπεὶ
1217 286 1262 327 ἐκ
1291 284 1439 340 Φερῶν
1465 279 1753 341 α’νέ-Δ.Ο.ι34α

109 372 289 413 στρεφεν
314 356 374 404 εἰς
386 348 586 395 Ἔδεσσαν
612 350 761 403 ἐλθών,
789 350 841 405 ἢν
858 353 1379 407 περιεστρατοπεδευμένος
1397 349 1420 392 ὅ
1442 348 1563 405 Κρά-

109 427 184 478 λης
207 417 464 475 ἐπολιόρκει,
505 417 579 473 την
605 419 682 470 μὲν
708 419 906 471 πολίχνην
932 412 1031 473 εὗρε
1057 415 1423 473 προσχωρήσασαν
1450 415 1595 459 ἐκεί-0

111 503 166 544 νῳ
193 483 383 542 χρήμασι
410 485 708 540 διαφθείραντι
724 482 830 531 τούς
860 480 991 524 ἔνδον.
1047 481 1372 537 ἀναμιμνήσκων
1401 485 1449 525 δὲ
1476 485 1560 525 τῶν

83 546 245 607 5ὅρκων
270 549 344 592 καί
369 551 453 592 τῶν
480 550 703 604 συνθηκῶν
731 549 815 589 τῶν
844 546 945 602 πρὸς
976 544 1131 601 αὐτὸν,
1171 544 1235 597 οἷς
1261 549 1558 604 ἐνεγέγραπτο,

110 619 153 660 εἰ
175 616 297 658 πόλιν
323 614 416 658 τινὰ
445 616 530 657 τῶν
544 614 768 666 Ῥωμαίοις
794 612 1006 668 ὑπηκόων,
1036 615 1108 655 καί
1136 609 1311 661 ἀπόντος
1337 615 1557 667 βασιλέως,

108 679 139 737 ἢ
165 679 308 731 ὅπλοις
339 676 366 735 ἢ
396 678 536 737 τρόπῳ
570 677 620 734 δή
644 695 727 720 τινι
755 675 1075 733 ὖποποιήσαιτο,
1110 679 1358 720 ἀποδιδόναι
1375 682 1559 733 βασιλεῖ’,

107 740 195 804 ᾔτει
225 745 297 802 τὴν
324 746 539 800 πολίχνην.
593 743 614 786 ὃ
650 741 825 798 Κράλης
851 759 897 784 τε
925 746 1144 798 παρείχετο
1166 741 1352 797 ἑτοίμως,
1383 744 1558 800 φάσκων

107 810 247 854 πάντα
286 810 340 853 τά
380 810 652 865 ὑπεσχημένα
694 810 867 864 πράξειν
893 811 967 851 καί
1004 805 1147 858 ὅπλοις
1168 810 1244 850 καί
1267 809 1460 864 χρήμασι
1486 808 1560 851 καὶ

59 876 221 934 ιοπάσῃ
252 874 428 929 δυνάμει
459 875 767 930 συμμαχήσειν.
821 873 1020 928 βασιλεὺς
1050 876 1096 916 δὲ
1128 873 1223 915 τότε
1251 874 1357 931 πρὸς
1385 876 1462 929 τὴν
1490 889 1557 916 πο-

106 943 251 997 λίχνην
278 943 427 995 μένειν,
445 941 574 989 αὐτὸς
601 942 840 990 ἀλυσιτελὲς
869 938 1001 995 ὁρῶν,
1048 941 1165 996 (περὶ
1186 939 1266 995 γὰρ
1291 942 1362 996 τῆς
1389 942 1449 989 εἰς
1478 942 1556 983 Δι-

106 1005 358 1061 δυμότειχον
398 1006 605 1048 ἐπανόδου
642 1008 755 1048 πᾶσα
787 1001 838 1060 ἦν
872 1007 990 1063 αὐτῷ
1027 1003 1053 1060 ἦ
1094 1005 1293 1064 σπουδν),)
1330 1005 1375 1048 ἔκ
1403 1022 1449 1047 τε
1475 1008 1556 1048 τῶν

106 1075 268 1116 οἰκείων
307 1071 503 1129 φρουράν
541 1071 752 1126 ἀξιόλογον
792 1071 852 1127 μὴ
888 1069 1118 1125 δυνάμενος
1146 1074 1429 1125 καταλείπειν,
1467 1072 1555 1113 ὀλί-

102 1154 188 1193 γων
227 1155 272 1181 τε
309 1134 443 1180 ὅντων
482 1139 566 1181 τῶν
607 1140 899 1191 συνεπομένων
935 1140 1009 1180 καί
1043 1139 1104 1192 μη
1132 1140 1390 1191 πειθομένων
1418 1137 1595 1193 χωρίςῙ)

58 1206 266 1248 ι5ἐκείνου
307 1206 610 1246 ἀπολείπεσθαι
638 1205 746 1258 ἐκεῖ,
794 1203 868 1260 την
888 1206 967 1256 μὲν
1012 1204 1211 1259 πολίχνην
1260 1202 1317 1253 ὦς
1345 1203 1458 1246 ἰδίαν
1484 1204 1558 1246 καί

101 1266 214 1314 ἄκων
253 1272 448 1313 κατέλιπε
475 1268 582 1325 πρὸς
611 1268 790 1325 Κράλην
819 1268 1040 1326 φυλάττειν
1068 1268 1142 1311 ὑπ’
1182 1266 1388 1324 ἀνάγκης,
1431 1264 1555 1323 ἄχρις

102 1332 170 1390 οὗ,
198 1339 348 1391 καιροῦ
375 1339 609 1388 καλοῦντος,
639 1331 768 1383 αὖθις
800 1335 1006 1392 ἀπολάβῃ.
1063 1334 1189 1384 αὕτὸς
1217 1337 1264 1377 δὲ
1292 1333 1382 1387 ἅμα
1405 1333 1552 1392 Κράλῃ

101 1403 207 1457 πρὸς
236 1400 314 1456 τήν
346 1404 565 1456 Τριβαλῶν
594 1398 838 1456 ἀνεχώρουν
868 1403 962 1455 γῆν.
1017 1398 1275 1450 Ἀπόκαυκος
1302 1403 1348 1442 δὲ
1377 1400 1399 1441 ὁ
1422 1403 1554 1454 μέγας

102 1465 206 1519 δούξ
241 1466 334 1509 ἐπεὶ
374 1463 551 1507 πύθοιτο
579 1467 626 1507 ἐκ
654 1467 803 1521 Φερῶν
833 1466 1185 1521 ἀνακεχωρηκότα
1215 1468 1396 1520 βασιλέα
1443 1464 1552 1519 μετὰ

49 1533 343 1588 αοΤριβαλῶν,
372 1527 637 1578 ὑποπτεύσας
665 1529 764 1579 τούς
792 1532 836 1572 ἐν
865 1533 1161 1588 Λιδυμοτείχῳ
1184 1531 1354 1587 σφόδρα
1375 1535 1553 1586 τεθορυ-

102 1599 263 1651 βῆσθαι
291 1597 364 1638 καί
389 1594 494 1651 πρὸς
522 1596 795 1648 διχοστασίαν
821 1593 996 1637 ἔσεσθαι
1023 1595 1200 1651 ῥαδιόυς
1224 1598 1298 1637 καί
1326 1595 1397 1637 διὰ
1416 1598 1552 1638 ταῦτα

102 1660 448 1718 παραστήσεσθαι
476 1660 671 1713 ἐλπίσας,
726 1659 928 1716 στρατιάν
956 1657 1032 1716 ὅση
1062 1657 1115 1715 ἦν
1143 1663 1190 1703 ἐκ
1215 1662 1451 1712 Βυζαντίου
1481 1664 1554 1704 καί

103 1731 187 1771 τῶν
222 1726 328 1770 κατὰ
359 1726 528 1783 Θρᾴκην
564 1725 723 1768 πόλεων
759 1725 1005 1781 συναγαγών
1031 1723 1158 1783 πεζήν
1187 1742 1230 1768 τε
1262 1728 1335 1769 καί
1359 1726 1548 1782 ἱππικὴν,

104 1792 210 1837 κατὰ
239 1789 543 1847 Διδυμότειχόν
571 1808 616 1835 τε
645 1792 805 1847 ἐγένετο
846 1794 919 1835 καί
944 1793 1123 1848 προσῆγε
1151 1785 1302 1848 λόγους
1334 1792 1432 1850 περὶ
1460 1810 1543 1835 πα-
1557 1794 1673 1830 P·5¹6

197 1974 253 2012 51,
302 1971 572 2006 Cantacuzenus
598 1972 816 2017 imperator,
848 1977 889 2005 ut
914 1972 1034 2005 Pheris
1060 1971 1246 2005 redeundo
1274 1972 1444 2006 Edessam
1479 1984 1545 2007 ve-

101 2022 181 2061 nit,
205 2029 314 2066 quam
340 2018 459 2053 Craies
484 2018 698 2060 obsederat,
728 2020 905 2064 corruptis
932 2018 1085 2063 pecunia
1114 2018 1254 2051 civibus
1281 2019 1327 2052 ad
1360 2030 1443 2052 eum
1477 2019 1544 2053 de-

102 2067 230 2100 fecisse
263 2066 413 2099 invenit.
463 2066 681 2100 Recordatus
714 2066 769 2099 ibi
807 2066 939 2099 sanciti
975 2076 1054 2098 cum
1091 2076 1134 2098 co
1159 2064 1337 2106 foederis,
1371 2067 1411 2098 in
1442 2067 1544 2099 cuius

101 2112 374 2146 conditionibus
407 2117 486 2145 erat
511 2113 703 2158 scriptum,
738 2112 769 2144 si
795 2122 904 2158 quam
932 2112 1059 2144 urbem
1086 2112 1348 2152 Romanorum,
1386 2112 1444 2144 vel
1475 2111 1546 2145 ab-

102 2165 206 2194 sente
240 2159 478 2200 imperatore,
514 2164 578 2191 aut
610 2159 718 2192 armis
751 2164 815 2191 ant
846 2159 918 2192 alio
961 2158 1120 2203 quodam
1157 2158 1266 2191 modo
1327 2158 1544 2203 subegisset,

102 2207 158 2241 uti
183 2216 262 2239 eam
286 2205 342 2238 illi
368 2205 588 2245 restitueret,
599 2204 815 2250 oppidulum
843 2205 1041 2250 repetebat.
1075 2204 1186 2251 Quod
1211 2216 1288 2238 cum
1316 2205 1438 2238 Crales
1466 2206 1546 2239 sine

102 2252 282 2286 dilatione
313 2250 480 2285 redderet
512 2251 796 2298 affirmaretque,
821 2252 1080 2297 praestiturum
1117 2262 1155 2285 se
1195 2251 1377 2297 quidquid
1408 2252 1548 2297 promi-

101 2300 228 2338 sisset,
267 2298 448 2343 armisque
473 2302 509 2331 et
532 2299 686 2342 pecunia
711 2303 748 2332 et
771 2303 849 2332 tota
875 2308 937 2332 sua
967 2298 1131 2342 potentia
1155 2297 1212 2331 illi
1238 2297 1441 2332 adiutorem
1458 2298 1547 2340 fore,

102 2354 253 2380 cernens
278 2343 380 2376 nulio
405 2355 443 2377 se
468 2345 714 2378 emolumento
741 2345 818 2378 illic
844 2348 1077 2386 moraturum,
1092 2345 1191 2388 (nam
1215 2343 1254 2378 in
1279 2344 1399 2378 reditu
1427 2345 1548 2389 Didy-

102 2390 300 2425 moticburn
324 2394 400 2422 tota
431 2395 552 2424 mente
578 2397 615 2425 et
650 2391 871 2436 cogitatione
895 2390 1132 2435 versabatur-0
1143 2401 1210 2424 nee
1235 2396 1358 2435 posset
1381 2390 1428 2424 de
1454 2393 1546 2433 suis,

101 2449 194 2484 quos
218 2436 386 2476 ducebat,
411 2435 603 2471 honestum
625 2438 847 2482 praesidium
876 2438 1102 2482 relinquere,
1129 2447 1208 2470 cum
1234 2442 1272 2471 et
1293 2448 1442 2472 numero
1461 2439 1543 2473 exi·

101 2486 162 2529 gui
187 2488 307 2518 essent
329 2487 366 2515 et
389 2486 431 2515 ut
454 2483 507 2517 ibi
533 2484 611 2516 sine
636 2495 679 2517 eo
703 2489 904 2524 manerent,
931 2483 1064 2516 adduci
1090 2485 1298 2530 nequirent,
1325 2495 1545 2532 quamquam

100 2531 269 2575 ingratis,
315 2530 544 2574 (necessitate
584 2530 754 2563 nimirum
791 2531 830 2564 id
857 2532 1129 2575 extorquente,)
1156 2531 1256 2563 Craii
1290 2530 1464 2575 oppidum
1502 2537 1544 2565 ut

99 2577 287 2621 proprium
314 2575 488 2609 tuendum
516 2575 677 2617 dimisit,
714 2577 830 2610 donec
864 2588 901 2610 se
937 2577 1016 2608 eius
1050 2576 1252 2621 recipiendi
1286 2589 1308 2611 ο
1336 2580 1540 2622 portunitas

101 2622 323 2657 ostenderet.
385 2622 528 2655 Interea
561 2634 640 2656 cum
675 2623 802 2657 eodem
839 2623 876 2655 in
911 2622 1095 2655 'l'riballos
1136 2623 1243 2658 redit.
1332 2625 1537 2668 pocauchus

99 2679 248 2714 magnus
275 2669 368 2707 dux,
392 2673 537 2713 accepto
561 2670 716 2710 nuntio,
744 2671 998 2713 imperatorem
1025 2668 1148 2702 Pheris
1172 2680 1253 2703 cum
1278 2669 1454 2705 Triballis
1479 2683 1538 2707 re-

96 2716 266 2756 vertisse,
302 2715 457 2759 opinans
486 2714 822 2758 Didymotichenses
858 2726 900 2748 eo
939 2727 1022 2748 casu
1064 2715 1295 2750 vehementer
1331 2719 1533 2761 perculsos,

95 2761 202 2795 facile
229 2762 324 2794 inter
347 2772 386 2794 se
411 2760 634 2795 dissensuros
661 2767 770 2807 atque
789 2762 923 2795 idcirco
944 2773 1006 2794 eos
1031 2771 1069 2794 se
1093 2761 1315 2796 domitarum
1336 2765 1534 2805 confidens,

82 2813 277 2854 'quotquot
300 2809 423 2853 potuit
446 2807 608 2851 Byzantii
642 2813 681 2842 et
708 2819 772 2853 per
796 2807 903 2842 urbes
929 2807 1104 2842 Thraciae
1138 2808 1304 2856 peditum
1331 2812 1534 2857 manipulos
