1800 3132
529 173 902 217 ms‘romAnUM
940 175 1012 214 ιιι.
1053 175 1121 218 55.
1401 150 1514 226 329

94 279 213 321 σιλέα
240 275 364 331 ἔχθος
391 273 441 317 wi
470 272 623 328 ἔσχατα
651 273 927 330 αἱρουμένους
953 273 1192 326 ὑπομένειν,
1239 271 1333 314 ἐνὸν
1360 272 1517 314 oino-92·
1529 279 1711 326 &cd-’⁹⁴²

94 346 246 397 μένους
272 341 483 391 σώζεσθαι
498 356 510 367 ·
556 340 737 392 μάλιστα
766 340 812 380 δὲ
836 338 857 381 ὃ
874 335 1166 391 Παλαιολόγος
1187 338 1520 391 Κωνσταντῖνος,

98 408 143 457 ὃς
180 403 254 463 ἦγε
289 405 362 461 τὴν
402 405 522 446 πόλιν
548 403 666 457 τότε,
704 401 949 461 Ἀποκαύκῳ
977 419 1019 445 τε
1045 406 1087 452 ἐς
1114 400 1165 444 τὰ
1192 399 1373 454 μάλιστα
1402 401 1523 458 φίλος

100 470 159 515 ὢν
197 471 269 514 καί
299 472 383 513 τῶν
418 469 665 525 ιῖποῤῥήτων
705 467 895 518 κοινωνὸς
932 469 1004 510 καί
1038 467 1114 522 την
1141 468 1280 509 πίστιν
1309 467 1523 523 ἀκραιφνῆ

73 534 171 579 5και“
186 537 260 589 τὴν
288 533 453 578 εὔνοιαν
481 535 597 591 mitrii
621 536 756 589 τηρῶν
785 530 867 576 ὄντι
895 535 1068 589 κηδεστῇ
1091 535 1337 590 Ἀνδρονίκῳ
1354 534 1411 590 τῷ
1426 531 1520 590 υἱῷ,

97 605 170 644 καί
207 599 229 642 ὅ
267 602 587 656 μητροπολίτης,
628 597 807 652 πόλεμον
833 593 1040 640 ἄσπονδον
1067 598 1167 653 πρὸς
1193 600 1367 651 βασιλέα
1398 600 1521 654 ἐξαρ-

94 670 176 722 χῆς
201 667 332 716 eti-9139
359 665 612 723 ἀνῃρημένος
639 666 682 714 ἐξ
703 663 899 716 οὐδεμιᾶς
918 666 1064 712 αἰτίας.
1117 663 1312 718 βασιλεὺς
1329 665 1390 716 δὲ,
1423 663 1551 705 ἐπειῚ)

97 733 245 773 ἐκεῖνοι
282 731 359 786 τὴν
394 733 615 786 πρεσβείαν
649 732 973 783 α’πεπέμψαντο,
1013 731 1198 783 συνορῶν
1226 726 1271 772 οἷ
1292 731 1428 770 κακῶν
1454 729 1523 770 ὑπ’

100 798 377 851 ἀναισθησίας
404 794 748 849 συνελαύνονται,
774 797 846 836 καί
870 793 927 844 ὥς
945 792 1162 846 Ῥωμαίων
1188 796 1259 848 τῆς
1290 796 1424 848 α’ρχῆς
1449 791 1525 835 πό-

51 866 165 910 ιολις
191 860 347 915 μεγάλη
373 861 444 902 καί
474 860 576 916 καλὴ
607 863 748 914 μέλλει
775 861 1055 916 ἀφαιρεῖσθαι
1086 857 1166 899 ὑπὸ
1198 862 1272 913 τῆς
1291 862 1527 914 πολιορκίας

100 923 255 983 ἀνάγκῃ
299 930 516 981 Τριβαλοῖς
555 925 864 978 δουλεύσουσα,
911 927 992 968 τῶν
1029 927 1189 983 οἰκείων
1230 927 1399 977 πέμψας
1430 926 1526 976 ἕνα,

99 990 323 1045 παρεκάλει
363 994 588 1047 φείδεσθαι
626 992 763 1033 αὐτῶν
796 993 870 1032 καί
902 991 961 1046 μη
991 992 1105 1043 μίσει
1129 991 1184 1046 τῷ
1210 991 1268 1038 εἰς
1296 991 1447 1031 ἐκεῖνον
1473 986 1527 1029 τὰ

101 1056 303 1110 ἀνήκεστα
336 1059 448 1112 σφᾶς
490 1055 646 1105 αὐτους
686 1058 946 1106 διατιθέναι,
996 1054 1101 1096 α’λλά
1132 1056 1204 1096 νῦν
1230 1056 1308 1106 μὲν
1333 1052 1529 1108 πρόνοιάν

101 1139 196 1164 τινα
225 1123 363 1163 αὐτῶν
389 1125 599 1163 ποιεῖσθαι
630 1124 702 1162 mal
726 1120 829 1176 μήτε
859 1123 1059 1174 δέχεσθαι
1087 1122 1147 1168 εἰς
1174 1118 1250 1174 τὴν
1286 1116 1406 1160 πόλιν
1432 1117 1530 1171 μήτ’

55 1186 244 1240 ιό-«ιιῖτὸν,
271 1185 376 1242 μήτε
403 1186 619 1243 φρουρὰν,
644 1186 747 1241 μήτε
771 1185 953 1242 ἡγεμόνα
963 1220 976 1239 ,
1017 1183 1122 1227 ἀλλὰ
1150 1182 1278 1237 μόνον
1305 1186 1380 1237 τῆς
1408 1186 1537 1236 βασιι

101 1255 215 1301 λίδος
241 1248 394 1307 ’Ἁννης
428 1256 501 1294 καί
532 1255 735 1305 βασιλέως
761 1254 836 1293 τοῦ
864 1252 962 1293 υἱοῦ
990 1252 1292 1308 φημιζομένων,
1321 1244 1533 1303 εὐφημίας

102 1317 176 1358 καί
215 1317 346 1359 αὐτὸν
387 1314 477 1371 ἅμα
511 1319 679 1366 ἐκείνοις
714 1318 860 1368 &grusiv
890 1318 964 1358 καί
989 1317 1263 1371 μνημονεύειν
1289 1315 1332 1355 ἐν
1355 1317 1534 1360 τελεταῖς

102 1387 194 1430 ταῖς
225 1382 381 1436 ἱεραῖς,
424 1384 497 1423 καί
532 1385 677 1424 τοῦτον
702 1380 774 1423 τὸν
807 1381 958 1437 τρόπον
993 1382 1074 1422 τῶν
1111 1382 1158 1423 ἐκ
1188 1380 1264 1433 τῆς
1290 1378 1528 1431 πολιορκίας
1542 1388 1659 1424 Ρ,53,

106 1443 440 1488 ἀπαλλάττεσθαι
466 1450 613 1490 κακῶν.
669 1450 802 1489 οὐκέτι
821 1446 901 1503 γὰρ
933 1443 1199 1500 ἀδικήσουσιν
1227 1443 1348 1485 οὐδὲν
1380 1440 1535 1491 αὐτοῦς

55 1510 148 1554 9.οοῖ
192 1514 391 1566 Τριβαλοί
428 1511 497 1553 διὰ
534 1513 633 1561 τούς
668 1510 817 1568 ὅρκους
853 1514 925 1554 καί
951 1511 1134 1560 σπονδάς
1161 1509 1236 1559 τὰς
1265 1509 1366 1564 πρὸς
1393 1505 1534 1552 αὐτόν.

108 1574 456 1631 ἀναχωρήσαντος
482 1579 528 1618 δὲ
557 1575 689 1618 αὐτοῦ
715 1578 818 1632 πρὸς
849 1576 1040 1633 Θρᾴκην,
1080 1573 1131 1616 ἂν
1158 1578 1235 1627 μὲν
1262 1576 1334 1615 καί
1357 1576 1430 1627 τῆς
1457 1569 1535 1614 ἅλ-

107 1647 180 1698 λης
208 1643 343 1697 α’ρχῆς
372 1644 559 1698 φαίνοιτο
581 1642 798 1694 Ῥωμαίων
824 1640 1038 1696 ἐγκρατὴς,
1066 1638 1247 1681 ὑπείκειν
1274 1640 1347 1679 καί
1373 1636 1536 1685 αὐτούς.

108 1709 149 1751 εἷ
175 1710 221 1750 δέ
247 1725 286 1750 τι
313 1710 410 1763 περὶ
433 1708 564 1749 αὐτοῦ
590 1706 765 1763 ὕστερον
791 1706 1062 1762 βουλεύσαιτο
1092 1704 1113 1747 ὅ
1137 1702 1236 1753 θεὸς
1253 1703 1326 1745 καί
1343 1702 1536 1745 ἀπόλοιτο

109 1775 152 1825 ἐξ
180 1774 424 1828 ἀνθρώπων,
454 1772 538 1815 τότ’
565 1767 644 1828 ἤδη
673 1770 773 1831 {jugi
790 1774 1052 1827 βασιλεύοντι
1066 1772 1284 1824 Ῥωμαίων
1303 1770 1537 1825 προσέχειν,

111 1923 237 1957 ultima
261 1926 422 1968 perpeti,
449 1935 554 1969 quam
579 1934 621 1958 eo
648 1923 762 1957 eiecto
787 1924 874 1957 salvi
893 1933 968 1956 esse
994 1921 1154 1954 mallent.
1203 1921 1394 1964 Praecipue
1417 1923 1538 1952 tamen

113 1970 370 2003 Constantinus
396 1971 646 2015 Palaeologus‚
670 1973 733 2015 qui
758 1976 843 2004 tunc
868 1969 992 2002 urbem
1021 1967 1287 2007 moderabatur,
1312 1971 1349 2000 et
1371 1968 1539 2011 Apocau-

113 2016 241 2056 chum,
270 2016 336 2049 filii
359 2017 416 2049 sui
443 2017 638 2052 Andronici
666 2027 849 2056 socerum,
875 2015 1101 2059 singulariter
1137 2013 1313 2057 diligebat
1347 2014 1539 2057 integram-

114 2074 184 2108 que
211 2061 333 2103 fidem,
357 2068 572 2096 secretorum
601 2063 762 2096 conscius
779 2088 788 2102 ‚
813 2063 846 2095 ei
870 2060 1092 2106 praestabat3
1117 2061 1264 2103 insuper
1289 2058 1538 2103 metropolita-

114 2120 202 2148 nus,
232 2109 295 2152 qui
319 2109 420 2142 nulla
448 2109 580 2142 iniuria
604 2110 808 2149 lacessitus,
844 2119 864 2140 a
890 2107 1069 2152 principio
1097 2107 1216 2139 statim
1240 2103 1376 2137 bellum
1410 2104 1540 2148 impla-

116 2154 232 2187 cabile
256 2155 294 2186 in
323 2155 574 2199 imperatorem
610 2161 823 2200 susceperat.
873 2155 1070 2198 Imperator
1102 2151 1280 2196 legatione
1314 2151 1365 2183 sic
1395 2149 1541 2183 dimissa

116 2200 355 2246 prospiciens,
382 2213 452 2246 quo
478 2203 703 2235 miseriarum
727 2199 1084 2234 inconsideratissimi
1109 2197 1276 2230 mortales
1300 2200 1412 2230 semet
1434 2207 1541 2240 prae-

116 2247 329 2291 cipitarent,
364 2253 402 2280 et
424 2248 604 2281 civitatem
627 2249 782 2293 amplam
810 2251 919 2292 atque
946 2246 1134 2279 florentem
1157 2245 1314 2276 Romano
1338 2241 1541 2287 ademptam

115 2292 268 2337 imperio
299 2292 469 2326 Triballis
495 2294 692 2328 obsessuris
729 2294 932 2327 necessario
962 2291 1195 2330 servituram,
1230 2289 1274 2322 de
1302 2288 1541 2322 familiaribus

119 2349 231 2372 unum
255 2343 416 2382 rogatum
440 2341 560 2381 misit,
587 2346 628 2374 ut
650 2340 722 2374 sibi
746 2341 832 2383 ipsis
857 2346 1066 2385 parcerent,
1090 2348 1157 2370 nec
1181 2336 1265 2368 odio
1290 2335 1328 2367 in
1353 2334 1457 2368 illum
1481 2344 1541 2367 se-

118 2389 194 2419 met
216 2384 432 2418 atrocissime
454 2387 672 2427 multarent,
710 2385 773 2419 sed
802 2396 899 2419 nunc
931 2384 1002 2418 sibi
1025 2382 1258 2428 providerent
1277 2386 1314 2414 et
1337 2391 1455 2426 neque
1479 2389 1538 2420 se,

118 2440 237 2477 neque
266 2431 504 2474 praesidium,
527 2444 645 2479 neque
672 2433 891 2477 praefectum
917 2431 1135 2470 reciperent:
1160 2426 1405 2460 tantummodo
1426 2427 1541 2470 impe-

119 2477 250 2512 ratrice
274 2477 375 2509 Anna
399 2482 435 2510 et
459 2478 535 2511 eius
559 2479 634 2512 filio
669 2479 886 2522 imperatore
914 2477 1128 2514 nominatis,
1163 2485 1200 2506 se
1236 2483 1381 2518 quoque
1415 2471 1542 2506 eadem

119 2523 266 2558 honoris
292 2523 534 2567 appellatione
559 2535 635 2558 cum
662 2525 735 2557 illis
764 2525 1019 2569 dignarentur,
1052 2519 1275 2566 perindeque
1302 2519 1356 2552 sui
1381 2518 1420 2552 in
1444 2519 1543 2552 sole·

120 2569 266 2602 mnibus
291 2569 476 2602 sacrificiis
500 2571 761 2604 meminissent:
798 2576 906 2614 atque
935 2569 1001 2601 hac
1026 2568 1168 2600 demum
1197 2566 1256 2598 via
1281 2564 1470 2599 obsidione
1504 2575 1543 2597 se

122 2617 337 2649 eximerent:
362 2615 542 2649 Triballos
568 2617 702 2663 quippe
727 2622 873 2660 propter
897 2614 1022 2648 foedus
1048 2619 1086 2646 et
1108 2612 1376 2651 iusiurandum,
1410 2621 1482 2656 quo
1505 2621 1544 2643 se

123 2662 179 2694 illi
214 2661 510 2702 obstrinxissent,
538 2673 597 2696 eos
629 2662 674 2695 de
707 2663 824 2696 cetero
861 2673 934 2693 nou
970 2661 1137 2692 laesuros.
1188 2658 1256 2691 Ubi
1288 2659 1325 2691 in
1351 2656 1543 2691 Thraciam

123 2708 272 2742 redierit
292 2713 329 2740 et
354 2708 494 2754 reliquo
521 2708 670 2752 imperio
697 2710 853 2742 Romano
879 2707 1015 2751 potitus
1044 2705 1174 2746 suerit,
1204 2709 1280 2738 tum
1304 2704 1374 2748 ipsi
1399 2711 1543 2748 quoque

125 2754 272 2789 subesse
298 2753 420 2790 velint.
482 2753 546 2788 Sin
570 2755 709 2802 aliquid
736 2754 781 2789 de
807 2765 845 2788 se
868 2754 964 2787 Deus
990 2752 1156 2786 statuerit
1185 2755 1222 2785 et
1254 2750 1349 2786 inter
1382 2749 1543 2784 homines
