1800 3132
313 194 421 266 372
727 268 732 273 ρ
837 206 1202 251 CANTACUZEM
1230 238 1235 240 ,

118 319 194 354 A.C.
213 320 298 364 ¹343
314 308 659 364 δραποδιζὸμεναι
687 309 758 348 καί
772 307 821 357 τοὶ
850 305 1005 361 ἔσχατα
1023 306 1319 360 ὑπομένουσαι,
1354 307 1424 351 καί
1449 307 1474 362 ἦ
1501 305 1725 360 Ῥωμαίων

311 373 422 429 α’ρχή
453 373 556 428 αὐτὴ
595 371 726 429 ἑαυτῇ
753 379 1035 428 περιπεσεῖται
1062 372 1134 413 καί
1163 371 1499 428 διαφθαρήσεται
1526 372 1594 413 ὑπ’
1631 373 1727 414 α’νο-

308 439 428 493 νήτου
457 438 722 494 φιλονεικίας.
777 438 817 478 εἰ
844 438 922 490 μὲν
954 433 1029 478 οὖν
1059 436 1171 491 παρὰ
1200 438 1412 489 βασιλίδος
1430 438 1503 477 καί
1527 435 1727 491 πατριάρ-

276 494 391 556 (ξχου
413 501 484 543 καί
502 505 584 543 τῶν
613 498 761 553 ἄλλων,
791 498 880 542 ὅσοι
911 503 994 543 τῶν
1023 500 1278 555 πραγμάτων
1305 497 1518 554 ἄρχουσιν,
1548 500 1727 541 ἀνυπεύ-

302 571 432 609 θυνον
459 565 570 619 ἔχεις
602 565 676 619 τήν
718 563 854 621 ἀρχὴν
891 565 964 606 καὶ
1005 566 1108 620 πρὸς
1140 563 1188 606 τὰ
1222 562 1451 619 φαινόμενα
1495 566 1747 606 λυσιτελεῖν5

302 631 434 682 ἔξεστι
460 629 768 685 βουλεύεσθαι,
796 630 1018 684 πρεσβείαν
1040 626 1129 684 ’ἤδη
1158 628 1262 684 πρὸς
1293 631 1444 671 ἐκεῖνον
1481 630 1603 670 ποιοῦ
1629 631 1727 683 περὶ

302 696 465 751 εἰρήνης
486 698 563 736 καί
585 697 715 750 μηδὲν
739 710 787 737 σε
814 697 1062 748 θορυβείτω.
1118 693 1309 746 βέλτιστά
1334 708 1377 735 τε
1407 693 1485 749 γὰρ
1519 692 1627 745 ὁμοῦ
1654 694 1726 734 καί

299 763 616 803 λυσιτελέστατα
645 759 717 801 καί
742 758 927 812 βασιλίδι
959 761 1031 799 καί
1059 759 1163 799 πᾶσι
1191 763 1276 807 τοῖς
1305 754 1443 806 ἄλλοις
1474 759 1589 814 κοινῇ
1620 760 1723 810 βου-

298 824 439 880 λεύσῃ.
494 825 533 864 εἰ
564 824 609 865 δὲ
638 823 907 879 προσκρούειν
950 825 1124 871 ἐκείνοις
1156 826 1238 875 ,ουίι
1283 824 1466 875 ἐθέλεις,
1512 820 1587 877 τήν
1623 823 1723 876 περὶ

296 890 369 943 τῆς
401 885 563 943 εἰρήνης
608 886 658 942 ἢν
695 887 838 942 ἔχουσι
881 887 1047 943 γνώμην
1091 889 1274 941 α’γνοαῖν,
1316 883 1405 928 ἄλλ’
1438 887 1533 939 ἐμοὶ
1570 887 1771 939 δέομαιιο

295 951 442 1007 τριήρη
473 954 574 1005 μίαν
600 958 852 1008 παρασχεῖν,
884 952 940 1000 ὥς
982 947 1033 992 ἂν
1071 951 1288 1005 γενόμενος
1318 952 1363 992 ἐν
1402 952 1617 1007 Βυζαντίῳ
1648 952 1721 991 καί

294 1016 635 1070 συμβουλεύσας,
678 1013 756 1058 ὅσα
803 1032 877 1069 μοι
925 1018 1031 1058 δοκῶ
1069 1015 1218 1068 βελτίω
1258 1011 1391 1068 εἶναι,
1437 1012 1582 1068 ὀλίγων
1620 1012 1718 1056 εἴσω

291 1081 461 1136 ἡμερῶν
500 1079 574 1134 τήν
613 1080 714 1135 περὶ
747 1082 822 1135 τῆς
860 1082 1025 1136 εἰρήνης
1052 1082 1217 1122 ἐκείνων
1245 1081 1388 1134 ψῆφον
1433 1081 1574 1134 φέρων
1616 1075 1720 1128 eim,-
1755 1098 1760 1100 ·

290 1146 452 1199 νήξω”.
520 1143 782 1199 Μονομάχος
831 1146 907 1197 μὲν
945 1141 1019 1186 οὖν
1071 1147 1243 1186 τοιαῦτα
1287 1145 1385 1198 περὶ
1434 1145 1507 1197 τῆς
1556 1141 1719 1198 εἰρήνης

289 1211 503 1263 διειλέχθη
539 1208 646 1262 μετὰ
687 1209 947 1263 παρ’ῥησιάς·
996 1205 1047 1263 ἦν
1089 1208 1169 1264 γὰρ
1207 1210 1253 1249 ἐκ
1293 1210 1374 1249 τῶν
1412 1206 1574 1261 τρόπων
1601 1205 1768 1250 niel-15

258 1274 402 1328 13στην
430 1272 542 1326 παρὰ
585 1275 686 1329 πᾶσι
720 1272 794 1327 τήν
837 1274 942 1314 αἰδῶ
976 1270 1282 1327 καρπούμενος,
1331 1272 1403 1313 καί
1449 1271 1488 1313 οἱ
1521 1273 1599 1324 μὲν
1641 1266 1717 1312 ἄλ·-

287 1341 353 1378 λοι
381 1338 421 1378 οἱ
447 1337 648 1393 παρόντες
688 1334 738 1378 εὖ
770 1341 852 1391 μὲν
882 1335 1048 1393 ἔφασαν
1087 1339 1240 1379 ἐκεῖνον
1278 1339 1608 1389 βεβουλεῦσθαι,
1646 1337 1721 1376 καί

287 1403 524 1443 ἐπείθοντο·
560 1400 636 1456 τήν
669 1404 715 1444 δὲ
743 1405 820 1444 τοῦ
847 1405 1048 1455 δέχεσθαι
1076 1399 1104 1456 ’ἢ
1134 1401 1193 1455 μὴ
1226 1399 1299 1455 τήν
1328 1401 1494 1454 εἰρήνην
1532 1397 1711 1451 δύναμιν

285 1468 341 1522 τῷ
366 1465 529 1523 μεγάλῳ
567 1464 812 1508 ἀνετίθεσαν
851 1467 981 1507 δουκί.
1037 1468 1188 1514 ἐκεῖνος
1227 1466 1272 1506 δὲ
1313 1460 1417 1519 ἦθος
1458 1462 1584 1516 μόνον
1616 1461 1714 1511 τούς

285 1530 427 1583 λόγους
454 1531 760 1583 α’ποσειομὲνου
791 1533 929 1581 δείξας
958 1532 1054 1581 καί,
1087 1530 1186 1570 ποία
1217 1545 1279 1578 τις
1308 1526 1359 1570 ἂν
1391 1526 1532 1583 εἰρήνη
1557 1528 1767 1581 γένοιτοαο

284 1592 390 1647 πρὸς
408 1596 778 1649 Καντακουζηνόν;
814 1593 969 1647 εἰπών,
1002 1590 1102 1635 ἄλλο
1135 1596 1181 1636 δὲ
1206 1595 1336 1648 μηδὲν
1367 1593 1593 1647 προσθείς,
1627 1593 1712 1632 διέ-

284 1660 385 1698 λυσε
414 1657 484 1699 τὸν
514 1657 722 1712 σύλλογον,
753 1660 882 1713 μηδὲν
914 1658 1018 1713 πρὸς
1032 1656 1290 1711 Μονομάχον
1315 1654 1540 1711 μήτεπρὸς
1569 1654 1708 1710 ὀργήν,

281 1720 388 1776 μήτε
418 1722 521 1778 πρὸς
549 1721 672 1779 ὕβριν
703 1722 913 1779 φάμενος,
946 1720 1084 1778 ὥσπερ
1118 1721 1260 1764 εἰώθει
1287 1721 1390 1777 πρὸς
1417 1719 1515 1769 ’τούς
1541 1715 1705 1774 ἄλλους,

285 1783 330 1825 εἴ
354 1802 417 1834 τις
444 1786 543 1842 περὶ
566 1785 766 1829 τοιούτων
795 1793 954 1828 ποιοῖτο
980 1785 1127 1840 λόγους
1158 1786 1259 1842 πρὸς
1290 1786 1427 1828 αὐτόν.

160 1860 195 1894 Ρ.
213 1860 280 1907 557
400 1847 476 1899 ξα’.
529 1850 651 1906 Πρὸς
690 1849 863 1907 Κράλην
894 1853 940 1894 δὲ
981 1853 1203 1907 πρεσβείας
1250 1849 1491 1903 ποιούμενος
1534 1848 1760 1903 συχνάς,25

290 1947 430 1976 corruet
453 1947 561 1988 atque
581 1944 626 1976 ab
652 1945 722 1978 isto
747 1945 958 1990 infrugifero
984 1945 1135 1980 dissidio
1163 1955 1303 1990 pessum
1328 1944 1487 1981 dabitur.
1522 1942 1560 1976 Si
1585 1945 1708 1990 itaque

287 1988 333 2021 ab
367 1989 615 2032 imperatrice,
650 1990 852 2035 patriarcha
886 1996 923 2024 et
949 1992 1054 2031 aliis,
1086 1993 1125 2025 in
1154 2002 1304 2036 quorum
1328 1991 1524 2023 auctoritate
1550 1993 1624 2023 tota
1650 1995 1706 2024 est

289 2043 345 2066 res
364 2034 524 2078 publica,
539 2037 590 2068 sic
614 2035 723 2069 habes
749 2037 951 2080 imperium,
973 2042 1014 2069 ut
1037 2039 1211 2071 rationem
1234 2047 1308 2070 non
1335 2036 1530 2079 reposcaris
1557 2040 1594 2068 et
1610 2045 1704 2081 quae

288 2089 434 2112 censeas
478 2082 609 2122 utilia,
642 2083 751 2116 liceat
782 2082 852 2115 tibi
887 2087 1064 2123 statuere,
1099 2084 1311 2127 legationem
1343 2081 1390 2114 ad
1422 2092 1503 2114 eum
1540 2081 1584 2114 de
1614 2091 1703 2126 pace

288 2135 432 2157 securus
462 2128 583 2161 mitte:
615 2139 698 2160 nam
734 2132 770 2160 et
801 2127 1019 2172 imperatrici
1056 2134 1093 2163 et
1117 2128 1262 2173 reliquis
1288 2127 1523 2161 communiter
1540 2127 1640 2160 nulla
1664 2137 1703 2161 re

286 2171 416 2204 melius
455 2173 654 2217 utiliusque
695 2174 929 2210 consulueris,
989 2174 1052 2207 Sin
1085 2173 1180 2218 apud
1216 2183 1275 2206 eos
1313 2172 1494 2206 offendere
1526 2183 1599 2206 non
1636 2173 1702 2213 vis,

285 2217 372 2259 quia
406 2228 477 2262 quo
513 2219 632 2250 animo
666 2219 712 2251 ad
745 2230 868 2263 pacem
897 2219 970 2251 sint
1000 2220 1155 2264 ignoras:
1192 2223 1230 2252 at
1252 2218 1362 2260 mihi,
1402 2217 1549 2259 amabo,
1593 2229 1702 2252 unam

284 2262 464 2296 triremem
490 2263 647 2307 indulge,
674 2270 726 2305 ut,
751 2275 830 2297 cum
853 2266 1058 2308 Byzantium
1082 2275 1266 2298 excurrere
1294 2270 1330 2297 et
1354 2265 1452 2309 quod
1486 2264 1524 2298 in
1546 2274 1619 2297 rem
1649 2265 1700 2298 sit

284 2317 519 2350 persuasero,
562 2311 684 2353 paucis
722 2310 850 2344 diebus
899 2321 1021 2343 eorum
1063 2310 1237 2343 calculum
1277 2315 1488 2354 reportans,
1530 2313 1698 2343 revertar.

283 2352 538 2387 Monomachus
574 2354 619 2388 ad
658 2355 754 2388 hunc
787 2355 930 2389 modum
962 2361 999 2389 et
1033 2366 1111 2388 cum
1144 2355 1311 2389 libertate
1344 2356 1484 2389 locutus
1519 2359 1595 2388 est:
1622 2359 1700 2389 erat

285 2399 381 2430 enim
403 2406 550 2444 propter
574 2411 710 2434 morum
734 2403 974 2445 integritatem
997 2401 1220 2434 venerationi
1244 2402 1419 2435 omnibus.
1464 2403 1508 2435 Et
1526 2402 1590 2434 alii
1614 2401 1698 2445 qui-

285 2443 365 2476 dem
390 2446 579 2479 consilium
603 2446 798 2480 laudabant
822 2446 996 2491 ibantque
1017 2446 1168 2491 pedibus
1195 2448 1232 2479 in
1247 2448 1322 2480 eius
1341 2448 1573 2481 sententiam:
1598 2446 1695 2491 pacis

284 2493 403 2522 autem
437 2492 724 2536 complectendae
762 2497 824 2524 aut
848 2491 1058 2524 aversandae
1083 2492 1270 2525 arbitrium
1293 2504 1419 2538 magno
1445 2493 1527 2526 duci
1553 2492 1696 2525 desere-

282 2531 381 2567 bant.
432 2536 505 2581 Qui
538 2537 721 2571 dumtaxat
754 2537 930 2570 abnutans
961 2537 1040 2582 (qui
1074 2549 1148 2570 mos
1169 2544 1222 2572 est
1245 2540 1443 2572 orationem
1466 2537 1616 2571 alicuius
1639 2547 1696 2571 re-

281 2579 509 2625 pellentium)
539 2588 575 2615 et
607 2584 702 2617 nihil
732 2581 867 2616 addens
898 2588 1040 2627 praeter
1073 2583 1161 2618 haec
1194 2585 1322 2623 verba,
1345 2586 1390 2618 Et
1421 2594 1512 2629 quae
1550 2582 1693 2616 tandem

277 2633 348 2667 pax
372 2635 450 2658 cum
487 2628 761 2662 Cantacuzeno?
785 2633 998 2661 conventum
1021 2628 1145 2669 solvit,
1175 2641 1241 2663 nec
1265 2630 1462 2675 quidquam
1487 2628 1691 2662 iracundius

277 2674 338 2701 aut
362 2674 653 2707 contumeliosius
678 2676 715 2706 in
729 2673 998 2708 Monomachum
1017 2674 1113 2714 iecit,
1139 2681 1180 2708 ut
1204 2676 1242 2708 in
1265 2676 1355 2709 alios
1379 2674 1531 2715 solebat,
1554 2674 1584 2707 si
1610 2675 1691 2718 quis

276 2724 384 2760 nuper
407 2726 444 2749 re
468 2716 714 2753 huiuscemodi
742 2721 960 2753 mentionem
985 2719 1079 2763 apud
1106 2730 1142 2751 se
1167 2722 1358 2755 intulisset.

362 2762 417 2795 61.
465 2762 520 2795 Ad
555 2765 691 2805 Cralem
723 2770 842 2799 autem
881 2771 1037 2800 oratores
1072 2766 1255 2801 missitans
1295 2769 1547 2812 ingentemque
1574 2774 1688 2811 pecu-
