1800 3132
476 188 848 252 nleriARm
891 192 963 231 ιιι.
1004 191 1073 235 55.
1401 171 1509 227 333

91 289 253 345 εἴχοντο
297 290 417 333 ὁδοῦ.
470 290 563 331 ἐπεὶ
605 290 651 331 δὲ
695 284 804 344 ἦσαν
844 287 1192 345 Χριστουπόλεως
1214 291 1278 332 ὀὔ
1317 291 1698 349 μακρὰν,Α.ῦ.ι34α

86 358 202 414 »πεζῷ
244 353 592 410 περιτυγχάνουσι
630 352 947 396 Ῥακοδυτοῦντι
994 357 1040 396 ἐκ
1070 358 1374 410 Διδυμοτείχου
1411 357 1516 413 α’φι-

90 423 248 478 γμένῳ,
287 418 334 471 ὃς
368 426 543 474 παρεῖχε
577 418 803 476 γράμματα
845 423 1016 473 βασιλεῖ
1047 420 1160 476 παρὰ
1203 425 1417 474 βασιλίδος
1441 424 1515 477 τῆς

90 485 285 541 γυναικὸς
310 484 383 527 καί
403 486 484 527 τῶν
512 481 649 527 ἄλλων
681 488 764 527 τῶν
792 487 836 527 ἐν
863 485 1176 544 Διδυμοτείχῳ,
1226 488 1513 544 φυλάττεσθαι

63 553 372 607 ὄπαραινοῦντα
399 549 472 591 καὶ
496 549 553 604 μὴ
585 550 895 606 ἀπερισκέπτως
923 549 1023 605 πρὸς
1062 549 1219 602 αὕτοῦς
1259 559 1415 606 χωρεῖν
1435 585 1447 607 ,
1472 555 1514 596 εἰ

88 615 149 671 μή
178 614 355 669 δύναμιν
376 611 474 675 ιἇῖγοι
499 616 680 671 μεγάλην
706 615 779 658 καί
804 613 909 671 πρὸς
934 614 1148 665 τοιούτους
1185 615 1276 668 ἆξιό
1278 634 1413 673 χρεων
1439 635 1514 660 πο-

88 681 269 734 λεμίους.
321 679 651 736 πρωτοστριέτωρ
697 679 775 736 γὰρ
819 678 841 721 ὅ
883 681 1174 735 Παλαιολόγος
1216 682 1367 738 πολλὴν
1402 680 1514 737 ἄγων

87 745 289 801 στρατιὰν
317 743 443 800 πεζήν
469 761 513 787 τε
540 748 612 787 καί
635 744 806 800 ἱππικὴν
835 746 880 788 ἐν
907 746 1185 803 Περιθεωρύρ
1215 751 1513 802 στρατοπεδευ-
1525 756 1559 790 Ρ.
1575 758 1640 802 534

87 809 253 865 ὀμενος,
298 809 373 866 τήν
400 811 531 853 αὐτοῦ
558 807 700 866 ἄφιξιν
725 812 936 866 περιμένει
965 810 1023 860 ὦς
1063 809 1336 865 μαχούμενος.
1391 814 1513 856 Ἀπό-

40 875 239 926 ῐοκαυκός
279 891 324 917 τε
375 875 400 916 o‘
439 874 809 931 παρακοιμιόμενος
845 874 954 930 ἔχων
987 873 1268 931 ἑβδομήκοντα
1306 876 1649 937 τριήρεις,ν.429

86 944 133 984 ἐν
153 937 219 991 αἷς
234 942 507 983 κατέπλευσεν
526 943 586 991 εἰς
608 941 885 997 Ἀμφίπολιν,
921 940 1107 983 ἐνταῦθα
1133 941 1205 982 καί
1230 941 1362 991 αὐτὸς
1387 944 1514 998 ε’φορ-

84 1013 184 1060 μεῖ·
241 1006 339 1062 περὶ
363 1001 422 1048 ὧν
453 1008 546 1048 δέον
571 1005 903 1059 βουλευσάμενον
930 1005 1059 1048 αὐτὸν
1076 1039 1086 1057 ,
1116 1007 1311 1062 πράττειν
1350 1003 1438 1059 δ’,τι
1461 1003 1514 1050 ἂν

86 1075 186 1130 δοκῇ
212 1074 453 1128 συμφέρειν.
507 1073 742 1126 συμβέβηκε
771 1073 818 1113 δέ
842 1088 884 1113 τι
911 1073 1010 1127 περὶ
1032 1071 1082 1114 τὰ
1123 1070 1348 1126 γράμματα
1378 1074 1513 1114 ἐκεῖνα

84 1137 333 1189 θαυμαστὸν
359 1139 432 1179 καί
457 1138 530 1191 τῆς
556 1139 660 1177 θεοῦ
686 1135 784 1191 περὶ
807 1135 880 1178 τὸν
905 1139 1082 1189 βασιλέα
1112 1139 1357 1191 κηδεμονίας
1385 1153 1513 1192 φανε-

37 1202 183 1258 ιόρῶς.
238 1202 295 1252 ὥς
330 1201 408 1258 γὰρ
449 1203 493 1244 ἐν
520 1202 737 1258 Βυζαντίῳ
766 1198 972 1256 ἐμηνύθη,
1015 1201 1072 1250 ὥς
1108 1201 1307 1258 στρατιὰν
1333 1201 1441 1255 ἔχων
1467 1205 1513 1245 ἐκ

91 1271 305 1324 Τριβαλῶν
330 1266 528 1321 βασιλευς
565 1265 589 1307 ὅ
626 1266 975 1322 Καντακουζηνὸς
1003 1262 1131 1316 αὖθις
1160 1269 1427 1322 ἐπανέρχοιτο
1455 1269 1514 1316 εἰς

84 1334 411 1387 Διδυμότειχον,
440 1329 766 1387 πρωτοστράτωρ
796 1348 841 1374 τε
880 1332 1098 1387 συμπάσης
1139 1334 1266 1386 πεζῆς
1293 1334 1366 1374 καί
1391 1333 1547 1388 inm-3

83 1402 159 1454 κῆς
190 1396 406 1450 δυνάμεως
434 1399 701 1453 στρατηγῶν,
729 1398 884 1452 πολλήν
912 1396 1019 1451 ἔχων
1061 1396 1262 1450 δύναμιν,
1292 1399 1350 1447 εἰς
1378 1402 1514 1453 Περι-

84 1464 262 1519 θεώριον
293 1463 466 1518 ἀφῖκτο,
511 1461 583 1502 καὶ
616 1458 872 1511 Ἀπόκαυκος
901 1463 922 1503 ὃ
952 1464 1082 1516 μέγας
1112 1461 1211 1513 δοὺξ
1238 1465 1281 1514 ἐξ
1305 1462 1514 1519 Ἀμφιπό-

31 1534 185 1578 2ολεως
213 1533 305 1576 ταῖς
332 1525 611 1580 ἑβδομήκοντα
653 1527 800 1568 ναυσίν
827 1527 1102 1583 ἀναστρέφων
1138 1531 1212 1582 τῆς
1242 1525 1369 1584 αὖτῆς
1395 1531 1514 1570 ἕνεκα

84 1594 246 1644 αἴτιἀς,
277 1591 380 1647 ἔγνω
402 1593 487 1633 δεῖν
514 1593 746 1646 περιμένειν
771 1594 844 1633 καί
870 1591 992 1641 αὐτὸς
1018 1591 1122 1645 μετὰ
1152 1595 1224 1646 τῆς
1244 1589 1371 1648 ἄλλης
1390 1610 1514 1647 στρα-

83 1662 174 1708 τιᾶς
211 1658 283 1699 καί
320 1661 491 1711 βασιλεῖ’
521 1654 595 1711 τήν
624 1655 826 1698 ἐπάνοδον
852 1656 1040 1699 κωλύειν.
1093 1659 1177 1698 τῶν
1219 1655 1326 1698 ὁδῶν
1360 1659 1428 1709 δὲ,
1458 1657 1514 1705 ὥς

1496 1719 1516 1734 ss

84 1723 208 1776 ἔθος,
238 1723 574 1779 φυλαττομένων,
605 1722 672 1763 ἴνα
712 1719 774 1775 μὴ
804 1720 1051 1765 λανθάνοιεν
1080 1723 1125 1764 ἐκ
1153 1724 1459 1776 Διδυμοτείχου
1486 1739 1511 1777 η

180 1818 211 1841 2.
235 1806 333 1850 πεζςό
357 1804 439 1839 add.
467 1805 516 1839 M.
610 1806 641 1839 6.
667 1803 756 1850 ἄγει
779 1806 817 1840 Ρ.
1083 1787 1090 1793 Ι

87 1897 333 1940 perrexerunt.
401 1891 482 1924 Non
517 1891 623 1937 longe
647 1903 667 1924 a
694 1890 914 1936 christopoli
947 1893 984 1926 in
1020 1892 1178 1937 peditem
1211 1893 1512 1938 Rhacidytuntem

88 1941 277 1979 vocabulo,
306 1937 559 1982 Didymoticho
584 1949 663 1971 cum
691 1938 824 1971 litteris
854 1939 899 1971 ab
925 1940 1152 1982 imperatrice
1176 1951 1286 1972 uxore
1314 1947 1347 1973 et
1374 1942 1512 1985 praesi-

91 1987 153 2021 dio
177 1986 222 2020 ad
245 1987 494 2030 imperatorem
516 1985 674 2027 missurn,
700 1984 889 2019 incidunt:
917 1985 1048 2030 quibus
1078 1986 1208 2019 litteris
1236 1997 1314 2020 eum
1339 1987 1514 2019 admone-

90 2033 200 2073 bant,
225 2037 327 2065 caute
351 2035 470 2074 ageret
493 2035 530 2062 et
553 2041 598 2063 ne
625 2031 890 2064 inconsiderate
924 2032 969 2064 ad
997 2042 1056 2064 eos
1080 2033 1237 2070 veniret,
1275 2033 1344 2065 nisi
1370 2044 1513 2077 magnas

93 2086 221 2124 totque
247 2077 412 2111 hostibus
435 2087 538 2120 pares
564 2077 685 2121 copias
721 2076 924 2111 adduceret.
981 2077 1224 2123 palaeologum
1259 2079 1355 2111 enim
1387 2084 1513 2123 proto-

92 2129 279 2160 stratorem
303 2134 380 2156 cum
409 2123 574 2167 peditatu
609 2128 646 2156 et
681 2124 846 2168 equitatu
870 2134 945 2157 non
972 2124 1144 2158 mediocri
1176 2124 1222 2157 ad
1253 2124 1515 2158 Peritheorium

93 2171 218 2205 sedere
241 2175 278 2203 et
293 2169 483 2203 adventum
507 2170 585 2202 eius
611 2168 656 2202 ad
681 2170 946 2214 confligendum
971 2176 1187 2215 exspectare.
1213 2171 1269 2203 Ibi
1296 2171 1403 2203 etiam
1418 2171 1515 2215 Apo-

92 2217 265 2252 cauchum
299 2227 379 2250 cum
406 2215 612 2248 triremibus
645 2217 893 2261 septuaginta,
927 2215 1058 2262 quibus
1095 2216 1337 2261 Amphipolim
1374 2218 1515 2262 naviga-

91 2268 216 2303 verat,
244 2263 283 2296 in
306 2267 411 2306 portu
436 2266 549 2295 stare:
575 2261 620 2295 de
645 2262 777 2307 quibus
802 2267 904 2306 capto
931 2262 1082 2298 consilio
1108 2264 1224 2296 facere
1250 2262 1393 2302 debeat,
1415 2263 1514 2308 quod

91 2309 260 2355 prodesse
284 2307 476 2344 videbitur.
533 2307 635 2341 Circa
660 2308 805 2341 ‘litteras
830 2313 950 2342 autem
974 2309 1054 2342 illas
1087 2309 1300 2342 admirabile
1325 2309 1514 2354 quippiam

92 2362 131 2390 et
153 2367 261 2400 quam
286 2356 479 2399 imperator
494 2354 569 2387 Deo
593 2364 698 2387 curae
722 2360 836 2396 esset,
858 2355 1086 2389 manifestum
1112 2355 1286 2388 indicium
1311 2356 1439 2388 evenit.
1468 2356 1514 2388 Ut.

95 2403 191 2436 enim
227 2400 389 2444 Byzantii
422 2399 645 2433 intellectum
680 2405 757 2440 est,
795 2402 914 2446 ipsum
946 2413 1025 2434 cum
1066 2402 1222 2435 exercitu
1256 2411 1300 2433 ex
1337 2400 1511 2434 Triballis

93 2446 388 2491 Didymotichum
410 2445 595 2485 revenire,
620 2451 656 2479 et
676 2451 917 2490 protostrator
942 2448 1146 2481 universum
1171 2446 1373 2492 peditatum
1401 2447 1512 2493 equi-

93 2499 278 2538 tatumque
304 2492 459 2530 ducens,
486 2492 622 2536 magnis
646 2493 774 2537 utique
798 2504 878 2526 cum
903 2492 1040 2527 viribus
1066 2493 1327 2527 Peritheorium
1366 2492 1513 2527 devenit

95 2546 134 2574 et
165 2539 397 2585 Apocauchus
423 2536 548 2571 eodem
588 2537 797 2583 Amphipoli
825 2550 902 2572 cum
938 2540 1164 2583 septuaginta
1199 2538 1350 2572 navibus
1387 2539 1510 2572 eadem

96 2586 141 2620 de
165 2596 271 2619 causa
295 2585 484 2630 appulsus,
510 2594 588 2616 cum
611 2584 691 2618 aliis
715 2586 827 2629 copiis
861 2585 934 2619 sibi
970 2584 1248 2630 exspectandum
1283 2585 1510 2631 reditumque

96 2631 322 2677 imperatoris
359 2628 669 2663 intercludendum
711 2631 862 2664 censuit.
919 2630 1111 2676 Dispositis
1147 2637 1264 2664 autem
1299 2642 1364 2676 per
1399 2631 1509 2671 viam,

96 2683 139 2712 ut
163 2689 238 2711 mos
263 2683 338 2718 est,
365 2675 575 2710 custodibus
599 2676 645 2709 ad
668 2676 973 2723 intercipiendos,
1008 2678 1070 2722 qui
1096 2677 1190 2711 inter
1214 2676 1511 2721 Didymotichen-

94 2735 150 2758 aes
173 2729 211 2757 et
238 2724 485 2768 imperatorem
510 2728 767 2763 commearent,
804 2725 867 2769 qui
899 2722 991 2756 hanc
1021 2724 1207 2766 epistolam
1237 2723 1377 2757 ferebat
1409 2735 1507 2756 com-

92 2769 289 2816 prehensus
327 2774 364 2802 et
398 2767 443 2801 ad
470 2773 766 2813 protostratorem
798 2769 989 2814 perductus
1020 2769 1138 2816 deque
1170 2769 1301 2805 litteris
1327 2770 1510 2803 examina-
