<?xml version="1.0" encoding="UTF-8"?>
<!DOCTYPE html PUBLIC "-//W3C//DTD XHTML 1.0 Transitional//EN"
    "http://www.w3.org/TR/xhtml1/DTD/xhtml1-transitional.dtd">
<html xmlns="http://www.w3.org/1999/xhtml" xml:lang="en" lang="en">
 <head>
  <title>
</title>
<meta http-equiv="Content-Type" content="text/html;charset=utf-8" />
  <meta name='ocr-system' content='tesseract 3.04.00' />
  <meta name='ocr-capabilities' content='ocr_page ocr_carea ocr_par ocr_line ocrx_word'/>
</head>
<body>
  <div class='ocr_page' id='page_1' title='image "./corpusscriptorum24niebuoft_0473.png"; bbox 0 0 1800 3146; ppageno 0'>
   <div class='ocr_carea' id='block_1_1' title="bbox 479 145 1512 213">
    <p class='ocr_par' dir='ltr' id='par_1_1' title="bbox 479 145 1512 213">
     <span class='ocr_line' id='line_1_1' title="bbox 479 145 1512 213; baseline -0.01 -5"><span class='ocrx_word' id='word_1_1' title='bbox 479 165 856 208; x_wconf 77' lang='lat' dir='ltr'><strong>ms&#39;romARUM</strong></span> <span class='ocrx_word' id='word_1_2' title='bbox 893 168 967 207; x_wconf 88' lang='lat'>111.</span> <span class='ocrx_word' id='word_1_3' title='bbox 998 169 1067 213; x_wconf 63' lang='lat'><strong>74.</strong></span> <span class='ocrx_word' id='word_1_4' title='bbox 1409 145 1512 211; x_wconf 72' lang='lat'><strong>461</strong></span> 
     </span>
    </p>
   </div>
   <div class='ocr_carea' id='block_1_2' title="bbox 42 261 1713 1633">
    <p class='ocr_par' dir='ltr' id='par_1_2' title="bbox 42 261 1713 1633">
     <span class='ocr_line' id='line_1_2' title="bbox 94 261 1713 322; baseline 0.002 -15"><span class='ocrx_word' id='word_1_5' title='bbox 94 266 263 320; x_wconf 85' lang='grc' dir='ltr'><em>πόλεις,</em></span> <span class='ocrx_word' id='word_1_6' title='bbox 285 267 360 317; x_wconf 74' lang='grc' dir='ltr'><em>τὰς</em></span> <span class='ocrx_word' id='word_1_7' title='bbox 385 269 462 320; x_wconf 77' lang='grc' dir='ltr'><strong>μὲν</strong></span> <span class='ocrx_word' id='word_1_8' title='bbox 489 266 614 310; x_wconf 73' lang='grc' dir='ltr'><em>αὐτοὶ</em></span> <span class='ocrx_word' id='word_1_9' title='bbox 636 266 958 322; x_wconf 77' lang='grc' dir='ltr'><em>παραδεδώκασι</em></span> <span class='ocrx_word' id='word_1_10' title='bbox 986 269 1182 319; x_wconf 83' lang='grc' dir='ltr'><strong><em>Μυσοῖς,</em></strong></span> <span class='ocrx_word' id='word_1_11' title='bbox 1220 264 1296 316; x_wconf 85' lang='grc' dir='ltr'><em>τὰς</em></span> <span class='ocrx_word' id='word_1_12' title='bbox 1326 266 1366 307; x_wconf 91' lang='grc' dir='ltr'><strong>δ’</strong></span> <span class='ocrx_word' id='word_1_13' title='bbox 1392 261 1612 309; x_wconf 48' lang='lat' dir='ltr'><strong>{multu</strong></span> <span class='ocrx_word' id='word_1_14' title='bbox 1628 275 1713 320; x_wconf 75' lang='lat'>¹³43</span> 
     </span>
     <span class='ocr_line' id='line_1_3' title="bbox 95 329 1521 389; baseline -0.001 -15"><span class='ocrx_word' id='word_1_15' title='bbox 95 339 283 388; x_wconf 83' lang='grc' dir='ltr'><em>προεῖντο</em></span> <span class='ocrx_word' id='word_1_16' title='bbox 317 337 564 389; x_wconf 86' lang='grc' dir='ltr'><em>Τριβαλοῖς,·</em></span> <span class='ocrx_word' id='word_1_17' title='bbox 613 334 661 374; x_wconf 84' lang='grc' dir='ltr'><em>οὖ</em></span> <span class='ocrx_word' id='word_1_18' title='bbox 700 332 943 389; x_wconf 75' lang='grc' dir='ltr'><em>βαρβάρους</em></span> <span class='ocrx_word' id='word_1_19' title='bbox 972 329 1095 375; x_wconf 81' lang='grc' dir='ltr'><strong>αὗτοί</strong></span> <span class='ocrx_word' id='word_1_20' title='bbox 1121 334 1277 388; x_wconf 80' lang='grc' dir='ltr'><em>πρῶτοι</em></span> <span class='ocrx_word' id='word_1_21' title='bbox 1304 337 1390 381; x_wconf 84' lang='grc' dir='ltr'><em>τοῖς</em></span> <span class='ocrx_word' id='word_1_22' title='bbox 1411 329 1521 373; x_wconf 74' lang='lat' dir='ltr'><strong>‘Pm-</strong></span> 
     </span>
     <span class='ocr_line' id='line_1_4' title="bbox 93 396 1523 454; baseline -0.001 -15"><span class='ocrx_word' id='word_1_23' title='bbox 93 399 238 451; x_wconf 87' lang='grc' dir='ltr'><em>μαίοις</em></span> <span class='ocrx_word' id='word_1_24' title='bbox 264 396 467 454; x_wconf 80' lang='grc' dir='ltr'><em>ἐπήγαγον</em></span> <span class='ocrx_word' id='word_1_25' title='bbox 493 398 764 441; x_wconf 76' lang='grc' dir='ltr'><em>Μακεδονίαν</em></span> <span class='ocrx_word' id='word_1_26' title='bbox 803 400 1118 453; x_wconf 79' lang='grc' dir='ltr'><em>κατατρέχοντες</em></span> <span class='ocrx_word' id='word_1_27' title='bbox 1159 399 1232 438; x_wconf 82' lang='grc' dir='ltr'>καί</span> <span class='ocrx_word' id='word_1_28' title='bbox 1269 397 1523 451; x_wconf 66' lang='grc' dir='ltr'><em>ἐξανδραπο-</em></span> 
     </span>
     <span class='ocr_line' id='line_1_5' title="bbox 98 461 1523 520; baseline -0.001 -17"><span class='ocrx_word' id='word_1_29' title='bbox 98 462 317 516; x_wconf 90' lang='grc' dir='ltr'><em>διζόμενοι,</em></span> <span class='ocrx_word' id='word_1_30' title='bbox 350 463 654 516; x_wconf 70' lang='grc' dir='ltr'><em>ὥςπολεμίανς</em></span> <span class='ocrx_word' id='word_1_31' title='bbox 684 463 735 504; x_wconf 75' lang='grc' dir='ltr'><em>οὔ</em></span> <span class='ocrx_word' id='word_1_32' title='bbox 759 463 923 520; x_wconf 76' lang='grc' dir='ltr'><em>Θρᾴκην</em></span> <span class='ocrx_word' id='word_1_33' title='bbox 950 465 1091 505; x_wconf 78' lang='grc' dir='ltr'><em>πᾶσαν</em></span> <span class='ocrx_word' id='word_1_34' title='bbox 1119 468 1211 511; x_wconf 87' lang='grc' dir='ltr'><em>ταῖς</em></span> <span class='ocrx_word' id='word_1_35' title='bbox 1237 468 1412 516; x_wconf 82' lang='grc' dir='ltr'><em>συχναῖς</em></span> <span class='ocrx_word' id='word_1_36' title='bbox 1442 461 1523 502; x_wconf 79' lang='grc' dir='ltr'><strong>αὕ-</strong></span> 
     </span>
     <span class='ocr_line' id='line_1_6' title="bbox 66 523 1523 584; baseline -0.001 -14"><span class='ocrx_word' id='word_1_37' title='bbox 66 530 161 577; x_wconf 81' lang='grc' dir='ltr'><strong>5τοί</strong></span> <span class='ocrx_word' id='word_1_38' title='bbox 182 531 417 584; x_wconf 76' lang='grc' dir='ltr'><em>στρατείαις</em></span> <span class='ocrx_word' id='word_1_39' title='bbox 444 529 631 584; x_wconf 77' lang='grc' dir='ltr'><em>ἀοίκητον</em></span> <span class='ocrx_word' id='word_1_40' title='bbox 658 531 901 580; x_wconf 75' lang='grc' dir='ltr'><em>α’πέδειξανς</em></span> <span class='ocrx_word' id='word_1_41' title='bbox 930 529 978 570; x_wconf 82' lang='grc' dir='ltr'><em>οὕ</em></span> <span class='ocrx_word' id='word_1_42' title='bbox 1004 530 1109 582; x_wconf 78' lang='grc' dir='ltr'><em>χθὲς</em></span> <span class='ocrx_word' id='word_1_43' title='bbox 1136 531 1209 570; x_wconf 79' lang='grc' dir='ltr'><strong><em>καί</em></strong></span> <span class='ocrx_word' id='word_1_44' title='bbox 1234 527 1375 582; x_wconf 80' lang='grc' dir='ltr'><em>πρώην</em></span> <span class='ocrx_word' id='word_1_45' title='bbox 1395 523 1523 583; x_wconf 66' lang='grc' dir='ltr'><em>Μόρ-</em></span> 
     </span>
     <span class='ocr_line' id='line_1_7' title="bbox 95 593 1521 650; baseline 0 -15"><span class='ocrx_word' id='word_1_46' title='bbox 95 593 173 649; x_wconf 77' lang='grc' dir='ltr'><strong>ῥαν</strong></span> <span class='ocrx_word' id='word_1_47' title='bbox 201 596 457 650; x_wconf 76' lang='grc' dir='ltr'><em>διέφθειρον,</em></span> <span class='ocrx_word' id='word_1_48' title='bbox 486 595 542 644; x_wconf 77' lang='grc' dir='ltr'><em>ὥς</em></span> <span class='ocrx_word' id='word_1_49' title='bbox 569 594 642 636; x_wconf 72' lang='grc' dir='ltr'><strong>ὑπ’</strong></span> <span class='ocrx_word' id='word_1_50' title='bbox 666 595 761 647; x_wconf 72' lang='grc' dir='ltr'><em>ἐμοὶ</em></span> <span class='ocrx_word' id='word_1_51' title='bbox 782 596 1008 646; x_wconf 75' lang='grc' dir='ltr'><em>τελοῦσανς</em></span> <span class='ocrx_word' id='word_1_52' title='bbox 1047 596 1099 635; x_wconf 82' lang='grc' dir='ltr'><em>ου’</em></span> <span class='ocrx_word' id='word_1_53' title='bbox 1125 593 1202 643; x_wconf 77' lang='grc' dir='ltr'><em>τὰς</em></span> <span class='ocrx_word' id='word_1_54' title='bbox 1227 594 1368 642; x_wconf 80' lang='grc' dir='ltr'><em>κοινάς</em></span> <span class='ocrx_word' id='word_1_55' title='bbox 1396 610 1521 648; x_wconf 85' lang='grc' dir='ltr'><em>προσ-</em></span> 
     </span>
     <span class='ocr_line' id='line_1_8' title="bbox 94 657 1558 715; baseline 0.001 -15"><span class='ocrx_word' id='word_1_56' title='bbox 94 657 214 708; x_wconf 81' lang='grc' dir='ltr'><em>όδους</em></span> <span class='ocrx_word' id='word_1_57' title='bbox 255 659 391 709; x_wconf 88' lang='grc' dir='ltr'><em>πάσας</em></span> <span class='ocrx_word' id='word_1_58' title='bbox 429 659 625 715; x_wconf 83' lang='grc' dir='ltr'><em>ἐποίησαν</em></span> <span class='ocrx_word' id='word_1_59' title='bbox 654 660 870 701; x_wconf 86' lang='grc' dir='ltr'><em>α’πολιπεῖν</em></span> <span class='ocrx_word' id='word_1_60' title='bbox 886 678 900 712; x_wconf 90' lang='grc'><strong>,·</strong></span> <span class='ocrx_word' id='word_1_61' title='bbox 940 662 992 700; x_wconf 81' lang='grc' dir='ltr'><em>ου’</em></span> <span class='ocrx_word' id='word_1_62' title='bbox 1017 661 1092 715; x_wconf 80' lang='grc' dir='ltr'><em>τῆς</em></span> <span class='ocrx_word' id='word_1_63' title='bbox 1118 662 1320 714; x_wconf 82' lang='grc' dir='ltr'><em>στρατιᾶς</em></span> <span class='ocrx_word' id='word_1_64' title='bbox 1346 657 1391 701; x_wconf 81' lang='grc' dir='ltr'><strong>τὸ</strong></span> <span class='ocrx_word' id='word_1_65' title='bbox 1421 662 1520 713; x_wconf 83' lang='grc' dir='ltr'><em>μὲν,</em></span> <span class='ocrx_word' id='word_1_66' title='bbox 1555 688 1558 692; x_wconf 91' lang='grc'><strong>-</strong></span> 
     </span>
     <span class='ocr_line' id='line_1_9' title="bbox 91 722 1648 782; baseline -0.002 -16"><span class='ocrx_word' id='word_1_67' title='bbox 91 723 150 773; x_wconf 77' lang='grc' dir='ltr'><em>ὥς</em></span> <span class='ocrx_word' id='word_1_68' title='bbox 169 725 377 779; x_wconf 80' lang='grc' dir='ltr'><em>πολέμιον,</em></span> <span class='ocrx_word' id='word_1_69' title='bbox 405 726 525 767; x_wconf 75' lang='grc' dir='ltr'><strong>αιῖτοί</strong></span> <span class='ocrx_word' id='word_1_70' title='bbox 548 727 806 782; x_wconf 76' lang='grc' dir='ltr'><em>διέφθειραν,</em></span> <span class='ocrx_word' id='word_1_71' title='bbox 834 726 908 766; x_wconf 81' lang='grc' dir='ltr'><em>τοῦ</em></span> <span class='ocrx_word' id='word_1_72' title='bbox 936 726 982 766; x_wconf 80' lang='grc' dir='ltr'><strong>δὲ</strong></span> <span class='ocrx_word' id='word_1_73' title='bbox 1005 726 1229 780; x_wconf 77' lang='grc' dir='ltr'><em>ἠμέλησαν,</em></span> <span class='ocrx_word' id='word_1_74' title='bbox 1247 723 1302 773; x_wconf 80' lang='grc' dir='ltr'><em>ὦς</em></span> <span class='ocrx_word' id='word_1_75' title='bbox 1318 722 1514 779; x_wconf 75' lang='grc' dir='ltr'><em>ὑπόπτου,</em></span> <span class='ocrx_word' id='word_1_76' title='bbox 1529 729 1563 764; x_wconf 87' lang='grc' dir='ltr'><strong>Ρ.</strong></span> <span class='ocrx_word' id='word_1_77' title='bbox 1577 730 1648 776; x_wconf 85' lang='grc'><strong>609</strong></span> 
     </span>
     <span class='ocr_line' id='line_1_10' title="bbox 91 789 1524 847; baseline 0.001 -16"><span class='ocrx_word' id='word_1_78' title='bbox 91 790 227 845; x_wconf 73' lang='grc' dir='ltr'><em>ὀλίγον</em></span> <span class='ocrx_word' id='word_1_79' title='bbox 263 792 310 832; x_wconf 80' lang='grc' dir='ltr'><strong>δὲ</strong></span> <span class='ocrx_word' id='word_1_80' title='bbox 347 791 409 833; x_wconf 83' lang='grc' dir='ltr'><em>ἔτι</em></span> <span class='ocrx_word' id='word_1_81' title='bbox 439 789 486 833; x_wconf 84' lang='grc' dir='ltr'><strong>τὸ</strong></span> <span class='ocrx_word' id='word_1_82' title='bbox 521 789 762 844; x_wconf 88' lang='grc' dir='ltr'><em>λειπόμενον</em></span> <span class='ocrx_word' id='word_1_83' title='bbox 788 792 860 832; x_wconf 84' lang='grc' dir='ltr'>καί</span> <span class='ocrx_word' id='word_1_84' title='bbox 885 794 1071 847; x_wconf 81' lang='grc' dir='ltr'><em>φαῦλον,·</em></span> <span class='ocrx_word' id='word_1_85' title='bbox 1122 790 1218 843; x_wconf 75' lang='grc' dir='ltr'><em>ἐμοὶ</em></span> <span class='ocrx_word' id='word_1_86' title='bbox 1247 793 1293 832; x_wconf 77' lang='grc' dir='ltr'><strong>δὲ</strong></span> <span class='ocrx_word' id='word_1_87' title='bbox 1319 793 1367 832; x_wconf 86' lang='grc' dir='ltr'><em>τί</em></span> <span class='ocrx_word' id='word_1_88' title='bbox 1386 795 1524 833; x_wconf 79' lang='grc' dir='ltr'><em>τοιοῦ-</em></span> 
     </span>
     <span class='ocr_line' id='line_1_11' title="bbox 47 853 1526 911; baseline 0 -13"><span class='ocrx_word' id='word_1_89' title='bbox 47 854 434 911; x_wconf 78' lang='grc' dir='ltr'><em>ιοτονέἴργασται,·</em></span> <span class='ocrx_word' id='word_1_90' title='bbox 464 855 571 910; x_wconf 76' lang='grc' dir='ltr'><em>πλὴν</em></span> <span class='ocrx_word' id='word_1_91' title='bbox 598 853 662 897; x_wconf 80' lang='grc' dir='ltr'><em>ὅτι</em></span> <span class='ocrx_word' id='word_1_92' title='bbox 690 855 903 909; x_wconf 79' lang='grc' dir='ltr'><em>α’μύνομαι</em></span> <span class='ocrx_word' id='word_1_93' title='bbox 933 854 1124 905; x_wconf 80' lang='grc' dir='ltr'><em>ἐπιόντας</em></span> <span class='ocrx_word' id='word_1_94' title='bbox 1160 855 1430 906; x_wconf 75' lang='grc' dir='ltr'><em>καίΜυσούς</em></span> <span class='ocrx_word' id='word_1_95' title='bbox 1452 860 1526 899; x_wconf 72' lang='grc' dir='ltr'><em>καὶ</em></span> 
     </span>
     <span class='ocr_line' id='line_1_12' title="bbox 100 918 1525 976; baseline 0.001 -13"><span class='ocrx_word' id='word_1_96' title='bbox 100 920 358 976; x_wconf 78' lang='grc' dir='ltr'><em>Τριβαλούς,</em></span> <span class='ocrx_word' id='word_1_97' title='bbox 406 923 477 963; x_wconf 83' lang='grc' dir='ltr'><strong><em>καί</em></strong></span> <span class='ocrx_word' id='word_1_98' title='bbox 515 919 592 976; x_wconf 71' lang='grc' dir='ltr'><strong>τὴν</strong></span> <span class='ocrx_word' id='word_1_99' title='bbox 615 921 842 974; x_wconf 70' lang='grc' dir='ltr'><strong>εΡωμαίων</strong></span> <span class='ocrx_word' id='word_1_100' title='bbox 868 921 1196 976; x_wconf 71' lang='grc' dir='ltr'><em>ὑπολειπομένην</em></span> <span class='ocrx_word' id='word_1_101' title='bbox 1223 918 1423 975; x_wconf 77' lang='grc' dir='ltr'><em>ἐπάγουσι</em></span> <span class='ocrx_word' id='word_1_102' title='bbox 1451 920 1525 964; x_wconf 84' lang='grc' dir='ltr'><strong>δυ’-</strong></span> 
     </span>
     <span class='ocr_line' id='line_1_13' title="bbox 93 985 1524 1044; baseline 0.001 -15"><span class='ocrx_word' id='word_1_103' title='bbox 93 1003 217 1040; x_wconf 87' lang='grc' dir='ltr'><em>ναμιν</em></span> <span class='ocrx_word' id='word_1_104' title='bbox 242 986 301 1042; x_wconf 75' lang='grc' dir='ltr'><strong>μή</strong></span> <span class='ocrx_word' id='word_1_105' title='bbox 332 985 558 1040; x_wconf 84' lang='grc' dir='ltr'><em>δυνάμενος</em></span> <span class='ocrx_word' id='word_1_106' title='bbox 588 986 976 1039; x_wconf 72' lang='grc' dir='ltr'><em>ἀντικαθίστασθαι,</em></span> <span class='ocrx_word' id='word_1_107' title='bbox 1006 989 1048 1037; x_wconf 79' lang='grc' dir='ltr'><strong>ἐξ</strong></span> <span class='ocrx_word' id='word_1_108' title='bbox 1077 986 1254 1042; x_wconf 77' lang='grc' dir='ltr'><em>ἀνάγκης</em></span> <span class='ocrx_word' id='word_1_109' title='bbox 1283 990 1524 1044; x_wconf 84' lang='grc' dir='ltr'><em>βαρβάρους</em></span> 
     </span>
     <span class='ocr_line' id='line_1_14' title="bbox 91 1049 1525 1108; baseline 0.001 -13"><span class='ocrx_word' id='word_1_110' title='bbox 91 1051 344 1107; x_wconf 87' lang='grc' dir='ltr'><em>συμμάχους</em></span> <span class='ocrx_word' id='word_1_111' title='bbox 379 1055 718 1108; x_wconf 83' lang='grc' dir='ltr'><em>προσκαλοῦμαι,</em></span> <span class='ocrx_word' id='word_1_112' title='bbox 761 1049 899 1107; x_wconf 68' lang='grc' dir='ltr'><em>ὥσπερ</em></span> <span class='ocrx_word' id='word_1_113' title='bbox 943 1051 1171 1108; x_wconf 75' lang='grc' dir='ltr'><em>ἐδιδάχθην</em></span> <span class='ocrx_word' id='word_1_114' title='bbox 1201 1053 1275 1095; x_wconf 73' lang='grc' dir='ltr'><strong>ὑπ’</strong></span> <span class='ocrx_word' id='word_1_115' title='bbox 1300 1050 1450 1098; x_wconf 66' lang='grc' dir='ltr'><em>αὐτῶν.</em></span> <span class='ocrx_word' id='word_1_116' title='bbox 1481 1054 1525 1097; x_wconf 80' lang='grc' dir='ltr'><strong>ὅ·</strong></span> 
     </span>
     <span class='ocr_line' id='line_1_15' title="bbox 91 1113 1527 1173; baseline 0.002 -14"><span class='ocrx_word' id='word_1_117' title='bbox 91 1118 263 1171; x_wconf 87' lang='grc' dir='ltr'><em>πότερος</em></span> <span class='ocrx_word' id='word_1_118' title='bbox 305 1113 377 1159; x_wconf 75' lang='grc' dir='ltr'><strong>οὖν</strong></span> <span class='ocrx_word' id='word_1_119' title='bbox 413 1120 484 1172; x_wconf 79' lang='grc' dir='ltr'><em>τῆς</em></span> <span class='ocrx_word' id='word_1_120' title='bbox 522 1120 690 1173; x_wconf 73' lang='grc' dir='ltr'><em>φθορᾶς</em></span> <span class='ocrx_word' id='word_1_121' title='bbox 726 1119 798 1159; x_wconf 76' lang='grc' dir='ltr'><strong><em>καί</em></strong></span> <span class='ocrx_word' id='word_1_122' title='bbox 821 1121 892 1172; x_wconf 83' lang='grc' dir='ltr'><em>τῆς</em></span> <span class='ocrx_word' id='word_1_123' title='bbox 920 1118 1141 1171; x_wconf 82' lang='grc' dir='ltr'><em>λεηλασίας</em></span> <span class='ocrx_word' id='word_1_124' title='bbox 1169 1117 1327 1171; x_wconf 85' lang='grc' dir='ltr'><em>αἴτιος,</em></span> <span class='ocrx_word' id='word_1_125' title='bbox 1369 1122 1527 1172; x_wconf 81' lang='grc' dir='ltr'><em>μᾶλλον</em></span> 
     </span>
     <span class='ocr_line' id='line_1_16' title="bbox 44 1178 1527 1241; baseline 0.001 -15"><span class='ocrx_word' id='word_1_126' title='bbox 44 1185 139 1227; x_wconf 79' lang='grc' dir='ltr'><strong>ιόδὲ</strong></span> <span class='ocrx_word' id='word_1_127' title='bbox 189 1183 444 1239; x_wconf 71' lang='grc' dir='ltr'><em>αὔτουργόςς</em></span> <span class='ocrx_word' id='word_1_128' title='bbox 483 1183 532 1224; x_wconf 76' lang='grc' dir='ltr'><em>οὕ</em></span> <span class='ocrx_word' id='word_1_129' title='bbox 534 1200 566 1236; x_wconf 86' lang='grc' dir='ltr'><strong><em>χ</em></strong></span> <span class='ocrx_word' id='word_1_130' title='bbox 616 1178 761 1235; x_wconf 72' lang='grc' dir='ltr'><em>οὖτοις</em></span> <span class='ocrx_word' id='word_1_131' title='bbox 806 1186 1029 1236; x_wconf 85' lang='grc' dir='ltr'><em>συμβαίνει</em></span> <span class='ocrx_word' id='word_1_132' title='bbox 1074 1185 1120 1224; x_wconf 81' lang='grc' dir='ltr'><strong>δὲ</strong></span> <span class='ocrx_word' id='word_1_133' title='bbox 1159 1186 1298 1233; x_wconf 77' lang='grc' dir='ltr'><em>αὐτοῖς</em></span> <span class='ocrx_word' id='word_1_134' title='bbox 1331 1185 1527 1241; x_wconf 66' lang='grc' dir='ltr'><em>ὡσπερὰν</em></span> 
     </span>
     <span class='ocr_line' id='line_1_17' title="bbox 93 1247 1527 1304; baseline 0.001 -14"><span class='ocrx_word' id='word_1_135' title='bbox 93 1248 139 1292; x_wconf 87' lang='grc' dir='ltr'><em>εἴ</em></span> <span class='ocrx_word' id='word_1_136' title='bbox 157 1265 220 1298; x_wconf 84' lang='grc' dir='ltr'><strong>τις</strong></span> <span class='ocrx_word' id='word_1_137' title='bbox 247 1251 306 1299; x_wconf 83' lang='grc' dir='ltr'><strong>εἰς</strong></span> <span class='ocrx_word' id='word_1_138' title='bbox 334 1247 512 1304; x_wconf 76' lang='grc' dir='ltr'><em>οὐρανὸν</em></span> <span class='ocrx_word' id='word_1_139' title='bbox 539 1248 742 1300; x_wconf 76' lang='grc' dir='ltr'><em>τοξεύων,</em></span> <span class='ocrx_word' id='word_1_140' title='bbox 772 1247 914 1290; x_wconf 68' lang='grc' dir='ltr'><em>ἔπειτα</em></span> <span class='ocrx_word' id='word_1_141' title='bbox 942 1248 1278 1304; x_wconf 86' lang='grc' dir='ltr'><em>περιπειρόμενος</em></span> <span class='ocrx_word' id='word_1_142' title='bbox 1305 1250 1527 1293; x_wconf 52' lang='lat' dir='ltr'><strong>‘tinomau-</strong></span> 
     </span>
     <span class='ocr_line' id='line_1_18' title="bbox 92 1310 1557 1372; baseline 0.001 -16"><span class='ocrx_word' id='word_1_143' title='bbox 92 1314 218 1357; x_wconf 90' lang='grc' dir='ltr'><em>όντων</em></span> <span class='ocrx_word' id='word_1_144' title='bbox 256 1317 339 1357; x_wconf 79' lang='grc' dir='ltr'><strong>τῶν</strong></span> <span class='ocrx_word' id='word_1_145' title='bbox 375 1316 534 1368; x_wconf 78' lang='grc' dir='ltr'><em>βελῶν,</em></span> <span class='ocrx_word' id='word_1_146' title='bbox 577 1315 658 1368; x_wconf 79' lang='grc' dir='ltr'><em>οιῖχ</em></span> <span class='ocrx_word' id='word_1_147' title='bbox 699 1310 859 1370; x_wconf 72' lang='grc' dir='ltr'><em>ἑαυτῷ,</em></span> <span class='ocrx_word' id='word_1_148' title='bbox 903 1316 994 1355; x_wconf 74' lang='grc' dir='ltr'><em>ἄλλ’</em></span> <span class='ocrx_word' id='word_1_149' title='bbox 1023 1314 1187 1372; x_wconf 73' lang='grc' dir='ltr'><em>οὐρανῷ</em></span> <span class='ocrx_word' id='word_1_150' title='bbox 1216 1318 1525 1370; x_wconf 78' lang='grc' dir='ltr'><em>προσλογίζοιτο</em></span> <span class='ocrx_word' id='word_1_151' title='bbox 1554 1329 1557 1336; x_wconf 90' lang='grc'><em>·</em></span> 
     </span>
     <span class='ocr_line' id='line_1_19' title="bbox 91 1374 1526 1434; baseline 0.001 -12"><span class='ocrx_word' id='word_1_152' title='bbox 91 1380 169 1434; x_wconf 78' lang='grc' dir='ltr'><strong>τὴν</strong></span> <span class='ocrx_word' id='word_1_153' title='bbox 207 1380 346 1422; x_wconf 84' lang='grc' dir='ltr'><em>αἰτίαν</em></span> <span class='ocrx_word' id='word_1_154' title='bbox 385 1382 460 1434; x_wconf 79' lang='grc' dir='ltr'><em>τῆς</em></span> <span class='ocrx_word' id='word_1_155' title='bbox 497 1383 666 1434; x_wconf 74' lang='grc' dir='ltr'><em>πληγῆς.</em></span> <span class='ocrx_word' id='word_1_156' title='bbox 740 1376 806 1420; x_wconf 76' lang='grc' dir='ltr'><em>ὅτι</em></span> <span class='ocrx_word' id='word_1_157' title='bbox 832 1381 910 1432; x_wconf 83' lang='grc' dir='ltr'><strong>μὲν</strong></span> <span class='ocrx_word' id='word_1_158' title='bbox 937 1374 1011 1421; x_wconf 78' lang='grc' dir='ltr'><strong>οὖν</strong></span> <span class='ocrx_word' id='word_1_159' title='bbox 1039 1379 1113 1433; x_wconf 83' lang='grc' dir='ltr'><strong>τήν</strong></span> <span class='ocrx_word' id='word_1_160' title='bbox 1143 1396 1189 1421; x_wconf 88' lang='grc' dir='ltr'><em>τε</em></span> <span class='ocrx_word' id='word_1_161' title='bbox 1218 1380 1320 1422; x_wconf 80' lang='grc' dir='ltr'><em>κατὰ</em></span> <span class='ocrx_word' id='word_1_162' title='bbox 1346 1381 1422 1431; x_wconf 79' lang='grc' dir='ltr'><em>τάς</em></span> <span class='ocrx_word' id='word_1_163' title='bbox 1449 1382 1526 1423; x_wconf 88' lang='grc' dir='ltr'><strong>πό-</strong></span> 
     </span>
     <span class='ocr_line' id='line_1_20' title="bbox 93 1442 1625 1501; baseline 0.003 -14"><span class='ocrx_word' id='word_1_164' title='bbox 93 1451 178 1495; x_wconf 87' lang='grc' dir='ltr'><em>λεις</em></span> <span class='ocrx_word' id='word_1_165' title='bbox 206 1442 423 1500; x_wconf 74' lang='grc' dir='ltr'><em>ἀμύθητον</em></span> <span class='ocrx_word' id='word_1_166' title='bbox 455 1444 683 1495; x_wconf 68' lang='grc' dir='ltr'><em>“Ρωμαίων</em></span> <span class='ocrx_word' id='word_1_167' title='bbox 713 1445 951 1498; x_wconf 59' lang='grc' dir='ltr'><strong>Γδυστυχίαν</strong></span> <span class='ocrx_word' id='word_1_168' title='bbox 996 1445 1120 1487; x_wconf 72' lang='grc' dir='ltr'><em>αὐτοὶ</em></span> <span class='ocrx_word' id='word_1_169' title='bbox 1157 1447 1403 1501; x_wconf 80' lang='grc' dir='ltr'><em>εἰργάσαντο</em></span> <span class='ocrx_word' id='word_1_170' title='bbox 1455 1451 1526 1491; x_wconf 76' lang='grc' dir='ltr'><em>καί</em></span> <span class='ocrx_word' id='word_1_171' title='bbox 1537 1451 1564 1483; x_wconf 85' lang='grc' dir='ltr'><em>Β</em></span> <span class='ocrx_word' id='word_1_172' title='bbox 1622 1484 1625 1485; x_wconf 23' lang='lat'><em>⁷</em></span> 
     </span>
     <span class='ocr_line' id='line_1_21' title="bbox 42 1506 1524 1567; baseline -0.002 -15"><span class='ocrx_word' id='word_1_173' title='bbox 42 1514 165 1555; x_wconf 69' lang='lat'>201013</span> <span class='ocrx_word' id='word_1_174' title='bbox 200 1510 541 1565; x_wconf 72' lang='grc' dir='ltr'><em>ἀνδραποδισμοῦ</em></span> <span class='ocrx_word' id='word_1_175' title='bbox 578 1511 651 1549; x_wconf 82' lang='grc' dir='ltr'><em>καί</em></span> <span class='ocrx_word' id='word_1_176' title='bbox 686 1510 758 1562; x_wconf 77' lang='grc' dir='ltr'><em>τῆς</em></span> <span class='ocrx_word' id='word_1_177' title='bbox 786 1511 1005 1562; x_wconf 85' lang='grc' dir='ltr'><em>λεηλασίας</em></span> <span class='ocrx_word' id='word_1_178' title='bbox 1031 1512 1100 1564; x_wconf 80' lang='grc' dir='ltr'><em>τῆς</em></span> <span class='ocrx_word' id='word_1_179' title='bbox 1129 1506 1256 1565; x_wconf 70' lang='grc' dir='ltr'><em>ἄλλης</em></span> <span class='ocrx_word' id='word_1_180' title='bbox 1282 1511 1428 1567; x_wconf 75' lang='grc' dir='ltr'><em>χώρας</em></span> <span class='ocrx_word' id='word_1_181' title='bbox 1457 1515 1524 1555; x_wconf 83' lang='grc' dir='ltr'><em>αἰ.</em></span> 
     </span>
     <span class='ocr_line' id='line_1_22' title="bbox 92 1569 1524 1633; baseline 0.001 -15"><span class='ocrx_word' id='word_1_182' title='bbox 92 1578 282 1619; x_wconf 61' lang='lat' dir='ltr'><strong>unitatae</strong></span> <span class='ocrx_word' id='word_1_183' title='bbox 311 1574 445 1628; x_wconf 70' lang='grc' dir='ltr'><em>αὐτοί,</em></span> <span class='ocrx_word' id='word_1_184' title='bbox 471 1575 572 1628; x_wconf 90' lang='grc' dir='ltr'><em>μηδ’</em></span> <span class='ocrx_word' id='word_1_185' title='bbox 588 1569 729 1628; x_wconf 74' lang='grc' dir='ltr'><em>ἄκροις</em></span> <span class='ocrx_word' id='word_1_186' title='bbox 758 1573 839 1616; x_wconf 69' lang='grc' dir='ltr'><em>αῗσί</em></span> <span class='ocrx_word' id='word_1_187' title='bbox 866 1573 1200 1628; x_wconf 85' lang='grc' dir='ltr'><em>παραδεχόμενοι</em></span> <span class='ocrx_word' id='word_1_188' title='bbox 1230 1576 1305 1631; x_wconf 77' lang='grc' dir='ltr'><strong>τὴν</strong></span> <span class='ocrx_word' id='word_1_189' title='bbox 1333 1578 1524 1633; x_wconf 81' lang='grc' dir='ltr'><em>εἰρήνην,</em></span> 
     </span>
    </p>
   </div>
   <div class='ocr_carea' id='block_1_3' title="bbox 135 1643 346 1661">
    <p class='ocr_par' dir='ltr' id='par_1_3' title="bbox 135 1643 346 1661">
     <span class='ocr_line' id='line_1_23' title="bbox 135 1643 346 1661; baseline -0.005 -5"><span class='ocrx_word' id='word_1_190' title='bbox 135 1643 346 1661; x_wconf 62' lang='grc' dir='ltr'><em>ιιιιι</em></span> 
     </span>
    </p>
   </div>
   <div class='ocr_carea' id='block_1_4' title="bbox 91 1638 1524 1696">
    <p class='ocr_par' dir='ltr' id='par_1_4' title="bbox 91 1638 1524 1696">
     <span class='ocr_line' id='line_1_24' title="bbox 91 1638 1524 1696; baseline 0.001 -11"><span class='ocrx_word' id='word_1_191' title='bbox 91 1643 131 1685; x_wconf 78' lang='grc' dir='ltr'><strong>ἵν</strong></span> <span class='ocrx_word' id='word_1_192' title='bbox 171 1659 245 1696; x_wconf 85' lang='grc' dir='ltr'><strong>εμε</strong></span> <span class='ocrx_word' id='word_1_193' title='bbox 274 1646 451 1684; x_wconf 87' lang='grc' dir='ltr'><em>ανελωσι</em></span> <span class='ocrx_word' id='word_1_194' title='bbox 476 1638 626 1694; x_wconf 88' lang='grc' dir='ltr'><em>μόνον,</em></span> <span class='ocrx_word' id='word_1_195' title='bbox 662 1640 707 1680; x_wconf 81' lang='grc' dir='ltr'><strong>ἐκ</strong></span> <span class='ocrx_word' id='word_1_196' title='bbox 733 1640 890 1682; x_wconf 83' lang='grc' dir='ltr'><em>τούτων</em></span> <span class='ocrx_word' id='word_1_197' title='bbox 918 1641 1055 1694; x_wconf 74' lang='grc' dir='ltr'><em>δῆλον.</em></span> <span class='ocrx_word' id='word_1_198' title='bbox 1114 1639 1247 1684; x_wconf 79' lang='grc' dir='ltr'><em>ἔπεισι</em></span> <span class='ocrx_word' id='word_1_199' title='bbox 1276 1644 1323 1684; x_wconf 83' lang='grc' dir='ltr'><strong>δέ</strong></span> <span class='ocrx_word' id='word_1_200' title='bbox 1349 1659 1422 1696; x_wconf 86' lang='grc' dir='ltr'><strong>μοι</strong></span> <span class='ocrx_word' id='word_1_201' title='bbox 1449 1647 1524 1686; x_wconf 78' lang='grc' dir='ltr'><em>τοῦ</em></span> 
     </span>
    </p>
   </div>
   <div class='ocr_carea' id='block_1_5' title="bbox 90 1787 1531 2814">
    <p class='ocr_par' dir='ltr' id='par_1_5' title="bbox 90 1787 1531 2814">
     <span class='ocr_line' id='line_1_25' title="bbox 91 1787 1525 1837; baseline 0.001 -14"><span class='ocrx_word' id='word_1_202' title='bbox 91 1792 330 1835; x_wconf 87' lang='lat' dir='ltr'>inspectorem</span> <span class='ocrx_word' id='word_1_203' title='bbox 367 1787 588 1822; x_wconf 88' lang='lat' dir='ltr'><strong>occultorum</strong></span> <span class='ocrx_word' id='word_1_204' title='bbox 634 1787 914 1832; x_wconf 86' lang='lat' dir='ltr'><strong>abditorumque</strong></span> <span class='ocrx_word' id='word_1_205' title='bbox 953 1788 1111 1821; x_wconf 88' lang='lat' dir='ltr'><strong>omnium</strong></span> <span class='ocrx_word' id='word_1_206' title='bbox 1153 1794 1278 1822; x_wconf 81' lang='lat' dir='ltr'><strong>testem</strong></span> <span class='ocrx_word' id='word_1_207' title='bbox 1314 1790 1450 1837; x_wconf 83' lang='lat' dir='ltr'><strong>laudo‚)</strong></span> <span class='ocrx_word' id='word_1_208' title='bbox 1486 1793 1525 1826; x_wconf 91' lang='lat' dir='ltr'><strong>in</strong></span> 
     </span>
     <span class='ocr_line' id='line_1_26' title="bbox 91 1834 1524 1882; baseline 0.002 -13"><span class='ocrx_word' id='word_1_209' title='bbox 91 1836 273 1869; x_wconf 86' lang='lat' dir='ltr'><strong>communi</strong></span> <span class='ocrx_word' id='word_1_210' title='bbox 300 1836 460 1868; x_wconf 86' lang='lat' dir='ltr'><strong>utilitate</strong></span> <span class='ocrx_word' id='word_1_211' title='bbox 487 1834 663 1868; x_wconf 82' lang='lat' dir='ltr'><strong>collocare</strong></span> <span class='ocrx_word' id='word_1_212' title='bbox 689 1839 892 1867; x_wconf 76' lang='lat' dir='ltr'><strong>statueram.</strong></span> <span class='ocrx_word' id='word_1_213' title='bbox 956 1834 1086 1868; x_wconf 86' lang='lat' dir='ltr'><strong>Nonne</strong></span> <span class='ocrx_word' id='word_1_214' title='bbox 1123 1834 1229 1868; x_wconf 85' lang='lat' dir='ltr'><strong>urbes</strong></span> <span class='ocrx_word' id='word_1_215' title='bbox 1264 1837 1351 1870; x_wconf 84' lang='lat' dir='ltr'><strong>alias</strong></span> <span class='ocrx_word' id='word_1_216' title='bbox 1377 1838 1524 1882; x_wconf 84' lang='lat' dir='ltr'><strong>quidem</strong></span> 
     </span>
     <span class='ocr_line' id='line_1_27' title="bbox 90 1879 1526 1926; baseline 0.001 -10"><span class='ocrx_word' id='word_1_217' title='bbox 90 1883 224 1916; x_wconf 85' lang='lat' dir='ltr'><strong>Moesis</strong></span> <span class='ocrx_word' id='word_1_218' title='bbox 254 1881 507 1921; x_wconf 76' lang='lat' dir='ltr'><strong>tradiderunt,</strong></span> <span class='ocrx_word' id='word_1_219' title='bbox 541 1881 631 1914; x_wconf 83' lang='lat' dir='ltr'><strong>alias</strong></span> <span class='ocrx_word' id='word_1_220' title='bbox 665 1880 821 1914; x_wconf 84' lang='lat' dir='ltr'><strong>libentes</strong></span> <span class='ocrx_word' id='word_1_221' title='bbox 860 1879 1036 1913; x_wconf 78' lang='lat' dir='ltr'>Triballis</span> <span class='ocrx_word' id='word_1_222' title='bbox 1070 1882 1338 1926; x_wconf 77' lang='lat' dir='ltr'><strong>permiserunt?</strong></span> <span class='ocrx_word' id='word_1_223' title='bbox 1397 1885 1526 1918; x_wconf 93' lang='lat' dir='ltr'><strong>Nonne</strong></span> 
     </span>
     <span class='ocr_line' id='line_1_28' title="bbox 90 1927 1528 1974; baseline 0.001 -10"><span class='ocrx_word' id='word_1_224' title='bbox 90 1930 261 1964; x_wconf 85' lang='lat' dir='ltr'><strong>barbaros</strong></span> <span class='ocrx_word' id='word_1_225' title='bbox 294 1929 363 1973; x_wconf 89' lang='lat' dir='ltr'><strong>ipsi</strong></span> <span class='ocrx_word' id='word_1_226' title='bbox 400 1929 508 1972; x_wconf 88' lang='lat' dir='ltr'><strong>primi</strong></span> <span class='ocrx_word' id='word_1_227' title='bbox 540 1928 707 1961; x_wconf 87' lang='lat' dir='ltr'><strong>Romanis</strong></span> <span class='ocrx_word' id='word_1_228' title='bbox 752 1928 974 1960; x_wconf 81' lang='lat' dir='ltr'><strong>induxerunt</strong></span> <span class='ocrx_word' id='word_1_229' title='bbox 1023 1927 1342 1974; x_wconf 79' lang='lat' dir='ltr'><strong>Macedoniamque</strong></span> <span class='ocrx_word' id='word_1_230' title='bbox 1367 1930 1528 1965; x_wconf 88' lang='lat' dir='ltr'><strong>incursa-</strong></span> 
     </span>
     <span class='ocr_line' id='line_1_29' title="bbox 92 1972 1528 2018; baseline 0.002 -10"><span class='ocrx_word' id='word_1_231' title='bbox 92 1982 202 2018; x_wconf 82' lang='lat' dir='ltr'><strong>runt,</strong></span> <span class='ocrx_word' id='word_1_232' title='bbox 233 1981 271 2009; x_wconf 91' lang='lat' dir='ltr'><strong>et</strong></span> <span class='ocrx_word' id='word_1_233' title='bbox 294 1975 332 2008; x_wconf 90' lang='lat' dir='ltr'><strong>in</strong></span> <span class='ocrx_word' id='word_1_234' title='bbox 357 1976 563 2008; x_wconf 86' lang='lat' dir='ltr'><strong>servitutem</strong></span> <span class='ocrx_word' id='word_1_235' title='bbox 596 1974 771 2018; x_wconf 89' lang='lat' dir='ltr'><strong>plurimos</strong></span> <span class='ocrx_word' id='word_1_236' title='bbox 799 1972 1054 2008; x_wconf 76' lang='lat' dir='ltr'><strong>abduxerunt?</strong></span> <span class='ocrx_word' id='word_1_237' title='bbox 1099 1975 1229 2008; x_wconf 87' lang='lat' dir='ltr'><strong>Nonne</strong></span> <span class='ocrx_word' id='word_1_238' title='bbox 1254 1975 1442 2011; x_wconf 77' lang='lat' dir='ltr'><strong>Thraciam</strong></span> <span class='ocrx_word' id='word_1_239' title='bbox 1469 1983 1528 2013; x_wconf 90' lang='lat' dir='ltr'><strong>to-</strong></span> 
     </span>
     <span class='ocr_line' id='line_1_30' title="bbox 92 2020 1529 2065; baseline 0.001 -9"><span class='ocrx_word' id='word_1_240' title='bbox 92 2028 167 2056; x_wconf 83' lang='lat' dir='ltr'><strong>tam</strong></span> <span class='ocrx_word' id='word_1_241' title='bbox 204 2021 337 2055; x_wconf 83' lang='lat' dir='ltr'><strong>crebris</strong></span> <span class='ocrx_word' id='word_1_242' title='bbox 377 2020 673 2064; x_wconf 70' lang='lat' dir='ltr'><strong>expeditionibus</strong></span> <span class='ocrx_word' id='word_1_243' title='bbox 714 2020 814 2053; x_wconf 88' lang='lat' dir='ltr'><strong>velut</strong></span> <span class='ocrx_word' id='word_1_244' title='bbox 854 2020 1014 2054; x_wconf 87' lang='lat' dir='ltr'><strong>hostium</strong></span> <span class='ocrx_word' id='word_1_245' title='bbox 1057 2022 1276 2065; x_wconf 86' lang='lat' dir='ltr'><strong>provinciam</strong></span> <span class='ocrx_word' id='word_1_246' title='bbox 1321 2029 1454 2057; x_wconf 85' lang='lat' dir='ltr'><strong>vastam</strong></span> <span class='ocrx_word' id='word_1_247' title='bbox 1487 2036 1529 2058; x_wconf 87' lang='lat' dir='ltr'><strong>ac</strong></span> 
     </span>
     <span class='ocr_line' id='line_1_31' title="bbox 94 2066 1529 2109; baseline 0.001 -6"><span class='ocrx_word' id='word_1_248' title='bbox 94 2069 269 2103; x_wconf 83' lang='lat' dir='ltr'><strong>desertam</strong></span> <span class='ocrx_word' id='word_1_249' title='bbox 321 2066 589 2100; x_wconf 86' lang='lat' dir='ltr'><strong>reddiderunt?</strong></span> <span class='ocrx_word' id='word_1_250' title='bbox 643 2067 773 2100; x_wconf 86' lang='lat' dir='ltr'><strong>Nonne</strong></span> <span class='ocrx_word' id='word_1_251' title='bbox 815 2066 1061 2100; x_wconf 84' lang='lat' dir='ltr'><strong>recentissime</strong></span> <span class='ocrx_word' id='word_1_252' title='bbox 1101 2067 1308 2109; x_wconf 65' lang='lat' dir='ltr'><strong>Mouhmn,</strong></span> <span class='ocrx_word' id='word_1_253' title='bbox 1341 2076 1383 2103; x_wconf 91' lang='lat' dir='ltr'><strong>ut</strong></span> <span class='ocrx_word' id='word_1_254' title='bbox 1418 2082 1438 2103; x_wconf 93' lang='lat' dir='ltr'><strong>a</strong></span> <span class='ocrx_word' id='word_1_255' title='bbox 1472 2083 1529 2106; x_wconf 92' lang='lat' dir='ltr'><strong>me</strong></span> 
     </span>
     <span class='ocr_line' id='line_1_32' title="bbox 93 2111 1530 2157; baseline 0.002 -9"><span class='ocrx_word' id='word_1_256' title='bbox 93 2121 258 2155; x_wconf 72' lang='lat' dir='ltr'><strong>stantem,</strong></span> <span class='ocrx_word' id='word_1_257' title='bbox 284 2111 558 2147; x_wconf 80' lang='lat' dir='ltr'><strong>deformarunt?</strong></span> <span class='ocrx_word' id='word_1_258' title='bbox 603 2113 733 2147; x_wconf 85' lang='lat' dir='ltr'><strong>Nonne</strong></span> <span class='ocrx_word' id='word_1_259' title='bbox 766 2113 968 2146; x_wconf 88' lang='lat' dir='ltr'><strong>communia</strong></span> <span class='ocrx_word' id='word_1_260' title='bbox 1004 2114 1193 2157; x_wconf 82' lang='lat' dir='ltr'><strong>vectigalia</strong></span> <span class='ocrx_word' id='word_1_261' title='bbox 1220 2116 1339 2149; x_wconf 86' lang='lat' dir='ltr'><strong>omnia</strong></span> <span class='ocrx_word' id='word_1_262' title='bbox 1374 2119 1530 2152; x_wconf 83' lang='lat' dir='ltr'><strong>sustule-</strong></span> 
     </span>
     <span class='ocr_line' id='line_1_33' title="bbox 92 2159 1531 2206; baseline 0.002 -11"><span class='ocrx_word' id='word_1_263' title='bbox 92 2159 206 2195; x_wconf 78' lang='lat' dir='ltr'><strong>runt?</strong></span> <span class='ocrx_word' id='word_1_264' title='bbox 252 2160 379 2195; x_wconf 88' lang='lat' dir='ltr'><strong>Nonne</strong></span> <span class='ocrx_word' id='word_1_265' title='bbox 403 2161 581 2194; x_wconf 82' lang='lat' dir='ltr'><strong>exercitus</strong></span> <span class='ocrx_word' id='word_1_266' title='bbox 606 2166 746 2205; x_wconf 89' lang='lat' dir='ltr'><strong>partem</strong></span> <span class='ocrx_word' id='word_1_267' title='bbox 770 2159 929 2205; x_wconf 86' lang='lat' dir='ltr'><strong>quidem,</strong></span> <span class='ocrx_word' id='word_1_268' title='bbox 949 2165 991 2193; x_wconf 92' lang='lat' dir='ltr'><strong>ut</strong></span> <span class='ocrx_word' id='word_1_269' title='bbox 1020 2159 1271 2202; x_wconf 85' lang='lat' dir='ltr'><strong>adversariam,</strong></span> <span class='ocrx_word' id='word_1_270' title='bbox 1291 2163 1362 2206; x_wconf 86' lang='lat' dir='ltr'><strong>ipsi</strong></span> <span class='ocrx_word' id='word_1_271' title='bbox 1394 2166 1531 2198; x_wconf 88' lang='lat' dir='ltr'><strong>contri·-</strong></span> 
     </span>
     <span class='ocr_line' id='line_1_34' title="bbox 93 2206 1530 2252; baseline 0.002 -10"><span class='ocrx_word' id='word_1_272' title='bbox 93 2212 410 2251; x_wconf 60' lang='lat' dir='ltr'><strong>verunt‚,partem,</strong></span> <span class='ocrx_word' id='word_1_273' title='bbox 434 2211 476 2239; x_wconf 90' lang='lat' dir='ltr'><strong>ut</strong></span> <span class='ocrx_word' id='word_1_274' title='bbox 498 2211 712 2251; x_wconf 81' lang='lat' dir='ltr'><strong>suspectam,</strong></span> <span class='ocrx_word' id='word_1_275' title='bbox 737 2206 976 2251; x_wconf 84' lang='lat' dir='ltr'><strong>reliquerunt,</strong></span> <span class='ocrx_word' id='word_1_276' title='bbox 1001 2217 1096 2252; x_wconf 88' lang='lat' dir='ltr'><strong>quae</strong></span> <span class='ocrx_word' id='word_1_277' title='bbox 1121 2213 1240 2241; x_wconf 92' lang='lat' dir='ltr'><strong>autem</strong></span> <span class='ocrx_word' id='word_1_278' title='bbox 1265 2208 1384 2243; x_wconf 85' lang='lat' dir='ltr'><strong>adhuc</strong></span> <span class='ocrx_word' id='word_1_279' title='bbox 1406 2216 1530 2251; x_wconf 86' lang='lat' dir='ltr'><strong>restat,</strong></span> 
     </span>
     <span class='ocr_line' id='line_1_35' title="bbox 95 2252 1531 2303; baseline 0.001 -14"><span class='ocrx_word' id='word_1_280' title='bbox 95 2267 137 2289; x_wconf 89' lang='lat' dir='ltr'><strong>ea</strong></span> <span class='ocrx_word' id='word_1_281' title='bbox 170 2259 207 2288; x_wconf 88' lang='lat' dir='ltr'><strong>et</strong></span> <span class='ocrx_word' id='word_1_282' title='bbox 242 2264 390 2287; x_wconf 89' lang='lat' dir='ltr'><strong>numero</strong></span> <span class='ocrx_word' id='word_1_283' title='bbox 425 2257 463 2286; x_wconf 87' lang='lat' dir='ltr'><strong>et</strong></span> <span class='ocrx_word' id='word_1_284' title='bbox 494 2263 623 2298; x_wconf 85' lang='lat' dir='ltr'><strong>genere</strong></span> <span class='ocrx_word' id='word_1_285' title='bbox 653 2254 794 2286; x_wconf 86' lang='lat' dir='ltr'><strong>infirma</strong></span> <span class='ocrx_word' id='word_1_286' title='bbox 820 2253 902 2286; x_wconf 85' lang='lat' dir='ltr'><strong>est?</strong></span> <span class='ocrx_word' id='word_1_287' title='bbox 949 2252 1050 2298; x_wconf 84' lang='lat' dir='ltr'><strong>Quid</strong></span> <span class='ocrx_word' id='word_1_288' title='bbox 1074 2264 1139 2299; x_wconf 87' lang='lat' dir='ltr'><strong>ego</strong></span> <span class='ocrx_word' id='word_1_289' title='bbox 1164 2255 1312 2288; x_wconf 85' lang='lat' dir='ltr'><strong>simile?</strong></span> <span class='ocrx_word' id='word_1_290' title='bbox 1335 2256 1406 2290; x_wconf 90' lang='lat' dir='ltr'><strong>nisi</strong></span> <span class='ocrx_word' id='word_1_291' title='bbox 1431 2258 1531 2303; x_wconf 88' lang='lat' dir='ltr'><strong>quod</strong></span> 
     </span>
     <span class='ocr_line' id='line_1_36' title="bbox 92 2298 1530 2345; baseline 0 -11"><span class='ocrx_word' id='word_1_292' title='bbox 92 2302 235 2336; x_wconf 78' lang='lat' dir='ltr'><strong>Moesos</strong></span> <span class='ocrx_word' id='word_1_293' title='bbox 276 2305 313 2333; x_wconf 88' lang='lat' dir='ltr'><strong>et</strong></span> <span class='ocrx_word' id='word_1_294' title='bbox 342 2299 526 2333; x_wconf 84' lang='lat' dir='ltr'><strong>Triballos</strong></span> <span class='ocrx_word' id='word_1_295' title='bbox 559 2298 772 2334; x_wconf 86' lang='lat' dir='ltr'><strong>invadentes</strong></span> <span class='ocrx_word' id='word_1_296' title='bbox 798 2300 958 2343; x_wconf 86' lang='lat' dir='ltr'><strong>repello:</strong></span> <span class='ocrx_word' id='word_1_297' title='bbox 993 2309 1146 2345; x_wconf 89' lang='lat' dir='ltr'><strong>cumque</strong></span> <span class='ocrx_word' id='word_1_298' title='bbox 1175 2301 1261 2334; x_wconf 83' lang='lat' dir='ltr'><strong>istas</strong></span> <span class='ocrx_word' id='word_1_299' title='bbox 1287 2301 1530 2338; x_wconf 80' lang='lat' dir='ltr'><strong>Romanorum</strong></span> 
     </span>
     <span class='ocr_line' id='line_1_37' title="bbox 92 2345 1529 2393; baseline 0.001 -11"><span class='ocrx_word' id='word_1_300' title='bbox 92 2348 264 2393; x_wconf 80' lang='lat' dir='ltr'><strong>reliquias</strong></span> <span class='ocrx_word' id='word_1_301' title='bbox 305 2356 427 2379; x_wconf 88' lang='lat' dir='ltr'><strong>eorum</strong></span> <span class='ocrx_word' id='word_1_302' title='bbox 462 2345 575 2390; x_wconf 84' lang='lat' dir='ltr'><strong>copiis</strong></span> <span class='ocrx_word' id='word_1_303' title='bbox 610 2356 686 2378; x_wconf 88' lang='lat' dir='ltr'><strong>non</strong></span> <span class='ocrx_word' id='word_1_304' title='bbox 717 2346 850 2390; x_wconf 85' lang='lat' dir='ltr'><strong>possim</strong></span> <span class='ocrx_word' id='word_1_305' title='bbox 885 2356 1082 2391; x_wconf 88' lang='lat' dir='ltr'><strong>opponere,</strong></span> <span class='ocrx_word' id='word_1_306' title='bbox 1108 2347 1311 2381; x_wconf 88' lang='lat' dir='ltr'><strong>necessario</strong></span> <span class='ocrx_word' id='word_1_307' title='bbox 1347 2349 1529 2393; x_wconf 85' lang='lat' dir='ltr'><strong>barbaros,</strong></span> 
     </span>
     <span class='ocr_line' id='line_1_38' title="bbox 92 2392 1530 2442; baseline -0.003 -14"><span class='ocrx_word' id='word_1_308' title='bbox 92 2394 240 2428; x_wconf 88' lang='lat' dir='ltr'><strong>illorum</strong></span> <span class='ocrx_word' id='word_1_309' title='bbox 267 2393 428 2426; x_wconf 89' lang='lat' dir='ltr'><strong>imitatus</strong></span> <span class='ocrx_word' id='word_1_310' title='bbox 453 2392 678 2437; x_wconf 83' lang='lat' dir='ltr'><strong>exemplum,</strong></span> <span class='ocrx_word' id='word_1_311' title='bbox 703 2393 818 2426; x_wconf 86' lang='lat' dir='ltr'><strong>socios</strong></span> <span class='ocrx_word' id='word_1_312' title='bbox 843 2392 934 2425; x_wconf 83' lang='lat' dir='ltr'><strong>mihi</strong></span> <span class='ocrx_word' id='word_1_313' title='bbox 962 2392 1131 2438; x_wconf 84' lang='lat' dir='ltr'><strong>adiungo.</strong></span> <span class='ocrx_word' id='word_1_314' title='bbox 1179 2394 1257 2427; x_wconf 84' lang='lat' dir='ltr'><strong>Utri</strong></span> <span class='ocrx_word' id='word_1_315' title='bbox 1282 2394 1392 2440; x_wconf 81' lang='lat' dir='ltr'><strong>igitur</strong></span> <span class='ocrx_word' id='word_1_316' title='bbox 1412 2408 1530 2442; x_wconf 78' lang='lat' dir='ltr'><strong>popu-</strong></span> 
     </span>
     <span class='ocr_line' id='line_1_39' title="bbox 93 2439 1530 2488; baseline 0.001 -14"><span class='ocrx_word' id='word_1_317' title='bbox 93 2441 270 2475; x_wconf 88' lang='lat' dir='ltr'><strong>lationum</strong></span> <span class='ocrx_word' id='word_1_318' title='bbox 297 2439 446 2472; x_wconf 88' lang='lat' dir='ltr'><strong>istarum</strong></span> <span class='ocrx_word' id='word_1_319' title='bbox 471 2449 514 2472; x_wconf 87' lang='lat' dir='ltr'><strong>ac</strong></span> <span class='ocrx_word' id='word_1_320' title='bbox 535 2439 647 2483; x_wconf 84' lang='lat' dir='ltr'><strong>pestis</strong></span> <span class='ocrx_word' id='word_1_321' title='bbox 683 2449 790 2472; x_wconf 85' lang='lat' dir='ltr'><strong>causa</strong></span> <span class='ocrx_word' id='word_1_322' title='bbox 815 2439 1052 2480; x_wconf 77' lang='lat' dir='ltr'><strong>exstiterunt,</strong></span> <span class='ocrx_word' id='word_1_323' title='bbox 1076 2440 1134 2474; x_wconf 88' lang='lat' dir='ltr'><strong>vel</strong></span> <span class='ocrx_word' id='word_1_324' title='bbox 1161 2441 1284 2485; x_wconf 87' lang='lat' dir='ltr'><strong>potius</strong></span> <span class='ocrx_word' id='word_1_325' title='bbox 1311 2443 1384 2475; x_wconf 86' lang='lat' dir='ltr'><strong>utri</strong></span> <span class='ocrx_word' id='word_1_326' title='bbox 1413 2455 1530 2488; x_wconf 87' lang='lat' dir='ltr'><strong>popu-</strong></span> 
     </span>
     <span class='ocr_line' id='line_1_40' title="bbox 91 2484 1528 2536; baseline 0.003 -15"><span class='ocrx_word' id='word_1_327' title='bbox 91 2487 225 2521; x_wconf 86' lang='lat' dir='ltr'><strong>latores</strong></span> <span class='ocrx_word' id='word_1_328' title='bbox 257 2486 405 2519; x_wconf 82' lang='lat' dir='ltr'><strong>fuerunt</strong></span> <span class='ocrx_word' id='word_1_329' title='bbox 440 2495 482 2518; x_wconf 84' lang='lat' dir='ltr'><strong>ac</strong></span> <span class='ocrx_word' id='word_1_330' title='bbox 514 2491 651 2530; x_wconf 88' lang='lat' dir='ltr'><strong>pestem</strong></span> <span class='ocrx_word' id='word_1_331' title='bbox 690 2486 836 2531; x_wconf 86' lang='lat' dir='ltr'><strong>ipsimet</strong></span> <span class='ocrx_word' id='word_1_332' title='bbox 870 2484 1072 2520; x_wconf 85' lang='lat' dir='ltr'><strong>dederunt?</strong></span> <span class='ocrx_word' id='word_1_333' title='bbox 1118 2486 1247 2520; x_wconf 87' lang='lat' dir='ltr'><strong>Nonne</strong></span> <span class='ocrx_word' id='word_1_334' title='bbox 1272 2488 1372 2532; x_wconf 83' lang='lat' dir='ltr'><strong>ipsi?</strong></span> <span class='ocrx_word' id='word_1_335' title='bbox 1394 2491 1528 2536; x_wconf 82' lang='lat' dir='ltr'><strong>quibus</strong></span> 
     </span>
     <span class='ocr_line' id='line_1_41' title="bbox 91 2531 1529 2578; baseline 0.003 -11"><span class='ocrx_word' id='word_1_336' title='bbox 91 2533 244 2578; x_wconf 85' lang='lat' dir='ltr'><strong>perinde</strong></span> <span class='ocrx_word' id='word_1_337' title='bbox 267 2531 458 2576; x_wconf 84' lang='lat' dir='ltr'><strong>contingit,</strong></span> <span class='ocrx_word' id='word_1_338' title='bbox 479 2535 530 2571; x_wconf 91' lang='lat' dir='ltr'><strong>ut,</strong></span> <span class='ocrx_word' id='word_1_339' title='bbox 561 2533 591 2564; x_wconf 89' lang='lat' dir='ltr'><strong>si</strong></span> <span class='ocrx_word' id='word_1_340' title='bbox 617 2532 698 2578; x_wconf 83' lang='lat' dir='ltr'><strong>quis</strong></span> <span class='ocrx_word' id='word_1_341' title='bbox 723 2533 762 2566; x_wconf 89' lang='lat' dir='ltr'><strong>in</strong></span> <span class='ocrx_word' id='word_1_342' title='bbox 786 2532 926 2565; x_wconf 86' lang='lat' dir='ltr'><strong>caelum</strong></span> <span class='ocrx_word' id='word_1_343' title='bbox 953 2532 1134 2573; x_wconf 82' lang='lat' dir='ltr'><strong>iaculans,</strong></span> <span class='ocrx_word' id='word_1_344' title='bbox 1169 2538 1296 2577; x_wconf 85' lang='lat' dir='ltr'><strong>postea</strong></span> <span class='ocrx_word' id='word_1_345' title='bbox 1318 2535 1402 2569; x_wconf 83' lang='lat' dir='ltr'><strong>telis</strong></span> <span class='ocrx_word' id='word_1_346' title='bbox 1424 2538 1462 2570; x_wconf 87' lang='lat' dir='ltr'><strong>in</strong></span> <span class='ocrx_word' id='word_1_347' title='bbox 1489 2549 1529 2572; x_wconf 84' lang='lat' dir='ltr'><strong>se</strong></span> 
     </span>
     <span class='ocr_line' id='line_1_42' title="bbox 95 2577 1527 2626; baseline -0.001 -13"><span class='ocrx_word' id='word_1_348' title='bbox 95 2578 350 2613; x_wconf 86' lang='lat' dir='ltr'><strong>decidentibus</strong></span> <span class='ocrx_word' id='word_1_349' title='bbox 383 2578 615 2618; x_wconf 85' lang='lat' dir='ltr'><strong>vulneratus,</strong></span> <span class='ocrx_word' id='word_1_350' title='bbox 648 2588 723 2611; x_wconf 90' lang='lat' dir='ltr'><strong>non</strong></span> <span class='ocrx_word' id='word_1_351' title='bbox 748 2578 818 2611; x_wconf 86' lang='lat' dir='ltr'><strong>sibi</strong></span> <span class='ocrx_word' id='word_1_352' title='bbox 837 2603 845 2618; x_wconf 84' lang='lat'><strong><em>‚</em></strong></span> <span class='ocrx_word' id='word_1_353' title='bbox 873 2577 936 2611; x_wconf 86' lang='lat' dir='ltr'><strong>sed</strong></span> <span class='ocrx_word' id='word_1_354' title='bbox 964 2579 1061 2611; x_wconf 90' lang='lat' dir='ltr'><strong>caelo</strong></span> <span class='ocrx_word' id='word_1_355' title='bbox 1087 2590 1230 2612; x_wconf 87' lang='lat' dir='ltr'><strong>causam</strong></span> <span class='ocrx_word' id='word_1_356' title='bbox 1254 2581 1436 2626; x_wconf 86' lang='lat' dir='ltr'><strong>plagarum</strong></span> <span class='ocrx_word' id='word_1_357' title='bbox 1461 2584 1527 2616; x_wconf 85' lang='lat' dir='ltr'><strong>tri-</strong></span> 
     </span>
     <span class='ocr_line' id='line_1_43' title="bbox 94 2624 1528 2674; baseline 0.003 -14"><span class='ocrx_word' id='word_1_358' title='bbox 94 2626 237 2660; x_wconf 84' lang='lat' dir='ltr'><strong>bueret.</strong></span> <span class='ocrx_word' id='word_1_359' title='bbox 303 2626 372 2658; x_wconf 88' lang='lat' dir='ltr'><strong>Eos</strong></span> <span class='ocrx_word' id='word_1_360' title='bbox 404 2624 516 2667; x_wconf 86' lang='lat' dir='ltr'><strong>igitur</strong></span> <span class='ocrx_word' id='word_1_361' title='bbox 553 2624 720 2658; x_wconf 84' lang='lat' dir='ltr'><strong>Romanis</strong></span> <span class='ocrx_word' id='word_1_362' title='bbox 757 2624 986 2669; x_wconf 86' lang='lat' dir='ltr'><strong>oppidatim,</strong></span> <span class='ocrx_word' id='word_1_363' title='bbox 1030 2630 1164 2670; x_wconf 80' lang='lat' dir='ltr'><strong>quanta</strong></span> <span class='ocrx_word' id='word_1_364' title='bbox 1199 2626 1318 2661; x_wconf 84' lang='lat' dir='ltr'><strong>verbis</strong></span> <span class='ocrx_word' id='word_1_365' title='bbox 1353 2630 1528 2674; x_wconf 83' lang='lat' dir='ltr'><strong>explicari</strong></span> 
     </span>
     <span class='ocr_line' id='line_1_44' title="bbox 96 2670 1527 2720; baseline 0.004 -16"><span class='ocrx_word' id='word_1_366' title='bbox 96 2674 244 2717; x_wconf 83' lang='lat' dir='ltr'><strong>nequit,</strong></span> <span class='ocrx_word' id='word_1_367' title='bbox 277 2671 517 2705; x_wconf 85' lang='lat' dir='ltr'><strong>calamitatem</strong></span> <span class='ocrx_word' id='word_1_368' title='bbox 537 2670 734 2711; x_wconf 76' lang='lat' dir='ltr'><strong>invexisse,</strong></span> <span class='ocrx_word' id='word_1_369' title='bbox 771 2676 901 2716; x_wconf 86' lang='lat' dir='ltr'><strong>totquc</strong></span> <span class='ocrx_word' id='word_1_370' title='bbox 926 2672 1145 2715; x_wconf 86' lang='lat' dir='ltr'><strong>captivorum</strong></span> <span class='ocrx_word' id='word_1_371' title='bbox 1190 2677 1336 2719; x_wconf 85' lang='lat' dir='ltr'><strong>tamque</strong></span> <span class='ocrx_word' id='word_1_372' title='bbox 1362 2675 1527 2720; x_wconf 83' lang='lat' dir='ltr'><strong>direptae</strong></span> 
     </span>
     <span class='ocr_line' id='line_1_45' title="bbox 98 2717 1527 2764; baseline 0.003 -12"><span class='ocrx_word' id='word_1_373' title='bbox 98 2718 251 2764; x_wconf 82' lang='lat' dir='ltr'><strong>regionis</strong></span> <span class='ocrx_word' id='word_1_374' title='bbox 288 2719 441 2751; x_wconf 76' lang='lat' dir='ltr'><strong>maxime</strong></span> <span class='ocrx_word' id='word_1_375' title='bbox 483 2727 560 2750; x_wconf 86' lang='lat' dir='ltr'><strong>reos</strong></span> <span class='ocrx_word' id='word_1_376' title='bbox 600 2728 694 2757; x_wconf 85' lang='lat' dir='ltr'><strong>esse,</strong></span> <span class='ocrx_word' id='word_1_377' title='bbox 736 2728 858 2762; x_wconf 90' lang='lat' dir='ltr'><strong>pacem</strong></span> <span class='ocrx_word' id='word_1_378' title='bbox 890 2717 1037 2751; x_wconf 79' lang='lat' dir='ltr'><strong>auribus</strong></span> <span class='ocrx_word' id='word_1_379' title='bbox 1072 2725 1300 2762; x_wconf 87' lang='lat' dir='ltr'><strong>respuentes,</strong></span> <span class='ocrx_word' id='word_1_380' title='bbox 1324 2727 1461 2755; x_wconf 83' lang='lat' dir='ltr'><strong>tautum</strong></span> <span class='ocrx_word' id='word_1_381' title='bbox 1487 2729 1527 2756; x_wconf 89' lang='lat' dir='ltr'><strong>ut</strong></span> 
     </span>
     <span class='ocr_line' id='line_1_46' title="bbox 98 2762 1526 2814; baseline 0.004 -16"><span class='ocrx_word' id='word_1_382' title='bbox 98 2775 157 2799; x_wconf 84' lang='lat' dir='ltr'><strong>me</strong></span> <span class='ocrx_word' id='word_1_383' title='bbox 189 2764 407 2810; x_wconf 87' lang='lat' dir='ltr'><strong>perderent,</strong></span> <span class='ocrx_word' id='word_1_384' title='bbox 442 2775 486 2797; x_wconf 77' lang='lat' dir='ltr'><strong>ex</strong></span> <span class='ocrx_word' id='word_1_385' title='bbox 526 2763 581 2797; x_wconf 78' lang='lat' dir='ltr'><strong>his</strong></span> <span class='ocrx_word' id='word_1_386' title='bbox 617 2762 744 2809; x_wconf 78' lang='lat' dir='ltr'><strong>liquet,</strong></span> <span class='ocrx_word' id='word_1_387' title='bbox 803 2762 911 2798; x_wconf 86' lang='lat' dir='ltr'><strong>Subit</strong></span> <span class='ocrx_word' id='word_1_388' title='bbox 935 2768 1057 2798; x_wconf 74' lang='lat' dir='ltr'><strong>autem</strong></span> <span class='ocrx_word' id='word_1_389' title='bbox 1079 2765 1302 2812; x_wconf 76' lang='lat' dir='ltr'><strong>patriarchae</strong></span> <span class='ocrx_word' id='word_1_390' title='bbox 1326 2770 1526 2814; x_wconf 85' lang='lat' dir='ltr'><strong>nequitiam</strong></span> 
     </span>
    </p>
   </div>
  </div>
 </body>
</html>
