1800 3138
536 197 912 240 ms‘romARnM
952 199 1023 240 111.
1054 203 1123 245 38.
1439 181 1544 236 235

110 297 211 358 ἦγόν
237 318 279 344 τε
309 300 380 343 καὶ
406 297 579 355 ἔφερον·
635 299 708 341 καὶ
731 297 770 341 οἱ
795 300 1047 353 νενικημένοι
1072 302 1281 348 στένοντες
1307 300 1352 341 ἐν
1371 299 1541 348 ἀδύτοις
1556 301 1635 339 xC.
1650 301 1735 347 ¹34²

111 366 456 422 κατεκρύπτοντο,
485 362 701 419 α’γαπητόν
730 361 972 419 ἡγούμενοι,
1001 360 1063 405 ὅτι
1089 363 1147 419 μὴ
1177 361 1327 406 αὐτίκα
1356 362 1542 419 ἀποθνή-

111 447 258 474 σκοιεν.
311 430 403 472 ἐπεὶ
427 431 487 482 δὲ,
513 424 574 472 οἷν
599 428 686 471 ἔδει
713 429 1048 484 διεφθαρμένων,
1077 427 1282 472 παύσαιτο
1302 430 1327 485 ἧ
1344 429 1536 484 ταραχὴ,

112 495 150 538 οἱ
178 496 375 550 Ζηλωταί
412 495 559 537 αὕτίκα
601 495 647 536 ἐκ
684 492 944 536 πενεστάτων
971 492 1044 534 καί
1066 490 1228 548 ἀτίμων
1254 493 1447 537 πλούσιοι
1473 495 1546 537 καί

85 561 350 616 5περιφανεΐς
379 561 638 614 γεγενημένοι
654 591 667 613 ‚
702 556 835 601 πάντα
862 553 960 613 ἦγον
985 559 1040 600 δι’
1065 556 1237 611 ἑαυτῶν,
1268 559 1340 602 καί
1353 560 1451 609 τούς
1464 563 1579 613 με’-Ι)

110 640 211 674 σους
247 621 454 680 μετῄεσαν
479 626 563 666 τῶν
590 625 792 678 πολιτῶν,
832 618 870 678 ἢ
890 631 1220 679 συνασχημονεῖν
1249 626 1543 680 ἀναγκάζοντες

110 690 272 742 αιῗτοΐς,
309 686 337 744 ἢ
362 689 438 743 τήν
464 688 736 745 σωφροσύνην
763 687 837 730 καὶ
859 687 935 743 τὴν
961 689 1182 731 ἐπιείκειαν
1211 689 1268 739 ὥς
1296 694 1542 732 Καντακου-

110 753 302 810 ζηνισμὸν
327 756 629 804 ἐπικαλοῦντες.
688 756 732 796 ἐν
761 755 1037 811 Θεσσαλονίκῃ
1066 755 1143 806 μὲν
1172 752 1246 797 οὖν
1262 760 1435 798 τοιαῦτα
1456 759 1543 798 ἐτε-

107 823 231 861 λεῖτο.
301 818 634 875 πρωτοστράτωρ
679 821 727 861 δὲ
761 821 854 861 ἐπεὶ
895 818 1000 873 μετά
1040 822 1113 873 τῆς
1145 824 1341 874 στρατιᾶς
1366 824 1438 864 καί
1462 826 1544 864 τῶν

44 883 288 938 ἰοάρίστων
313 882 576 939 ἐξηλαύνετο,
606 886 664 934 εἰς
687 886 725 925 Γ
721 882 1042 938 υναικόκαστρον
1069 881 1332 940 ἀφικόμενος,
1363 888 1545 943 (κατεῖχε

107 947 187 1004 γὰρ
208 948 312 990 αὖτὸ
329 950 404 990 καί
420 947 622 1005 πρότερον
640 952 824 1006 φρουρᾷ,
854 945 922 991 οἷα
959 949 1009 1005 δι’]
1046 949 1128 991 aiud
1154 954 1211 1007 τῷ
1244 951 1545 1007 Θεσσαλονίκης

106 1010 282 1068 ἄρχοντι
310 1013 458 1063 εἰωθὸς
486 1018 646 1072 τελεῖν,)
677 1017 865 1070 ηὐλίζετο
892 1017 983 1057 ἐκεῖ·
1017 1014 1091 1058 καί
1116 1019 1251 1066 κακῶς
1277 1019 1406 1059 ἐποίει
1435 1018 1544 1059 Θεσ-

105 1082 325 1135 σαλονίκην
359 1077 595 1135 ληϊζόμενος
635 1082 709 1122 καί
733 1081 868 1136 πάσης
893 1079 1055 1136 ἐκράτει
1083 1084 1156 1137 τῆς
1181 1080 1261 1133 ἔξω
1291 1086 1441 1136 τειχῶν
1455 1085 1544 1138 γῆς.

106 1142 452 1199 ἅντικαταστῆναι
492 1144 572 1199 γάρ
622 1145 727 1201 πρὸς
768 1145 868 1195 τούς
911 1144 991 1195 ἔξω
1021 1146 1188 1201 οὐδαμῆ
1219 1145 1256 1188 οἱ
1287 1146 1406 1190 ἔνδον
1430 1144 1538 1203 ἦσαν

42 1210 290 1257 ἰ5δυνατοί.
359 1208 515 1263 ἔπεμπε
560 1212 606 1252 δὲ
637 1211 712 1254 καί
748 1211 851 1266 πρὸς
884 1210 1228 1267 Καντακουζηνὸν
1263 1210 1335 1254 τὸν
1357 1215 1531 1266 βασιλέα
1545 1221 1577 1254 Ρ.
1595 1222 1660 1266 477

105 1274 204 1331 περὶ
228 1275 485 1331 Χαλκιδικὴν
511 1275 575 1319 ἔτι
602 1278 893 1333 διατρίβοντα,
936 1274 1026 1330 ἅμα
1051 1280 1129 1330 μὲν
1155 1276 1347 1332 μηνύων,
1389 1278 1447 1328 ὥς
1473 1280 1539 1320 ἑκ-
1550 1289 1591 1323 V.
1605 1291 1672 1334 384

104 1339 278 1396 βληθείη
313 1342 637 1398 Θεσσαλονίκης,
681 1345 758 1384 τοῦ
796 1341 931 1398 δήμου
967 1344 1040 1385 καί
1073 1346 1154 1385 τῶν
1181 1346 1388 1399 Ζηλωτιόν
1416 1345 1529 1401 αὐτῷ·

106 1407 386 1459 ἐπιθεμένων,
422 1404 511 1460 ἅμα
550 1409 598 1449 δὲ
637 1407 711 1451 καί
756 1409 928 1458 ἐλπίδας
967 1405 1020 1450 οὔ
1064 1408 1232 1464 φαύλας
1279 1409 1536 1466 ὑποφαίνων,

106 1469 176 1524 ὥς,
206 1473 247 1513 εἰ
269 1475 541 1527 παραγένοιτο
569 1475 745 1528 ταχέως,
784 1476 868 1516 τῶν
894 1490 941 1516 τε
970 1473 1088 1516 ἔνδον
1115 1476 1250 1517 οὐκέτι
1277 1476 1538 1518 παντάπασιν

52 1538 501 1590 αοέκπεπολεμωμένων
516 1572 529 1592 ,
571 1535 697 1595 (ἦσαν
724 1538 804 1593 γὰρ
832 1538 918 1593 ἔτι,
963 1541 1007 1581 οἳ
1027 1538 1080 1581 τιὶ
1107 1543 1312 1593 βασιλέως
1339 1541 1537 1596 ᾑρημένοι

104 1602 190 1642 δέει
227 1603 466 1644 συνείποντο
506 1609 592 1652 τοῖς
621 1606 875 1660 Ζηλωταῖς,)
906 1606 978 1645 καί
1001 1607 1086 1645 τῶν
1112 1602 1191 1655 ἔξω
1217 1606 1325 1658 μέγα
1355 1607 1534 1656 δυναμέ-

101 1682 196 1718 νων,
225 1663 379 1723 ῥᾳδίως
394 1667 706 1722 παραστήσαιτο
732 1666 806 1721 τήν
830 1667 959 1710 πόλιν.
1013 1671 1182 1721 βασιλεῖ
1199 1671 1279 1720 μὲν
1307 1665 1382 1710 οὖν
1397 1666 1532 1710 ἐδόκει

102 1728 307 1772 πάντοθεν
350 1734 646 1785 περιΐστασθαι
687 1731 803 1774 δεινά
825 1765 838 1786 ,
882 1729 993 1785 ὅμως
1019 1733 1091 1775 ε’πί
1115 1732 1188 1775 τὸν
1216 1734 1351 1775 πάντα
1377 1730 1532 1787 ἄγοντα

101 1794 200 1838 θεὸν
226 1795 301 1845 τὰς
328 1798 500 1846 ἐλπίδας
528 1799 600 1852 τῆς
628 1799 835 1853 σωτηρίας
862 1800 934 1840 καί
952 1800 1026 1852 τῆς
1044 1800 1156 1852 νίκης
1174 1798 1399 1852 ἀνατιθείς,
1428 1799 1568 1854 πρόςΒ

199 1908 251 1931 ιι.
277 1898 352 1932 τοῖν
379 1897 416 1933 l’.

101 1998 140 2032 iu
164 1997 327 2030 abstrusa
354 1997 430 2030 loca
461 2009 499 2031 se
534 1999 739 2040 abdebant,
774 2000 842 2034 hoc
875 2011 948 2034 uno
984 2001 1166 2040 contenti,
1203 1999 1301 2045 quod
1341 2011 1413 2034 non
1451 2002 1529 2035 sine

99 2053 200 2076 mora
232 2049 351 2076 essent
381 2045 543 2087 iugulati.
590 2047 793 2080 Interfectis
828 2047 956 2087 etiam,
995 2058 1085 2092 quos
1118 2046 1233 2078 visum
1268 2053 1324 2080 est
1355 2049 1528 2087 interfici,

98 2095 290 2134 postquam
312 2091 486 2125 tumultus
511 2093 720 2138 conquievit
739 2119 750 2134 ,
778 2093 920 2126 Zelotae
944 2104 988 2127 ex
1012 2092 1184 2126 mendicis
1215 2097 1252 2125 et
1288 2093 1448 2126 obscuris
1473 2093 1530 2126 di-

97 2136 190 2168 vites
213 2139 321 2180 atque
348 2137 505 2170 illustres
531 2145 679 2183 repente
705 2139 814 2180 sacti,
835 2140 954 2172 omnia
980 2151 1043 2183 per
1066 2150 1104 2172 se
1128 2139 1318 2172 curabant:
1346 2144 1382 2171 et
1406 2140 1528 2172 tenui-

99 2192 179 2214 ores
210 2183 303 2215 cives
338 2183 576 2218 sollicitantes
609 2191 672 2217 aut
694 2196 814 2218 secum
848 2185 1039 2219 inhoneste
1074 2186 1194 2218 vivere
1229 2185 1427 2226 cogebant,
1466 2191 1530 2218 aut

97 2238 222 2260 eorum
247 2227 528 2263 moderationem
552 2232 842 2277 aequitatemque
873 2243 937 2276 pro
962 2232 1282 2266 Cantacuzenismo
1306 2229 1528 2265 accusabant.

96 2273 216 2317 Atque
243 2273 329 2307 haec
354 2274 641 2311 Thessalonicae.
689 2278 926 2311 Protostrator
948 2289 1030 2312 vero
1055 2289 1134 2310 cum
1159 2277 1276 2310 milite
1306 2282 1342 2310 et
1372 2277 1529 2320 optima-

94 2317 195 2351 tibus
214 2321 352 2364 pulsus,
378 2320 697 2364 Gynaecocastrum
720 2324 829 2364 venit,
852 2323 965 2369 (quod
991 2326 1105 2368 ipsum
1131 2324 1230 2368 prius
1256 2323 1427 2356 collocato
1452 2324 1527 2356 ibi-

96 2364 179 2398 dem
202 2365 393 2409 praesidio,
418 2374 458 2401 ut
475 2368 754 2403 Thessalonicae
776 2371 957 2415 praefecto
983 2370 1182 2403 subiectum
1203 2369 1376 2413 tenebat‚)
1401 2369 1526 2414 ibique

95 2422 262 2452 manens,
276 2411 566 2448 Thessalonicam
587 2416 729 2460 praedis
746 2416 895 2460 agundis
914 2417 1087 2456 vexabat,
1099 2421 1135 2448 et
1160 2421 1333 2459 quantum
1357 2421 1434 2448 erat
1450 2418 1526 2459 agri

96 2457 175 2490 eius
200 2463 299 2491 extra
324 2469 468 2500 muros,
502 2460 670 2495 infestum
695 2462 875 2495 habebat:
910 2463 956 2496 ad
987 2461 1225 2495 resistendum
1253 2462 1349 2494 enini
1385 2462 1525 2495 incolae

94 2514 323 2549 nequaquam
353 2515 456 2549 pares
483 2513 591 2541 erant.
620 2508 868 2542 Cantacuzeno
893 2514 1012 2541 autem
1037 2507 1155 2541 adhuc
1169 2507 1525 2551 propeChalcidicen

94 2548 262 2583 haerenti
287 2551 481 2595 significat,
506 2563 556 2593 se,
582 2554 690 2598 plebe
716 2551 754 2588 et
780 2555 906 2588 zelotis
931 2552 1243 2598 compellentibus,
1267 2554 1525 2587 Thessalonica

95 2595 250 2629 eiectum
277 2607 378 2640 esse3
403 2597 510 2631 simul
535 2599 642 2632 etiam
666 2612 765 2645 spem
783 2612 856 2633 non
882 2601 1063 2634 minimam
1089 2599 1338 2641 subostendit,
1366 2601 1397 2633 si
1423 2611 1525 2632 acce-

94 2641 248 2678 leraret.
269 2643 447 2687 indigenis
474 2645 623 2679 necdum
646 2647 811 2680 omnibus
833 2648 1010 2687 efferatis,
1038 2646 1156 2690 (eraut
1179 2649 1332 2692 quippe,
1358 2648 1421 2692 qui
1446 2648 1524 2679 eius

94 2687 252 2732 partium
278 2689 448 2728 studiosi,
475 2692 610 2724 Zelotas
635 2692 922 2734 aversabantur.)
946 2698 983 2724 et
1002 2692 1164 2737 potentia
1189 2702 1331 2732 eorum,
1358 2693 1419 2738 qui
1439 2694 1523 2726 foris

96 2738 236 2774 essent,
265 2735 334 2767 levi
359 2736 503 2780 negotio
529 2739 708 2774 civitatem
739 2739 980 2773 subacturum.
1029 2738 1226 2782 Imperator
1262 2739 1372 2782 igitur
1407 2740 1524 2771 infor-

98 2778 210 2817 tuniis
235 2780 383 2816 obrutus
407 2781 605 2820 videbatur.
653 2785 906 2820 Verumtamen
939 2785 978 2820 in
1012 2785 1170 2821 omnium
1194 2784 1418 2820 moderatore
1444 2785 1521 2818 Deo
