1800 3138
312 188 414 243 ¹90
838 187 1211 231 CANTAcUzmi

98 288 367 341 Δ.Ο.ι34ιέπι’
392 287 463 340 τῆς
490 286 709 337 βασιλίδος
744 287 885 338 μέντοι
926 283 1001 328 οὐκ
1031 284 1218 340 ἇσέμνως
1251 285 1384 337 οὕτως
1432 290 1716 346 ἐλοιδοροῦντο
1727 329 1741 348 ,

296 351 418 407 (ὀργῇ
455 349 535 405 γάρ
573 349 679 404 πρὸς
719 350 820 399 τούς
861 348 992 402 οὕτως
1035 354 1351 406 ἀσελγαίνοντας
1394 355 1561 409 ἐφέρετο
1570 357 1603 411 ,)
1647 352 1737 398 ἀλλ’

258 416 458 470 Βήρῶντο
484 412 610 467 μόνον
638 414 691 456 τὰ
723 414 938 458 δεινότατα
959 419 1033 459 καί
1059 415 1215 471 πολλην
1243 420 1568 474 κατεψηφίζοντο
1597 419 1748 473 σκαιόρ-

297 497 400 534 τητα
429 479 499 521 καί
524 481 723 535 πονηρίαν
739 479 926 536 τρόπων,
958 478 1024 524 ὅτι
1050 481 1255 525 τοσούτων
1282 481 1398 538 παρὰ
1416 485 1620 536 βασιλέως
1638 481 1743 526 οἶπο-

302 542 516 594 λελαυκοός
546 544 620 586 καὶ
659 541 770 587 οὕτω
809 549 1022 602 φιληθείς,
1052 545 1279 602 α’χάριστος
1312 548 1359 589 ἐκ
1399 549 1627 603 διαμέτρου
1669 549 1768 593 καί5

292 609 419 658 κακὸς
439 611 536 666 περί
549 607 645 658 τούς
672 610 831 652 ἐκείνου
860 612 1015 659 παῖδας
1044 605 1191 653 ὦπται.
1235 609 1379 653 ἐκεῖνοι
1405 615 1484 665 μὲν
1509 607 1584 655 οὖν
1611 611 1746 665 οὕτως

293 673 591 730 ἧκολοίσταινον
618 674 715 729 περὶ
739 673 815 730 τήν
833 678 1028 729 γλῶτταν·
1056 674 1129 717 καὶ
1152 676 1176 716 o‘
1204 676 1464 732 πατριάρχης
1489 676 1608 732 ὄλίγα
1631 675 1659 734 ἢ
1673 681 1746 720 οὕ-

296 742 366 782 δὲν
396 741 622 795 φροντίζων
651 743 736 782 τῶν
764 741 1110 796 ἐκκλησιαστικῶν
1133 743 1316 795 θεσμῶν,
1347 739 1474 783 αὐτόν
1494 758 1538 783 τε
1553 745 1748 799 βασιλέα,

295 808 504 861 μηδεμίαν
533 804 746 862 πρόφασιν
763 805 870 862 πρὸς
889 805 960 848 τὸν
977 803 1157 859 πόλεμον
1176 808 1492 862 παρεσχημένον
1504 840 1516 860 ,
1541 803 1647 850 ἀλλὰ
1675 809 1749 850 καί

294 869 428 915 πολλοὶ
458 871 654 920 πολλάκις
692 871 897 926 δεηθέντα
934 869 1239 923 διαλύσασθαι,
1269 871 1489 928 α’φορισμῷ
1518 869 1800 925 ὕπέβαλεν,ιο

296 935 354 985 ὥς
391 935 518 978 κακὸν
555 937 744 991 ὀφθέντα
774 939 872 992 περί
900 938 1128 989 βασιλίδα,
1158 938 1231 977 καί
1268 934 1312 976 εἴ
1333 953 1397 993 τις
1433 937 1549 993 αὐτῷ
1588 939 1746 992 συνείη·

295 1000 498 1055 βασιλεύς
525 1003 571 1043 δὲ
600 1000 625 1041 δ
651 1000 1000 1056 Καντακουζηνὸς
1037 997 1087 1041 οὗ
1115 1001 1241 1053 μόνον
1269 1001 1398 1049 αὐτὸς
1438 1001 1746 1044 τᾶναντιαὶτατα

265 1066 496 1122 οὲφαίνετο
525 1067 677 1119 ποιῶν,
715 1062 820 1108 ἆλλοὶ
851 1066 925 1107 καί
949 1065 1047 1115 τούς
1072 1067 1271 1115 συνόντας
1301 1066 1553 1112 ἀναπείθων.
1584 1065 1633 1108 οὖ
1663 1067 1744 1122 γὰρ

296 1131 424 1185 μόνον
450 1133 674 1185 βασιλίδα,
704 1129 841 1173 εἴποτε
869 1129 955 1172 ἔδει
974 1129 1247 1185 μνημονεύειν
1265 1164 1275 1181 ,
1307 1130 1376 1171 διὰ
1403 1129 1538 1186 πάσης
1566 1130 1746 1188 εὔφημ’ί·

298 1213 347 1246 ας
377 1192 475 1252 ἦγεν
491 1230 503 1249 ,
540 1192 645 1237 ἀλλὰ
673 1197 745 1237 καί
770 1197 869 1245 τούς
898 1191 1050 1245 ἄλλους
1077 1193 1160 1237 ἀπὸ
1183 1198 1266 1237 τῶν
1299 1194 1544 1247 ἀξιωμάτων
1570 1199 1800 1250 μᾶλλον,ιό

295 1259 324 1315 ἢ
351 1264 434 1304 τῶν
462 1258 672 1314 ὀνομάτων
690 1261 988 1316 προσηγόρευε,
1015 1263 1095 1303 τῶν
1123 1263 1167 1312 ἐξ
1205 1258 1474 1314 Ἀνδρονίκου
1502 1264 1646 1314 μέντοι
1672 1263 1748 1303 τοῦ

299 1326 508 1380 βασιλέως
534 1323 689 1383 ἑκάστῳ
726 1327 1053 1381 δεδωρημένων,
1081 1326 1170 1367 ἐπεὶ
1206 1327 1288 1367 τῶν
1313 1321 1512 1380 ὕστερον,
1542 1326 1601 1374 ὦς
1629 1327 1743 1381 παρά

301 1393 420 1445 δίκην
442 1394 744 1446 γεγενημένων,
773 1391 823 1432 τά
852 1390 986 1433 πολλὰ
1014 1391 1250 1445 ἀπέστεργε.
1275 1394 1358 1432 τῶν
1377 1388 1580 1433 συνόντων
1606 1393 1653 1434 δὲ
1682 1394 1747 1433 ἐπ’

302 1459 438 1498 αὐτοῦ’
465 1471 572 1505 τινος
599 1455 671 1498 τὸν
697 1455 1069 1512 παρακοιμώμενον
1098 1455 1169 1496 καί
1195 1453 1334 1510 ἕτερόν
1363 1471 1455 1497 τινα
1475 1457 1554 1497 τῶν
1583 1457 1628 1497 ἐν
1657 1461 1746 1498 Βυ-

303 1520 452 1578 ζαντίῳ
485 1521 735 1576 ὑβρίσαντος
779 1521 990 1575 αἰσχρῶς,
1042 1521 1232 1560 ἐκέλευσε
1271 1522 1547 1574 τυπτηθῆναι,
1584 1522 1800 1574 γυναιξίαο

303 1586 490 1641 φάμενος
525 1586 849 1640 πορνευομέναις
893 1581 1115 1640 προσήκειν
1150 1582 1200 1625 τὰ
1241 1587 1441 1638 τοιαῦτα,
1493 1583 1672 1642 ἀνδράσι
1700 1588 1746 1628 δὲ

304 1649 348 1692 τὸ
380 1650 607 1704 μάχεσθαι.

259 1723 291 1757 D
411 1713 488 1756 λα’.
544 1713 670 1770 Πρὸς
695 1717 839 1767 μέντοι
865 1713 936 1757 τὸν
963 1712 1148 1770 ἔπαρχον
1174 1714 1248 1758 τὸν
1278 1715 1538 1768 Μονομάχσν
1577 1717 1744 1772 ἐπιτρο-

402 1828 452 1849 ιο.
480 1814 730 1850 διαλύσεσθαι
756 1816 792 1850 Ρ.

307 1903 513 1934 rumtamen
539 1910 656 1933 coram
681 1898 904 1942 imperatrice
929 1897 1167 1931 verecundius
1198 1897 1512 1938 conviciabantur,
1546 1897 1646 1942 quod
1681 1898 1747 1931 ina

306 1948 488 1980 sermonis
513 1945 730 1991 proterviam
756 1945 866 1977 ferret
888 1944 1106 1988 aegerrime3
1131 1944 1194 1977 sed
1222 1949 1360 1977 tantum
1388 1944 1613 1977 severissime
1637 1954 1743 1977 accu-

306 1992 440 2026 sabant
478 1992 745 2037 singularisque
779 1990 884 2022 illum
918 1990 1074 2033 stuporis
1110 1997 1147 2024 et
1177 1991 1421 2034 perversitatis
1447 1989 1752 2031 condemnabant,

307 2037 408 2084 quod
438 2040 589 2072 summis
617 2036 662 2069 ab
691 2039 908 2080 imperatore
933 2035 1123 2069 demortuo
1152 2035 1338 2069 beneficiis
1373 2041 1520 2068 ornatus
1555 2041 1592 2068 et
1625 2041 1748 2073 tanto·

307 2095 396 2129 pere
432 2083 613 2122 dilectus,
642 2094 685 2116 ex
710 2083 886 2116 diametro
917 2081 1075 2125 ingratus
1112 2087 1149 2115 et
1172 2093 1252 2126 erga
1278 2082 1353 2114 eius
1388 2081 1523 2114 liberos
1552 2082 1750 2116 malevolus

312 2130 519 2163 exstitisset.
568 2130 686 2173 Atque
720 2128 777 2161 illi
803 2127 947 2173 quidem
984 2128 1124 2172 linguas
1162 2129 1211 2161 ita
1238 2127 1368 2160 liberas
1392 2126 1601 2170 habebant3
1623 2133 1659 2162 et
1682 2139 1750 2174 pa-

312 2175 488 2216 triarcha,
518 2176 635 2219 legum
664 2174 984 2207 ecclesiasticarum
1009 2183 1153 2207 securus
1169 2198 1178 2213 ,
1204 2173 1319 2218 ipsum
1346 2173 1630 2207 Cantacuzenum
1646 2199 1656 2214 ‚
1681 2175 1749 2220 qui

312 2221 450 2255 bellum
476 2222 622 2255 minime
651 2221 843 2259 excitarat,
878 2220 942 2253 sed
965 2220 1117 2253 multum
1141 2230 1182 2251 ac
1205 2229 1312 2264 saepe
1349 2230 1473 2263 pacem
1511 2222 1750 2264 expetiverat,

313 2268 536 2301 anathemati
562 2277 642 2300 cum
665 2266 879 2312 sequacibus
905 2266 1082 2306 subiecit,
1106 2267 1207 2311 quasi
1233 2266 1272 2298 in
1308 2265 1570 2308 imperatricem
1608 2277 1645 2299 se
1678 2276 1746 2299 ne·

314 2325 424 2359 quam
447 2313 710 2358 praestitisset3
742 2323 821 2345 cum
847 2316 967 2345 tamen
990 2322 1064 2344 non
1087 2312 1165 2355 ipse
1201 2312 1316 2344 solum
1351 2322 1493 2355 prorsus
1526 2312 1748 2347 contrarium

316 2361 473 2401 faceret,
507 2359 571 2392 sed
605 2363 639 2392 et
667 2369 748 2392 suos
786 2357 832 2390 ad
866 2357 963 2390 idem
998 2357 1253 2394 cohortaretur,
1301 2357 1376 2390 Nec·
1399 2368 1483 2390 vero
1511 2357 1610 2391 illam
1637 2357 1744 2391 dum·

316 2410 435 2447 taxat,
469 2405 499 2438 si
539 2403 684 2450 quando
719 2404 797 2436 eius
830 2407 907 2436 erat
928 2401 1097 2436 habenda
1120 2405 1259 2436 mentio
1274 2428 1283 2442 ‚
1308 2403 1598 2447 perhonorifice,
1621 2414 1749 2437 verum

316 2452 406 2484 alios
432 2462 507 2484 non
530 2456 601 2484 tam
626 2451 782 2495 propriis
810 2460 933 2482 eorum
958 2448 1163 2482 nominibus
1187 2449 1437 2493 appellitabat‚
1452 2460 1558 2495 quam
1581 2461 1602 2482 a
1627 2448 1748 2493 digni-

318 2497 476 2536 tatibus,
521 2507 610 2541 quas
651 2495 848 2540 gerebant,
880 2495 988 2528 modo
1024 2494 1069 2527 ab
1094 2494 1300 2528 Andronico
1327 2496 1542 2540 imperatore
1566 2495 1652 2539 ipsis
1679 2495 1746 2528 tri-

316 2542 428 2576 butae
454 2549 592 2584 essent3
611 2553 692 2576 nam
719 2553 810 2586 quae
835 2546 959 2586 postea
984 2541 1076 2574 facta
1101 2545 1214 2581 erant,
1243 2551 1367 2574 eorum
1391 2541 1580 2574 maximam
1606 2545 1748 2585 partem

315 2600 390 2623 non
417 2588 605 2632 probabat.
642 2589 686 2621 Et
710 2598 787 2620 cum
814 2586 960 2632 quidam
984 2587 1029 2620 de
1054 2588 1128 2619 suis
1153 2597 1270 2620 coram
1295 2588 1373 2631 ipso
1399 2586 1743 2631 Apocauchum,cu-

315 2634 433 2668 biculi
459 2636 548 2667 sacri
574 2634 808 2678 praefectum,
820 2638 858 2665 et
882 2633 992 2666 alium
1021 2632 1432 2678 quendam-Byzantium
1457 2633 1555 2678 turpi
1579 2631 1746 2665 convicio

317 2681 547 2721 incessisset,
575 2692 657 2713 eum
682 2680 863 2724 praecepit
884 2679 1052 2724 vapulare
1082 2678 1269 2724 dixitque,
1301 2678 1512 2712 mulieribus
1543 2679 1742 2712 meretrici-

316 2725 386 2760 bus
410 2726 595 2758 levitatem
620 2725 871 2759 huiuscemodi
897 2724 1085 2758 convenire
1101 2749 1110 2764 ,
1132 2725 1225 2757 viros
1251 2735 1404 2769 pugnam
1431 2724 1567 2760 decere.

412 2773 467 2806 31.
519 2772 686 2806 Ceterum
711 2771 756 2804 ad
783 2771 991 2807 Thessaliae
1019 2775 1217 2816 praetorem
1242 2769 1516 2805 monomachum
1550 2775 1587 2804 et
1617 2772 1746 2814 proto-r
