1800 3146
536 182 911 228 ms'romARUM
951 189 1024 240 111.
1054 188 1120 236 7³·
1427 166 1538 234 455

114 281 214 342 ὅπερ
245 286 349 328 εἰσίν
376 286 591 342 ἡγεῖσθαι,
619 286 892 343 συκοφάντας.
960 289 987 344 ἤ
1026 291 1190 342 βασιλὶς
1227 290 1305 342 μὲν
1333 284 1409 331 οὖν
1436 287 1581 344 πρὸςΑ.
1593 293 1631 329 C.
1651 291 1736 339 ¹343

114 350 212 399 τούς
240 350 386 407 λόγους
414 352 488 393 οὐκ
517 353 704 395 ἐπείθετο
721 387 734 406 ,
776 355 875 396 ου’δὲ
903 355 1027 396 δικῶν
1056 354 1215 411 ἔφασκε
1253 354 1327 396 καί
1365 355 1544 408 ἐλέγχων

112 415 217 471 πρὸς
242 419 314 469 ἐμὲ
343 416 591 472 δεήσεσθαι,
618 419 710 460 ἀλλ’
739 416 1027 462 ἀνυπεύθυνον
1053 421 1277 476 παρείχετο
1301 418 1374 475 τῆν
1391 419 1444 475 ἄρ
1449 419 1541 473 χήν.

112 483 216 534 ἐμοῦ
245 484 290 524 δὲ
319 485 395 524 ου’κ
434 485 643 537 α’νιέντος,
682 482 790 526 ἀλλὰ
818 486 1067 538 βιαζομένου
1094 485 1172 542 τὴν
1195 485 1294 540 περὶ
1319 489 1393 540 τῆς
1429 485 1545 541 δίκης

85 549 368 602 5ἑποιγγελίαν,
396 550 581 592 ἐπείθετο
610 551 943 604 α’ναγκασθεῖσα,
972 551 1046 593 καί
1072 548 1220 608 ὅρκους
1249 549 1441 607 α’λλήλοις
1463 569 1545 593 πα-

109 613 337 667 ρειχόμεθα
367 614 438 657 ἐπὶ
463 616 536 657 τοῦ
562 615 852 673 πατριάρχου,
879 615 954 672 τὴν
976 619 1054 670 μὲν
1079 619 1288 672 μηδεμίαν
1315 619 1406 659 κατ’
1434 618 1541 670 ἐμοῦ
1551 622 1580 657 C

110 678 324 736 ἀπόφασιν
350 681 569 735 ἐξενεγκεῖν
593 698 717 735 ποτε,
747 687 992 725 πεισθεῖσαν
1021 684 1303 739 συκοφάνταις
1319 716 1330 738 ,
1374 679 1465 724 ἄλλ’
1477 681 1545 723 ἐπὶ
1552 690 1595 723 V.
1609 690 1676 735 485

105 742 181 799 τήν
218 747 335 800 δίκην
368 750 507 789 καλεῖν
543 747 617 790 καὶ
654 747 848 802 ἐλέγχους
886 752 1099 790 ποιεῖσθαι
1139 751 1221 791 τῶν
1248 745 1542 803 α’δικημάτων·

108 812 183 863 ἐμὲ
219 813 266 852 δὲ
306 813 516 865 μηδέποτε
554 815 652 868 περὶ
686 813 817 868 αὐτὴν
858 813 1185 868 ἆγνωμονήσειν,
1234 815 1335 868 μηδ’
1373 815 1546 866 ἐπιβου-

61 876 274 923 ιολεύσειν
313 878 423 934 ακῧτῇ
450 877 633 928 καὶτοῖς
659 881 781 921 παισί
806 879 911 935 πρὸς
938 878 1014 933 τὴν
1047 878 1204 934 α’ρχην,
1250 875 1356 920 ἀλλὰ
1385 880 1470 919 πᾶν
1500 875 1545 918 ὅ-

108 943 225 983 τιοῦν
257 942 361 998 ὑπέρ
389 959 435 985 τε
463 945 601 986 αὐτῶν
627 944 700 986 καί
722 947 797 999 τῆς
824 947 939 1002 κοινῇ
954 945 1171 998 Ῥωμαίων
1188 945 1396 1000 ὠφελείας
1412 940 1544 999 πράτ-

106 1022 206 1050 τειν.
261 1007 339 1062 ἐγώ
370 1011 416 1050 δὲ
443 1011 517 1051 καί
540 1009 697 1052 τούτων
724 1009 830 1052 οὕτω
858 1011 1258 1062 κατεσκευασμένων,
1286 1007 1348 1051 ἔτι
1375 1009 1452 1064 τήν
1469 1025 1545 1062 γυ-

106 1075 289 1114 ναικείαν
317 1073 464 1123 δεδιώς
496 1071 740 1129 ἀσθένειαν,
775 1075 833 1131 μή
874 1078 955 1130 οὔχ
996 1077 1110 1118 οῗατε
1148 1072 1175 1133 ᾗ
1213 1071 1322 1116 οὕτω
1366 1077 1545 1129 μεγαλο-

107 1136 321 1194 φροσύνην
347 1138 422 1181 καὶ
449 1144 659 1194 λογισμῶν
686 1140 1001 1184 ἐπιδείκνυσθαι
1030 1143 1290 1198 περιουσίαν,
1319 1141 1412 1181 ἄλλ’
1436 1140 1547 1182 α’πα-

56 1207 244 1258 ι5τηλοΐς
278 1205 352 1246 καί
376 1208 609 1262 περιέργοις
644 1205 783 1261 λόγοις
826 1209 899 1249 καί
935 1208 1233 1262 συκοφαντίαις
1274 1210 1547 1261 παραχθεῖσα

105 1267 210 1323 πρὸς
238 1268 312 1311 τὸν
339 1272 427 1313 κατ’
454 1272 561 1324 ἐμοῦ
587 1269 770 1326 πόλεμον
799 1272 970 1330 ὅρμηθῇ
997 1270 1022 1327 ἧ
1051 1273 1240 1325 βασιλίς,
1284 1270 1358 1313 τὸν
1395 1287 1546 1326 πατρι-

106 1332 242 1389 άρχην
280 1335 408 1388 μόνον
446 1339 704 1393 παραλαβών
747 1338 822 1379 καί
858 1339 1020 1378 πολλῶν
1046 1334 1293 1391 ὑπομνήσας
1330 1333 1590 1391 εὖεργετη-Ι)

104 1401 250 1451 μα’των
289 1399 561 1457 ὑπηργμένων
595 1407 697 1457 παρ’
733 1405 854 1456 ἐμοῦ,
883 1401 1027 1445 ἔπειτα
1055 1400 1231 1457 ἐδεόμην
1256 1404 1339 1443 τῶν
1367 1401 1471 1455 ὑπὲρ
1504 1403 1548 1443 έ-

104 1468 190 1517 μοῦ
228 1465 401 1506 δικαίων
430 1466 606 1519 ἔχεσθαι
644 1467 718 1508 καί
741 1469 926 1520 βασιλίδι
954 1473 1198 1523 παραινεῖν,
1246 1467 1338 1508 ἐπεὶ
1360 1472 1548 1509 συνεῖναι

51 1529 174 1573 ποτὸν
209 1529 345 1572 πάντα
381 1529 535 1585 χρόνον
561 1534 704 1585 μέλλει
731 1532 951 1590 Βυζαντίῳ
979 1535 1276 1587 ἐνδιατρίβων,
1318 1531 1378 1586 μὴ
1406 1533 1546 1573 πείθε-

104 1599 207 1638 σθαι
235 1603 321 1645 τοῖς
361 1595 667 1652 συκοφάνταις,
705 1599 813 1652 μηδὲ
849 1596 930 1653 πρὸ
961 1599 1075 1652 δίκης
1113 1598 1217 1650 ἐμοῦ
1255 1598 1547 1651 καταψηφίζε-

103 1665 222 1714 σθαι,
252 1660 308 1710 ὥς
337 1664 412 1715 τῆς
443 1663 489 1703 ἐκ
516 1659 665 1703 τούτου
695 1663 899 1718 ω’φελείας
928 1665 1005 1703 ov'n
1034 1664 1093 1711 εἰς
1118 1661 1247 1715 μόνον
1276 1662 1349 1714 ἐμὲ
1376 1662 1544 1713 διαβαι-

103 1725 282 1782 νούσης,
312 1723 403 1769 ἀλλ’
430 1727 490 1776 εἰς
524 1724 711 1777 ἅπαντας
739 1731 857 1786 κοινῇ
876 1727 1133 1782 Ῥωμαίους·
1190 1721 1248 1770 ὧν
1275 1729 1437 1770 δίκαιον
1463 1723 1545 1769 αὕ-

101 1897 325 1927 accusatores
351 1892 390 1927 id
414 1892 513 1938 quod
537 1897 682 1933 essent,
707 1891 953 1937 sycophantae
977 1891 1163 1933 nimirum,
1187 1891 1419 1926 haberentur.
1467 1892 1543 1926 Im-

100 1939 261 1984 peratrix
297 1938 366 1972 hac
399 1940 565 1973 oratione
603 1939 700 1973 nihil
733 1944 849 1980 mota,
882 1937 982 1972 haud
1013 1938 1150 1973 iudicio
1186 1943 1224 1972 et
1258 1939 1541 1983 probationibus

99 1985 288 2019 adversum
312 1997 371 2019 me
397 1997 487 2030 opus
514 1996 590 2020 esse
615 1986 726 2020 dixit:
755 1991 793 2020 et
813 1986 958 2030 imperii
980 1985 1276 2030 gubernationem
1292 1987 1341 2018 ita
1366 1985 1542 2026 reddidit,

100 2036 142 2065 ut
166 2043 186 2063 a
210 2030 409 2066 referendis
430 2032 635 2066 rationibus
661 2033 807 2077 penitus
831 2042 888 2065 me
918 2031 1133 2065 absolveret.
1178 2031 1239 2064 Me
1264 2042 1348 2064 vero
1372 2041 1541 2075 perseve-

96 2083 200 2112 rante
225 2083 262 2111 et
285 2083 446 2122 urgente,
458 2084 499 2111 ut
525 2079 700 2112 iudicium
728 2079 970 2125 promitteret,
991 2079 1119 2112 nolens
1143 2078 1295 2111 annuit:
1319 2083 1357 2110 et
1382 2078 1540 2112 vicissim

97 2129 285 2170 praesente
325 2125 530 2170 patriarcha
572 2125 788 2166 iuravimus,
826 2126 903 2170 ipsa
949 2124 1120 2171 quidem,
1159 2135 1342 2170 nunquam
1380 2124 1540 2167 impulsu

98 2170 402 2216 sycophantarum
429 2178 554 2206 contra
578 2183 636 2206 me
662 2172 879 2207 senteutiam
907 2172 1236 2216 pronuntiatur-arn,
1262 2170 1325 2203 sed
1349 2169 1539 2214 probatio-

99 2229 164 2251 nes
198 2217 386 2251 criminum
422 2219 680 2264 requisiturum
725 2227 762 2252 et
804 2217 988 2252 iudicibus
1033 2229 1106 2250 rem
1131 2217 1307 2262 integram
1334 2222 1540 2250 reservatu-

98 2275 197 2299 ram:
225 2275 288 2308 ego
310 2269 444 2306 autem,
457 2277 639 2310 nunquam
666 2267 700 2299 ei
723 2265 893 2311 iniquum
917 2265 1091 2302 futurum,
1107 2275 1226 2309 neque
1255 2262 1324 2307 ipsi
1351 2268 1388 2297 et
1411 2262 1538 2307 liberis

97 2312 176 2344 eius
213 2315 362 2355 propter
400 2312 589 2356 imperium
622 2312 774 2346 insidias
805 2312 1039 2351 moliturum,
1076 2310 1140 2343 sed
1167 2309 1349 2355 quidvis,
1368 2308 1466 2354 quod
1491 2321 1536 2343 ex

97 2358 175 2390 eius
195 2369 261 2390 usu
288 2362 324 2390 et
348 2368 386 2391 re
412 2358 559 2402 publiea
584 2359 644 2399 sit,
668 2364 929 2403 suscepturum.
980 2357 1044 2390 His
1074 2355 1124 2390 ita
1150 2356 1279 2400 gestis,
1315 2355 1432 2389 adhuc
1455 2367 1535 2389 mu-

95 2402 249 2436 liebrem
275 2404 375 2437 illius
399 2402 645 2449 infirmitatem
674 2406 831 2442 veritus,
870 2415 917 2438 ne
943 2404 1082 2437 scilicet
1105 2414 1229 2449 parum
1256 2407 1442 2446 praestans
1468 2413 1532 2435 ex-

98 2451 260 2484 celsitate
285 2450 397 2482 animi
425 2457 462 2484 et
485 2453 692 2495 maturitate
718 2451 875 2490 consilii,
899 2449 1090 2485 fallacibus
1125 2454 1162 2482 et
1193 2449 1397 2490 artificiosis
1434 2449 1533 2482 calu-

95 2498 316 2530 mniatorum
342 2496 465 2530 delusa
484 2498 782 2538 sermonibus,ad
803 2497 944 2533 bellum
971 2502 1095 2530 contra
1120 2505 1176 2527 me
1203 2495 1417 2542 insurgeret,
1450 2506 1533 2529 cum

96 2541 298 2587 patriarcha
338 2554 496 2586 seorsum
539 2546 618 2589 egi,
653 2545 867 2579 meritorum
904 2556 925 2578 a
959 2555 1018 2577 me
1054 2543 1148 2575 ultro
1185 2542 1241 2588 ilkli
1276 2541 1532 2586 praestitorum

95 2590 303 2622 memoriam
342 2591 376 2622 ei
413 2600 589 2625 renovans
632 2596 669 2624 et
705 2603 831 2631 oram,
880 2592 935 2624 uti
970 2599 1110 2622 causam
1148 2599 1263 2621 meam
1294 2593 1457 2622 tueretur
1496 2594 1534 2622 et

96 2638 314 2681 Augustam,
342 2647 497 2680 quacum
535 2638 694 2681 Byzantii
732 2648 872 2681 semper
897 2642 990 2670 esset
1015 2637 1198 2675 victurus,
1228 2635 1459 2675 admoneret,
1485 2646 1530 2668 ne

97 2682 329 2726 sycophantis
356 2683 519 2717 crederet
559 2696 647 2718 neve
673 2691 755 2717 ante
798 2684 974 2717 iudicium
999 2694 1055 2715 me
1081 2681 1357 2722 condemnaret,
1384 2682 1530 2726 quando

97 2729 135 2760 id
169 2741 241 2762 non
278 2728 367 2760 mihi
392 2731 459 2762 soli
475 2756 484 2770 ,
510 2730 573 2764 sed
612 2733 849 2764 Romanorum
878 2730 1107 2763 universitati
1132 2741 1275 2776 quoque
1300 2729 1529 2773 profuturum

97 2781 207 2810 esset:
242 2774 374 2823 quibus
407 2777 573 2826 omnibus
604 2777 733 2820 ille,ut
757 2782 879 2824 pastor
902 2781 938 2810 et
961 2781 1058 2811 tutor
1069 2781 1107 2810 et
1119 2776 1324 2821 magisterba
1345 2776 1423 2822 Deo
1453 2774 1527 2808 ele-
