1820 3152
324 170 436 244 574
854 184 1222 229 CANTACUZENI

128 292 389 337 Δ.0.ι346σιν
427 290 500 329 καί
535 284 611 340 τὴν
647 286 867 328 ἐπιείκειαν
899 288 980 329 τῶν
1011 286 1174 343 τρόπων
1219 289 1341 331 ου’δὲν
1369 288 1577 347 πρός“τὴν
1602 291 1755 348 βουλὴν

322 357 538 407 α’ντεῖπεν,
594 351 698 394 α’λλά
745 354 1118 410 συνεπεψηφίζετο.
1187 356 1310 411 δῆλος
1347 356 1393 397 δὲ
1431 351 1486 412 ἤν
1522 355 1757 411 ἀχθόμενος

321 418 427 476 πρὸς
453 419 505 461 τὰ
534 415 814 474 πραττόμενα.

199 493 235 531 Ρ.
247 493 316 538 676
435 483 516 530 (ἰδ’.
566 483 680 526 Ἐπεί
706 485 752 525 δὲ
780 485 967 526 ἐδέδοκτο
996 487 1097 527 πᾶσι
1124 487 1239 544 κοινῇ
1265 491 1528 543 προσχωρεῖν
1551 491 1609 546 τῷ
1635 491 1756 541 βασι-

288 556 413 605 Βλεῖ,
442 548 701 606 πρεσβευτὰς
729 550 903 606 ᾑροῦντο
935 550 1040 606 πρὸς
1069 551 1421 608 Καντακουζηνὸν
1449 551 1663 609 Μανουὴλ
1688 553 1784 597 τὸνό

317 618 524 671 βασιλέως
568 614 659 657 υἱὸν
700 616 745 657 ἐν
784 614 969 675 Βερῥοίᾳ
1009 619 1302 671 διατρίβοντα,
1353 616 1565 661 Νικόλαόν
1600 634 1646 660 τε
1682 618 1757 661 τὸν

318 681 575 736 Καβάσιλαν
611 683 684 723 καί
717 682 965 737 Φαρμάκην.
1032 677 1083 737 ἦν
1124 681 1203 738 γὰρ
1243 685 1434 733 ἐξουσίαν
1467 683 1666 739 βασιλεὺς
1700 686 1760 741 τῷ

317 749 397 804 υἱῷ
428 749 767 802 παρεσχημένος,
808 745 853 789 εἴ
884 765 948 798 τις
985 750 1069 790 τῶν
1096 746 1257 790 πόλεων
1285 748 1452 805 προσιόι
1504 751 1578 791 καί
1621 751 1757 792 δέοιτο

319 813 450 855 αὐτοῦ
491 813 740 868 εὐεργεσιῶν
767 829 890 856 τινων
921 819 1084 868 τυχεῖν,
1118 817 1317 870 παρέχειν
1343 817 1421 868 μὲν
1461 817 1642 869 ἐκεῖνον,
1671 811 1753 857 ὅσα

316 879 477 933 νομίζοι
507 878 762 935 προσήκοντα
796 882 868 921 καί
899 878 1054 922 δυνατά
1075 897 1086 908 ·
1114 882 1298 936 στέργειν
1327 883 1373 923 δὲ
1403 879 1530 923 αὐτὸν
1568 882 1641 923 καί
1681 896 1810 923 aea-10

317 944 370 987 τὰ
398 946 560 1000 μηδένα
587 943 741 1000 τρόπον
770 947 999 1001 πειρᾶσθαι
1026 946 1263 988 καταλύειν.
1318 943 1347 987 ἃ
1384 945 1462 987 καὶ
1504 946 1756 988 Θεσσαλονι-

318 1015 403 1059 κεῖς
433 1008 613 1063 εἰδότες,
663 1008 845 1063 ἔπεμπον
884 1009 982 1060 τούς
1021 1014 1217 1066 πρέσβεις
1252 1010 1355 1066 πρὸς
1385 1012 1540 1054 ἐκεῖνον
1593 1013 1667 1054 καί
1707 1011 1758 1069 ᾗ-

319 1079 466 1119 rofino
497 1090 544 1116 ου
574 1074 704 1129 μόνον
737 1073 929 1119 ἀτέλειαν
957 1078 1074 1135 κοινῇ
1101 1080 1150 1134 τῇ
1189 1077 1400 1132 πόλει,α
1374 1075 1481 1119 dici
1521 1075 1595 1119 καὶ
1628 1079 1758 1132 πριμὶ-

315 1143 493 1199 μικηρίω
532 1157 579 1183 τε
615 1159 672 1199 τῳ
710 1140 888 1200 μεγάλω
929 1144 1002 1184 καί
1040 1148 1127 1205 τοῖς
1166 1137 1305 1217 αλλοις
1346 1160 1369 1185 τ
1460 1144 1759 1199 δυνατωτέρων

274 1207 404 1266 Cc’dc'a
433 1205 560 1261 τιμάς
586 1223 656 1249 και
684 1204 916 1263 προσόδους
939 1224 1014 1257 τας
1058 1207 1348 1264 προσηκούσας
1393 1207 1467 1249 καί
1494 1211 1547 1271 τῇ
1580 1209 1810 1265 στρατιᾷιό

317 1290 388 1315 και
417 1280 502 1323 τοῖς
531 1269 670 1322 ἄλλοις
700 1276 789 1326 μετ’
808 1273 990 1322 ἐκείνους
1018 1270 1176 1315 εκάστω
1205 1290 1310 1315 κατα
1337 1272 1411 1328 τὴν
1440 1268 1674 1328 ἀναλογίαν.
1731 1270 1754 1314 ὃ

314 1339 390 1381 τοῦ
416 1340 623 1392 βασιλέως
650 1339 697 1379 δὲ
725 1336 819 1387 υἱὸς
850 1339 1009 1380 δίκαιον
1037 1340 1211 1391 νομίσας
1238 1339 1368 1393 μηδὲν
1394 1342 1666 1394 μινρολογειν,
1682 1356 1755 1394 τη-

319 1403 520 1458 λικαύτην
538 1419 584 1457 γε
604 1403 721 1444 πόλιν
747 1404 911 1456 μέλλων
939 1401 1160 1459 προσάγειν
1187 1404 1318 1459 πατρί
1343 1403 1402 1460 τῷ
1433 1406 1622 1457 βασιλεῖ,
1651 1402 1757 1445 πάν-

317 1486 373 1512 τα
404 1465 482 1510 ὅσα
514 1469 690 1525 ᾐτοῦντο
717 1470 941 1523 παρείχετο
971 1468 1010 1509 οἱ
1037 1470 1257 1523 πρέσβεις,
1296 1467 1371 1510 καί
1396 1467 1551 1523 πολλήν
1578 1467 1654 1524 τὴν
1681 1485 1756 1525 φι-

319 1537 512 1588 λοτιμίαν
539 1534 637 1588 περὶ
661 1532 738 1582 τὰς
765 1529 1003 1589 εὖεργεσίας
1030 1534 1306 1580 ἐπεδείκνυτο.
1361 1535 1454 1577 ἐπεὶ
1489 1536 1535 1577 δὲ
1561 1537 1621 1584 εἰς
1650 1537 1811 1581 Osa-20

320 1599 539 1654 σαλονίκην
579 1601 619 1641 οἱ
654 1601 849 1654 πρέσβεις
886 1600 1088 1655 ἐπανῆκον
1119 1600 1317 1655 φέροντες
1352 1600 1425 1642 καί
1450 1598 1528 1649 τὰς
1551 1602 1758 1654 βασιλέως

321 1663 587 1721 εὐεργεσίας,
616 1663 642 1720 ἦ
670 1661 789 1713 πόλις
813 1666 892 1718 μὲν
920 1660 999 1720 ἤδη
1028 1666 1144 1706 πᾶσα
1185 1667 1381 1722 φανερῶς
1416 1665 1600 1722 εὐφήμει
1632 1669 1758 1720 βασι-

322 1734 398 1774 λέα
417 1764 428 1782 ,
460 1733 533 1773 καί
556 1730 628 1772 διὰ
658 1728 794 1785 πάσης
820 1729 1008 1786 γλώσσης
1037 1726 1187 1785 ἥδετο,
1229 1733 1302 1773 καί
1344 1731 1371 1786 ἦ
1407 1731 1579 1788 στρατιὰ
1619 1734 1694 1774 καί
1718 1731 1759 1773 οἱ

322 1793 443 1841 ἄλλοι
471 1795 622 1846 πάντες
648 1802 741 1845 ταῖς
770 1797 1013 1851 δεδομέναις
1038 1802 1178 1850 τιμαῖς
1213 1796 1427 1854 ἠρκοῦντο.
1481 1798 1683 1854 Ἀνδρέας
1711 1799 1758 1840 δὲ

421 1895 473 1930 18.
488 1892 628 1940 μέλλον
650 1893 684 1927 P
1021 1860 1034 1879 ε

326 1984 556 2025 obtinuerat,
598 1988 747 2029 propter
781 1993 859 2017 eam
899 1993 970 2029 qua
1004 1983 1149 2017 valebat
1190 1983 1468 2029 intelligentiam
1509 1982 1758 2030 humanosque

325 2042 441 2066 mores
464 2030 559 2064 nihil
583 2030 764 2063 communi
789 2030 925 2063 iudicio
947 2041 1147 2076 repugnans
1174 2031 1395 2075 subscripsit.
1442 2029 1604 2063 Dubium
1635 2035 1759 2064 tamen

325 2090 401 2113 non
425 2082 522 2119 erat,
551 2077 655 2109 illum
680 2087 773 2123 quae
803 2081 993 2121 agerentur
1017 2088 1123 2122 aegre
1153 2077 1256 2110 ferre.

418 2127 475 2169 94.
534 2125 728 2168 Postquam
764 2124 904 2168 placuit
945 2123 1136 2164 omnibus,
1178 2124 1466 2158 Cantacuzenum
1506 2124 1758 2167 imperatorem

329 2170 668 2216 complectendum,
695 2170 741 2203 ad
764 2170 969 2204 Manuelem
998 2171 1285 2204 Cantacuzenum
1311 2171 1387 2203 eius
1413 2170 1529 2203 filium
1555 2169 1758 2204 Berrhoeae

327 2223 530 2253 morantem
546 2242 555 2258 ‚
580 2217 770 2250 Nicolaum
796 2216 998 2249 Cabasilam
1026 2222 1062 2250 et
1080 2216 1293 2251 Pharmacen
1320 2218 1456 2261 legatos
1485 2216 1658 2261 deligunt.
1685 2217 1760 2251 De·-

332 2266 434 2299 derat
458 2270 579 2298 autem
603 2264 679 2297 filio
704 2268 919 2308 potestatem
944 2269 1070 2308 pater,
1095 2268 1137 2295 ut
1160 2264 1191 2295 si
1217 2275 1286 2308 qua
1313 2263 1457 2296 urbium
1481 2274 1519 2296 se
1546 2263 1697 2296 dederet
1720 2268 1758 2297 et

331 2312 378 2345 ab
417 2321 459 2345 eo
494 2310 637 2355 aliquid
668 2309 837 2343 beneficii
869 2315 1028 2355 rogaret,
1067 2315 1267 2354 praestaret
1297 2320 1410 2365 quae
1427 2309 1554 2343 decere
1605 2314 1643 2343 et
1678 2309 1758 2344 fieri

327 2369 434 2402 posse
463 2359 707 2391 existimaret:
737 2368 795 2398 se,
821 2368 915 2401 quae
940 2357 1086 2401 egisset,
1111 2356 1212 2389 firma
1240 2363 1276 2391 et
1305 2362 1380 2391 rata
1398 2357 1437 2390 in
1451 2360 1667 2402 perpetuum
1691 2357 1760 2391 ha·
1808 2382 1816 2390 ι

327 2404 501 2438 biturum.
541 2403 661 2448 Quod
686 2414 765 2436 cum
803 2403 1142 2436 Thessalonicenses
1173 2405 1323 2438 minime
1349 2403 1508 2449 fugeret,
1545 2414 1611 2448 per
1636 2409 1758 2438 orato-

327 2461 383 2484 res
420 2462 494 2485 non
530 2451 646 2483 solum
674 2450 905 2495 vectigalium
929 2450 1195 2483 immunitatem
1222 2450 1305 2484 urbi
1339 2450 1377 2483 in
1402 2460 1610 2491 commune,
1633 2461 1759 2485 verum

327 2501 367 2530 et
389 2508 516 2543 magno
541 2497 767 2542 primicerio,
793 2501 829 2530 et
852 2496 933 2529 aliis
957 2497 1225 2540 potentioribus
1252 2497 1446 2543 separatim
1486 2497 1662 2538 honores,
1703 2508 1762 2531 re-

328 2543 499 2588 ditusque
524 2543 695 2577 honestos
711 2569 720 2584 ‚
758 2522 1001 2588 similiterque
1023 2544 1235 2588 praesidio,
1273 2550 1310 2579 et
1343 2543 1444 2583 aliis,
1470 2545 1670 2589 unicuique
1693 2555 1758 2589 pro

327 2591 496 2634 portione
531 2590 715 2623 commoda
748 2594 887 2634 petunt.
937 2591 1164 2634 Imperatoris
1200 2591 1296 2624 filius
1320 2601 1394 2624 non
1418 2589 1490 2623 sibi
1514 2591 1759 2635 scrupulosius

329 2636 549 2670 causandum
586 2642 736 2680 putans,
771 2641 812 2669 ut
848 2637 1105 2681 amplissimam
1141 2637 1327 2671 civitatem
1359 2637 1453 2681 patri
1482 2637 1610 2670 liceret
1634 2637 1763 2682 acqui

328 2692 427 2723 rere,
452 2683 618 2716 concedit
642 2683 781 2723 omnia,
807 2693 917 2729 seque
941 2683 1015 2716 illis
1041 2683 1265 2728 gratificandi
1293 2682 1564 2728 cupidissimum
1590 2683 1761 2718 ostendit.

327 2729 470 2773 Legatis
495 2728 786 2763 Thessalonicam
812 2731 960 2763 reversis
988 2741 1067 2763 cum
1094 2729 1281 2764 beneficiis
1305 2729 1529 2774 impetratis,
1563 2734 1638 2763 tota
1675 2730 1760 2764 mbs

329 2774 540 2822 imperatori
568 2777 690 2811 omnia
712 2777 830 2811 fausta
854 2787 894 2811 ac
921 2776 1042 2812 felicia
1069 2779 1309 2824 comprecari,
1336 2787 1488 2822 eumque
1505 2777 1665 2812 omnium
1690 2778 1764 2812 lin-
