1812 3138
542 153 924 197 mSTOmARUM
965 157 1148 203 111.a9.
1456 137 1567 210 293

115 254 190 310 τῆς
218 255 416 309 στρατιᾶς
446 252 470 295 ὅ
499 252 815 310 διαφορώτατος
842 251 1012 309 ἐνόσησε
1041 257 1115 296 καί
1138 255 1455 311 διεκαρτέρησεν
1483 256 1607 297 ἐκεῐἉ.
1621 261 1660 297 C.
1675 262 1763 307 ¹342

115 318 142 375 ἦ
177 318 350 376 στρατιοὶ
381 321 789 375 ἐστρατοπεδευμένη
817 322 920 372 μίαν
954 321 1116 376 ἡμέραν
1145 322 1215 362 ἐπι
1243 322 1354 362 δέκα.
1410 321 1503 363 ἐπεὶ
1531 323 1571 363 δ’

115 385 267 436 ἐκεῖνος
295 382 410 441 ᾄάων
437 380 519 440 ἦν,
549 387 735 440 Λίβερος
760 387 992 439 κατειχετο“
1002 389 1054 444 τῇ
1084 386 1191 444 νόσω
1219 387 1292 428 καί
1317 385 1402 427 ἔδει
1421 387 1569 428 τοσοῦ-

113 465 185 492 τον
208 447 360 505 χρόνον
388 452 625 505 περιμένειν
669 447 699 503 ἦ
741 453 815 492 καί
840 451 984 493 πλείω.
1045 452 1270 508 ῥαΐσαντος
1301 453 1346 493 δὲ
1376 453 1535 494 ἐκείνου
1553 485 1566 505 ,

90 513 154 557 5οἱ
182 514 322 556 λοιποί
348 512 521 557 ἐνόσουν
551 516 633 558 τῶν
662 513 881 570 ἀρχόντων
909 533 976 557 και
1002 514 1026 571 ἧ
1052 515 1226 572 στρατιὰ
1247 515 1452 569 σύμπασα
1469 533 1568 572 σχε-

113 578 203 622 δόν.
257 580 427 632 μέλιτος
453 579 535 636 γὰρ
567 579 877 636 ἐμφορούμενοι
906 585 978 624 καί
1004 585 1158 638 κρεῶν,
1188 578 1248 624 ὧν
1278 583 1302 637 ἡ
1331 582 1453 637 χώρα
1481 580 1566 636 μα’-

109 648 233 686 λιστα
261 642 456 701 εὐπόρει,
500 643 590 688 εἶτα
620 646 919 700 ἀποθλίβοντες
944 650 1016 689 καί
1045 646 1263 703 σταφυλάς
1291 647 1364 689 καί
1404 651 1481 690 τοῦ
1510 649 1607 690 οἷ-Ῑ)

108 710 360 766 ποᾷῥέοντος
390 708 541 753 αὐτίκα
570 713 897 767 ἐμφορούμενοι,
926 715 986 762 εἷς
1014 712 1220 769 πυρετοῦς
1250 715 1467 756 ἐνέπιπτον
1494 717 1567 756 καί

108 775 247 831 φθόας
266 809 278 830 ,
341 776 480 818 ἔπειτα
511 778 772 832 α’πέθνησκον
806 776 1152 833 κατεργαζόμενοι
1188 777 1270 820 ὖπό
1314 781 1386 834 τῆς
1422 781 1560 822 νόσου.

58 843 178 883 lonae*
201 845 284 884 τῶν
311 858 357 883 τε
383 841 567 895 μάλιστα
598 845 644 884 ἐν
673 840 778 901 λόγῳ
808 843 1084 898 ἐτεθνήκεσαν
1112 843 1186 885 οὐκ
1215 840 1357 897 ὀλίγοι,
1387 845 1460 886 καί
1487 847 1562 901 τῆς

105 910 304 961 στρατιᾶς
331 907 436 962 ὑπὲρ
478 911 771 958 πεντακοσίους
808 910 881 950 καί
916 912 1106 963 χιλίους·
1159 909 1378 962 Ῥωμαίων
1408 912 1454 951 δὲ
1478 914 1561 952 τῶν

100 975 276 1025 βασιλεῖ’
297 971 508 1015 συνόντων
549 974 650 1015 σι’δὲ
692 969 765 1027 εἷς,
803 970 895 1016 οὔτε
920 972 1006 1029 μήν
1035 973 1247 1030 ἐνόσησεν.
1297 971 1559 1026 Ἀπόκαυκος

103 1039 151 1080 δὲ
191 1037 215 1079 ὅ
250 1041 380 1093 μέγας
411 1037 514 1090 δοὺξ
541 1040 633 1081 ἐπεὶ
661 1040 842 1082 ἐπύθετο
883 1038 958 1082 τόν
996 1037 1350 1094 Καντακουζηνὸν
1378 1043 1557 1094 βασιλέα

100 1103 302 1159 στρατιάν
329 1102 475 1159 ἔχοντα
504 1106 549 1145 ἐκ
587 1107 805 1160 Τριβαλῶν
832 1106 931 1160 περὶ
963 1104 1105 1161 Φεράς
1124 1107 1555 1160 ἐστρατοπεδευμένον

50 1165 211 1210 ιόεἶναι
259 1168 332 1211 καί
368 1171 573 1249 μέλλοντα
602 1172 662 1228 εἰς
689 1170 1000 1224 Διδυμότειχον
1030 1168 1262 1225 ἐπανήκειν,
1292 1170 1397 1213 κατὰ
1427 1169 1556 1225 τάχος

99 1233 255 1314 ἔπεμπε
283 1232 468 1290 τριήρεις
495 1250 555 1283 εις
584 1235 899 1290 Χριστούπολιν
917 1266 930 1288 ,
987 1231 1076 1288 ἅμα
1107 1237 1153 1278 δὲ
1181 1253 1250 1277 και
1282 1253 1483 1292 στρατιαν
1508 1239 1554 1279 ἐκ

99 1301 175 1355 τῆς
208 1299 399 1355 ἠπείρου,
430 1317 488 1350 ως
513 1298 558 1342 τό
589 1301 721 1342 ἐκεῖσε
748 1303 944 1355 τείχισμα
974 1298 1235 1377 φυλάξοντας
1256 1319 1322 1343 και
1345 1301 1554 1344 κωλύσον-

96 1380 173 1414 τας
201 1367 434 1418 διαβαίνειν
459 1364 536 1420 τήν
564 1365 781 1422 στρατιάν.
838 1369 890 1421 ἦν
916 1365 998 1420 γάρ
1029 1381 1050 1406 ο
1082 1364 1208 1415 τόπος
1236 1369 1481 1422 ἐπιτηδείως
1508 1366 1551 1410 ἔ-

93 1446 184 1483 χων
213 1433 273 1478 εἷς
301 1430 498 1486 φυλακήν
525 1430 601 1486 τήν
631 1434 677 1472 ἐκ
705 1433 788 1474 τῶν
818 1429 1026 1485 ὃπλιτων,
1067 1447 1115 1472 ου
1148 1430 1219 1473 δια
1249 1430 1321 1474 τὸν
1351 1433 1550 1487 ἐπιτειχι-

32 1494 202 1550 -αοτμόν
227 1497 379 1549 μόνον,
420 1496 510 1537 ἀλλ’
540 1493 606 1536 ὅτι
635 1496 707 1537 καί
732 1498 976 1551 κρημνώδης
1006 1493 1064 1538 ὢν
1122 1495 1325 1539 δύσκολον
1364 1505 1449 1548 τοῖς
1475 1497 1669 1541 ἱπ-Ρ.5ιι

91 1563 217 1603 πεῦσι
243 1559 466 1616 παρείχετο
492 1560 567 1615 τήν
595 1562 746 1613 δίοδον,
775 1559 958 1613 μάλιστα
991 1564 1031 1603 εἰ
1056 1560 1129 1602 καί
1154 1561 1235 1604 ὑπό
1262 1579 1383 1604 τινων
1410 1562 1548 1606 κωλύ-

92 1641 210 1668 οιντο.
281 1625 320 1668 οἱ
364 1628 568 1682 Τριβαλοί
605 1627 651 1668 δὲ
693 1628 876 1679 μάλιστα
918 1628 995 1678 μὲν
1037 1625 1105 1667 διὰ
1142 1626 1218 1681 τήν
1246 1626 1368 1668 νόσον
1397 1628 1472 1670 καί
1495 1630 1540 1670 τὸ
1564 1627 1677 1673 V·4¹¹

91 1689 270 1740 πολλοὺς
303 1690 581 1746 ἀποθνήσκειν
617 1694 718 1733 καθ’
747 1691 931 1746 ἡμέραν,
981 1690 1062 1745 οὔχ
1102 1688 1249 1746 ἥκιστα
1285 1694 1332 1735 δὲ
1369 1695 1441 1734 καί
1470 1685 1542 1736 δια

88 1755 134 1799 τὸ
163 1757 379 1799 πυθέσθαι
403 1755 449 1799 τό
479 1757 678 1813 τείχισμα
711 1755 794 1799 ὑπὸ
833 1753 1055 1810 Ῥωμαίων
1095 1754 1393 1813 κατεχόμενον,
1437 1760 1540 1802 α’να-

185 1847 235 1881 15.
262 1847 327 1880 καὶ
350 1857 419 1881 om.
444 1847 484 1882 P.

88 1912 263 1955 ducibus,
286 1914 413 1948 morbo
443 1914 661 1960 corripitur,
689 1913 896 1961 mansitque
925 1924 968 1947 eo
998 1914 1275 1954 lociexercitus
1301 1914 1378 1948 dies
1417 1916 1534 1950 unde-

86 1961 165 1994 cim.
213 1961 405 2007 Postquam
430 1961 464 1993 ei
490 1962 621 1995 melius
647 1967 702 1995 est
725 1962 872 2003 factum,
898 1961 1054 1996 Liberus
1076 1966 1263 2006 aegrotare
1290 1962 1423 2005 coepit,
1448 1974 1533 1996 rur-

84 2018 237 2052 sumque
268 2007 398 2041 diebus
430 2007 583 2042 totidem
632 2013 695 2041 aut
735 2009 844 2041 etiam
883 2007 1050 2053 pluribus
1084 2008 1163 2040 illic
1196 2007 1418 2041 haerendum
1448 2009 1530 2042 fuit.

85 2053 157 2087 Ubi
190 2053 220 2085 is
252 2065 399 2101 quoque
424 2055 629 2095 convaluit,
663 2054 825 2099 reliquos
852 2054 959 2087 duces
987 2065 1029 2086 ac
1051 2058 1166 2088 totum
1190 2053 1304 2086 ferme
1329 2056 1528 2088 exercitum

83 2099 301 2134 valetudinis
340 2101 615 2134 incommoditas
659 2100 827 2146 pervasit.
897 2100 1084 2145 Siquidem
1125 2101 1232 2132 melle
1270 2105 1307 2133 et
1344 2101 1527 2143 carnibus,

85 2145 219 2192 quibus
252 2147 350 2192 regio
386 2149 541 2182 maxime
583 2147 768 2188 abundat,
810 2147 895 2180 farti
924 2158 966 2180 ae
1000 2147 1173 2187 distenti,
1206 2145 1339 2178 deinde
1374 2158 1417 2179 ex
1446 2148 1525 2180 uvis

84 2173 312 2237 compressi?
326 2199 468 2227 musto·
482 2194 665 2228 defluente
690 2194 837 2234 obruti,
862 2195 901 2227 in
929 2194 1049 2226 febres
1078 2199 1114 2226 et
1138 2192 1258 2226 tabem
1285 2193 1523 2227 incidebant·

83 2244 160 2274 tum
193 2241 244 2272 ita
277 2240 432 2274 consecti
466 2241 679 2280 interibant,
705 2240 990 2294 praesertimque
1018 2240 1277 2274 honoratorum
1307 2251 1380 2272 non
1417 2240 1523 2284 pauci

81 2286 342 2323 moriebantur.
389 2287 443 2320 De
469 2288 634 2332 gregaliis
659 2293 780 2322 autem
803 2287 940 2320 animas
964 2287 1106 2333 liquele
1131 2297 1239 2330 supla
1273 2285 1375 2318 mille
1410 2287 1521 2332 quin-

81 2337 229 2377 gentos:
268 2333 507 2366 Romanorum
547 2345 654 2367 nemo
691 2346 737 2367 ne
770 2339 931 2367 tentatus
955 2334 1112 2387 'quidem
1153 2338 1218 2365 est.
1283 2333 1519 2376 Apocauchus

79 2389 226 2424 magnus
254 2379 352 2420 dux,
379 2385 420 2413 ut
442 2380 732 2414 Cantacuzenum
762 2391 843 2414 cum
868 2380 982 2424 copiis
1012 2379 1234 2418 Trtba111c1s‚
1250 2388 1364 2422 prope
1390 2379 1518 2414 Pheras

79 2431 303 2467 morantem,
327 2425 622 2469 Didymotichum
646 2437 869 2460 reversurum
894 2427 1048 2465 rescivit,
1067 2425 1187 2458 subito
1217 2426 1381 2459 triremes
1407 2425 1518 2459 Chri-

79 2473 272 2517 stopolim‚
307 2472 486 2517 simulque
520 2484 565 2506 ex
600 2474 804 2507 continenti
828 2484 971 2506 manum
999 2473 1044 2504 ad
1068 2483 1206 2504 murum
1232 2469 1370 2505 ibidem
1395 2478 1516 2506 custo-

79 2518 254 2552 diendum
291 2524 328 2552 et
361 2520 514 2553 transitu
548 2520 652 2553 illum
685 2519 951 2564 prohibendum
987 2519 1096 2551 misit.
1169 2518 1255 2550 Erat
1285 2519 1381 2551 enim
1414 2519 1515 2552 locus

78 2565 280 2600 defensioni
314 2565 466 2599 idoneus
491 2567 606 2611 gravis
633 2572 835 2600 armaturae
860 2566 996 2604 militi,
1020 2576 1092 2597 non
1127 2568 1276 2608 propter
1306 2565 1398 2598 muri
1431 2567 1516 2599 alti-

76 2611 242 2646 tudinem
270 2612 481 2652 dumtaxat,
518 2612 581 2645 sed
606 2612 693 2659 quia
724 2617 872 2658 propter
907 2611 1120 2656 praecipitia
1166 2620 1311 2662 quoque
1350 2611 1516 2656 (potissi-

77 2669 175 2692 mum
215 2659 245 2691 si
278 2658 553 2704 prohibentium
585 2661 637 2692 vis
679 2659 838 2704 adesset)
878 2659 994 2702 equiti
1038 2655 1284 2701 perdifficilem
1321 2660 1514 2693 transitum

76 2704 262 2738 efficiebat.
303 2705 461 2739 Triballi
488 2711 635 2750 propter
658 2705 821 2739 morbum
849 2710 886 2737 et
912 2704 1128 2749 quotidiana
1152 2704 1347 2736 multorum
1373 2705 1514 2746 funera,

75 2761 116 2784 ac
142 2751 372 2797 praesertim,
396 2751 494 2798 quod
519 2763 659 2787 murum
685 2764 748 2787 seu
772 2751 1012 2786 munitionem
1043 2751 1144 2785 illam
1170 2761 1191 2785 a
1214 2750 1384 2786 Romania
1405 2761 1513 2786 occu-
