1800 3138
519 164 895 209 ms‘romARmu
934 168 1007 208 111.
1037 171 1100 214 35.
1417 170 1449 206 2
1463 170 1478 206 ι
1494 171 1524 226 7

104 268 245 322 ρέχειν
270 267 638 319 πολυτελεστέραν,
664 260 691 319 ἢ
736 265 853 322 αὐτῷ
888 267 1081 320 προσῆκε.
1134 268 1451 324 παρασχόμενος
1486 270 1624 311 δὲὼῦ-
1639 272 1724 318 1342

102 333 176 373 καὶ
199 332 400 387 χρυσίον,
443 332 627 372 ἐκέλευεν
663 327 803 371 οἴκαδε
839 328 1074 385 ἀναχωρεῖν
1118 335 1193 374 καὶ
1235 332 1282 374 τὸ
1308 332 1405 375 άπὸ
1435 335 1535 376 τοῦ·

103 398 151 437 δε
179 394 355 451 μηδενὸς
379 394 750 450 καταψηφιζεσθαι
785 395 882 450 πρίν
912 397 971 443 εἰς
999 396 1221 451 ἀπολογίαν
1260 400 1534 454 καταστῆναι,

102 458 210 503 ἄλλα
237 459 312 516 τὴν
356 458 501 514 ἑτέραν
544 462 625 502 τῶν
662 458 802 501 ἀ’κοῶν
838 461 895 516 τῷ
937 464 1272 520 κατηγορουμένῳ
1313 461 1558 519 φυλάττειν-

74 523 325 582 5ἇκραιφνῆ.
385 524 406 566 ὅ
436 527 476 567 δ’
506 520 659 566 ἄπιστα
706 522 856 578 σχεδὸν
890 525 1126 580 εὕτυχήσας
1164 529 1262 582 πρίν
1315 531 1535 582 γενέσθαι,

107 593 313 645 βασιλέως
354 591 566 645 ἐπαινέτης
604 585 654 645 ἦν
698 589 794 631 οἷντί
827 593 905 631 τοῦ
930 589 1129 646 πρότερον
1155 592 1373 647 ὑβριστοῦ.
1427 590 1535 635 ἀλλὰ

100 659 236 699 ταῦτα
281 658 360 709 μὲν
392 655 607 710 πρότερον.
662 655 754 697 τότε
793 657 839 699 δὲ
877 657 970 697 ἐπεὶ
1021 657 1060 697 οἱ
1096 660 1290 712 πρέσβεις
1333 658 1532 713 ἀμνηστί-

100 738 154 764 αν
191 723 275 764 τῶν
310 718 473 778 ὕβρεων
514 718 686 778 ᾐτοῦντο
732 720 806 763 καί
847 722 1009 763 ἐδέοντο
1044 724 1250 775 βασιλέως
1291 717 1340 764 εὖ
1395 729 1534 766 ποιεῖν

98 789 451 842 προσχωροῦντας
476 785 614 829 ἑκοντὶ
626 821 639 842 ,
667 789 884 843 προσηνῶς
913 788 1057 836 αὐτοῖς
1096 787 1333 841 διαλεχθεὶς
1359 789 1432 830 καί
1466 787 1534 831 λό-

52 867 186 907 ιογοις
212 855 376 906 πείσας,
414 854 546 907 μηδὲν
578 852 824 895 ὑποπτεύειν
863 855 965 908 παρ’
994 853 1128 894 αὐτοῦ
1171 851 1302 894 δεινὸν
1320 885 1332 907 ,
1373 855 1535 896 ἐκέλευε

101 919 174 960 καί
209 918 424 972 γράμμασι
459 921 720 971 βασιλικοῖς,
744 915 773 959 ἃ
811 917 934 959 advoc*
973 918 1165 975 ᾐτοῦντο,
1196 919 1347 971 βέβαια
1389 924 1532 964 ποιεῖν.

100 985 186 1025 τῶν
213 984 259 1024 δὲ
284 985 455 1035 βασιλεῖ’
473 983 683 1025 συνόντων
709 998 776 1031 τις
802 981 980 1033 δύσνους
1008 979 1089 1036 ὢν,
1118 982 1175 1031 ὥς
1200 982 1329 1037 ἔοικε,
1358 985 1432 1025 καί
1455 993 1570 1027 πο-(Ζ

99 1051 237 1101 λεμῶν
263 1049 458 1103 α’φανῶς,
498 1047 643 1104 κρύφα
690 1046 934 1103 προσελθων
958 1055 1043 1097 τοῖς
1070 1049 1264 1104 πρέσβεσι
1281 1082 1294 1102 ,
1332 1046 1533 1102 συνεβού-

100 1117 197 1155 λευε
220 1111 278 1169 μὴ
305 1111 380 1168 τὴν
406 1114 526 1156 πόλιν
553 1113 841 1169 παραδιδόναι.
895 1112 1093 1167 βασιλεῦς
1115 1111 1198 1169 γάρ
1227 1115 1287 1162 εἰς
1308 1112 1383 1168 τήν
1409 1114 1532 1155 ὕστε-

54 1177 255 1233 ι5ραιἀν,
292 1173 343 1220 ἄν
367 1194 410 1220 τε
436 1181 760 1235 προσχωρῶσιν,
807 1173 859 1221 ἄν
885 1194 932 1220 τε
959 1177 1045 1235 μή,
1083 1178 1189 1233 πρὸς
1230 1179 1533 1234 Θεσσαλονίκην

99 1242 204 1286 κατὰ
244 1246 384 1287 πᾶσαν
423 1245 604 1299 ἀνάγκην
643 1243 792 1299 ἔγνωκε
821 1245 907 1286 δεῖν
947 1244 1196 1300 ἀποχωρεῖν.
1258 1242 1296 1285 οἱ
1325 1245 1397 1298 δὲ,
1441 1243 1534 1286 ἐπεὶ

98 1310 275 1352 τοιαῦτα
301 1303 508 1364 ἤκουσαν,
536 1307 595 1363 μὴ
625 1306 656 1350 ἂ
681 1311 796 1366 κοινῇ
824 1311 927 1351 πᾶσι
956 1310 1072 1351 δοκεῖ
1083 1307 1340 1364 σκηψάμενοι
1361 1311 1532 1364 εἰδέναι,

99 1372 206 1429 πρὸς
231 1372 308 1428 τήν
334 1375 453 1416 πόλιν
480 1373 736 1430 α’πεχώρουν.
793 1376 887 1416 ἐπεὶ
913 1375 959 1416 δὲ
985 1370 1093 1429 ἦσαν
1126 1374 1224 1417 εἴσω
1252 1377 1419 1427 πυλῶν,
1451 1371 1533 1416 αὖ·-

100 1441 172 1487 eu,-
198 1440 529 1494 ἐγκλεισάμενοι,
568 1439 922 1494 παρεσκευάζοντο
950 1439 1055 1496 πρὸς
1088 1438 1246 1495 μάχην.
1304 1437 1533 1494 ἀναβάντες

50 1515 146 1546 2⁰16
172 1505 244 1546 ἐπὶ
268 1502 316 1546 τό
346 1509 500 1558 τεῖχος,
535 1503 595 1558 μή
637 1506 763 1553 πᾶσιν
799 1503 936 1558 ἔλεγον
974 1502 1082 1547 εἶναι
1122 1504 1167 1547 τὸ
1198 1507 1275 1548 νῦν
1302 1503 1398 1559 ἔχον
1427 1504 1532 1547 κατὰ

101 1565 265 1624 γνώμην
293 1572 462 1622 βασιλεῖ
483 1569 556 1624 τὴν
582 1568 703 1611 πόλιν
728 1571 1035 1624 παραδιδόναι,
1065 1570 1156 1612 ἀλλ’
1172 1573 1264 1613 ἐπεὶ
1289 1569 1394 1626 πρὸς
1422 1573 1531 1612 Θεσ-

100 1636 319 1689 σαλονώιην
344 1632 492 1688 ἔγνωκε
522 1636 608 1676 δεῖν
635 1634 874 1690 ἀποχωρεῖν
888 1668 901 1688 ,
928 1637 990 1684 εἷς
1016 1634 1189 1677 τούπιὸν
1217 1633 1340 1676 αὐτοὶ
1365 1637 1571 1683 διασκε-ι)

99 1695 282 1753 ψάμενοι
315 1699 356 1741 εἰ
394 1701 512 1741 δοκεῖ
532 1704 786 1751 λυσιτελεῖν,
827 1703 945 1757 κοινῇ
983 1698 1112 1757 ψήφῳ
1148 1699 1529 1756 προσχωρήσουσιν.

101 1760 211 1806 οὕτω
251 1766 329 1817 μὲν
364 1759 439 1806 οὖν
482 1762 775 1820 Περιθεώριον
815 1766 1065 1823 τειχομαχίᾳ
1103 1781 1147 1807 τε
1183 1766 1324 1819 ὀλίγον
1365 1766 1532 1821 ἐδέησεν

50 1828 260 1871 25ἆλῶναι
279 1828 352 1872 καί
375 1827 568 1889 ὁμολογίᾳ
593 1832 891 1887 προσχωρῆσαι
916 1834 1094 1885 βασιλεῖ’,
1139 1830 1338 1885 βασιλεῦς
1365 1832 1412 1874 δὲ
1438 1832 1530 1874 ἐπεὶ
1539 1840 1585 1882 V,
1599 1841 1668 1888 376

100 1965 221 1994 turum
247 1959 427 1995 neminem
453 1961 656 1996 inauditum
681 1962 849 1997 damnare
876 1963 1097 2008 alteramque
1119 1974 1242 1998 aurem
1267 1974 1329 1997 reo
1355 1963 1531 2009 integrm

102 2017 242 2040 servare
265 2007 379 2041 iussit.
426 2007 492 2041 llle
516 2009 628 2042 ferme
655 2019 762 2055 supra
797 2009 903 2043 fidem
936 2010 1046 2051 felix,
1075 2020 1140 2054 pro
1165 2011 1393 2044 contumeliis
1416 2011 1534 2055 impe-

102 2057 256 2099 ratorem
279 2052 448 2087 laudibus
472 2055 656 2089 extollere.
704 2055 776 2089 Sed
807 2055 897 2090 haec
929 2057 1027 2101 prius
1051 2061 1128 2089 acta
1156 2061 1249 2090 sunt.
1299 2057 1402 2090 Tunc
1423 2067 1533 2098 vern,

103 2110 184 2132 cum
210 2100 423 2134 iniuriarum
448 2099 670 2135 oblivionem
696 2108 885 2148 peterent,
907 2103 972 2148 qui
998 2114 1041 2135 ex
1065 2102 1198 2148 oppido
1221 2103 1260 2136 in
1287 2108 1400 2136 castra
1423 2113 1533 2136 vene·

102 2150 204 2185 rant,
237 2151 470 2192 orarentque,
496 2152 556 2188 ut,
582 2149 670 2194 quia
703 2154 831 2194 sponte
854 2160 892 2182 se
917 2148 1116 2189 dederent,
1144 2149 1238 2182 bene
1269 2148 1342 2182 illis
1374 2148 1532 2190 faceret,

102 2190 223 2226 verbis
248 2191 379 2226 blande
401 2194 647 2238 compellatus,
675 2205 721 2228 ne
750 2195 839 2241 quid
866 2195 913 2228 ab
937 2205 974 2228 se
1000 2194 1171 2229 infestum
1194 2196 1374 2236 timerent,
1404 2194 1532 2228 horta-

101 2242 160 2270 tus
184 2242 262 2281 est3
297 2243 334 2272 et
359 2250 450 2284 quae
485 2239 678 2284 petebant,
706 2241 937 2286 imperatorio
966 2241 1160 2286 diplomate
1194 2242 1395 2275 confirmari
1425 2251 1533 2274 man-

101 2283 212 2321 davit,
258 2284 312 2318 De
335 2285 494 2321 exercitu
522 2291 642 2320 autem
656 2287 882 2332 imperatoris
907 2288 1083 2331 malignus
1108 2286 1279 2334 quidam,
1306 2292 1348 2321 ut
1369 2292 1531 2333 apparet,

101 2330 276 2364 ethostis
299 2332 480 2373 occultus,
514 2332 639 2366 furtim
664 2333 711 2367 ad
735 2333 870 2379 legatos
895 2334 1044 2375 adiens,
1085 2333 1130 2367 ab
1155 2333 1244 2366 urbe
1268 2333 1442 2367 tradenda
1466 2344 1530 2368 eos

101 2377 298 2421 revocavit3
335 2378 584 2422 imperatorem
617 2378 677 2413 die
717 2385 885 2424 postero,
920 2380 993 2413 sive
1025 2390 1062 2413 se
1099 2379 1293 2420 dederent,
1326 2380 1400 2413 sive
1432 2391 1530 2422 non,

101 2420 393 2457 Thessalonicam
429 2435 565 2458 summa
601 2424 765 2459 adactum
804 2427 1020 2460 necessitate
1063 2426 1293 2459 constituisse
1332 2426 1530 2461 discedere.

102 2467 246 2512 Quibus
279 2468 432 2510 auditis,
470 2472 667 2504 communis
696 2473 899 2507 sententiae
934 2473 1196 2516 ignorationem
1228 2478 1456 2514 excusantes,
1489 2474 1530 2507 in

100 2514 226 2548 urbem
264 2515 523 2560 regrediuntur.
571 2518 671 2550 Intra
703 2523 824 2565 portas
855 2519 1008 2559 inclusi,
1050 2529 1170 2551 rursus
1196 2516 1442 2553 defensionem
1463 2530 1531 2565 pa-

101 2566 200 2603 rant3
240 2562 514 2607 conscensisque
537 2563 725 2597 moenibus
754 2564 1020 2604 vociferantur,
1045 2564 1083 2597 in
1108 2574 1275 2608 praesens
1307 2575 1381 2598 non
1406 2575 1530 2599 omnes

101 2605 149 2638 ad
171 2606 297 2640 urbem
333 2609 544 2652 imperatori
582 2609 792 2643 tradendam
831 2610 1046 2646 consentire.
1094 2609 1164 2643 Sed
1190 2611 1274 2655 quia
1299 2610 1530 2644 Thessaloni-

99 2661 177 2686 carn
200 2654 347 2687 omuino
374 2654 548 2699 proficisci
574 2654 796 2697 decreverit,
822 2668 860 2690 se
884 2661 1010 2701 postea
1035 2656 1296 2690 consultaturus
1319 2661 1368 2698 et,
1390 2658 1421 2690 si
1447 2657 1531 2691 uni.

99 2699 210 2732 versis
232 2699 516 2745 approbantibus
540 2701 709 2746 expedire
732 2702 916 2742 videatur,
941 2703 979 2734 in
1004 2703 1080 2735 eius
1108 2706 1320 2746 potestatem
1343 2713 1530 2737 concessu·-

100 2754 170 2780 τοι.
216 2744 276 2782 sic
298 2746 424 2793 itaque
447 2745 710 2785 Peritheorium
741 2752 779 2783 et
815 2749 852 2785 vi
884 2747 1145 2794 propemodum
1180 2753 1323 2794 captum
1358 2754 1396 2784 et
1422 2748 1530 2784 dedi..
