1812 3132
513 186 894 253 HlsTomAlum
934 189 1006 227 111.
1035 189 1105 232 25.
1437 184 1455 218 1
1470 163 1545 239 59
1563 187 1568 191 „

100 292 266 345 ἑαυτοῖς
292 295 371 348 μὲν
398 293 444 334 ἐκ
472 293 554 334 ταῖν
580 290 757 333 ἐνόντων
793 289 1027 343 ἐκπορίζειν
1054 287 1130 343 τὴν
1160 287 1366 329 δοκοῦσαν
1409 302 1544 342 σωτη-
1557 296 1638 332 A.c.
1655 297 1737 343 ¹34¹

99 364 221 417 ρίαν,
250 361 324 413 ἐμὲ
351 360 399 400 δὲ
425 359 471 400 ἐν
497 362 584 406 τοῖς
621 354 826 403 κινδύνοις
867 356 1134 396 καταλείπειν
1160 353 1288 406 μόνον
1304 385 1316 407 ,
1363 350 1410 402 ὃς
1436 351 1546 408 ὑπὲρ

98 424 292 468 ἁπάντων
320 423 441 478 ὑμῶν
465 420 620 471 αὐτοῦς
637 419 916 474 ἀνεδεξάμην,
945 417 1040 461 ἐνὸν
1060 418 1293 468 α’κινδύνως
1316 418 1546 469 σώζεσθαι.

95 492 222 533 τοῦτο
247 487 328 545 γὰρ
362 488 438 530 οὐκ
464 486 562 541 ἐμοὶ
584 485 712 540 μόνον
729 519 742 539 ,
788 483 895 527 α’λλά
928 485 1003 526 καί
1041 484 1146 537 ὑμῖν
1174 479 1548 527 άλυσιτελὲστατον

67 550 150 604 ὃᾶν
172 553 251 610 εἴη.
303 547 396 595 οὔτε
419 551 501 609 γάρ
530 551 755 608 κυβερνήτῃ
785 549 1008 601 διασώζειν
1036 547 1113 604 τήν
1141 551 1245 592 ναῦν
1274 551 1462 602 ἐξέσται,
1489 544 1542 592 ι’ἒν
1555 559 1589 592 Ρ.
1604 558 1672 604 432

93 618 198 677 πρὸς
236 619 491 676 φιλονεικίαν
527 617 565 660 οἱ
607 619 758 659 ναῦται
796 618 874 659 τοῦ
916 614 1202 670 συμπράττειν
1255 617 1543 672 α’φιστῶνται,

91 691 177 736 τοῖς
204 700 250 728 τε
286 683 462 734 ναύταις
503 684 680 737 ου’δεμία
718 682 926 736 σωτηρίας
972 678 1240 722 ὑπολείπεται
1290 683 1435 735 ε’λπίς,
1471 684 1543 736 τῆς

91 750 188 807 νηὸς
215 751 516 806 ἀπολλυμένης.
544 748 650 792 ἄλλά
679 751 751 793 δεῖ
771 747 933 795 πάντας
959 746 1037 802 την
1067 744 1217 799 ὅμοίαν
1234 745 1402 802 γνώμην
1425 745 1543 800 ἔχον-

91 832 170 866 τας
207 818 280 858 καί
319 806 398 871 τὴν
424 814 647 872 καρτερίαν
673 813 770 870 ἴσην
796 811 1160 866 ἐπιδεικνυμένους
1188 815 1234 855 ἑν
1260 819 1348 863 τοῖς
1377 814 1542 867 δεινοῖς,

42 877 203 925 ιοοῧτω
243 880 295 924 τά
329 880 492 937 μεγάλα
539 881 785 937 κατορθοῦν.
844 879 945 921 οῦδὲ
984 877 1065 933 γάρ
1097 878 1198 919 οὐδὲ
1241 880 1321 920 τῶν
1348 880 1541 921 παλαιῶν

90 946 232 996 οὐδεὶς
259 947 399 1002 α’ργῶν
427 945 499 989 καί
526 946 729 1004 ῥᾳθυμῶν
754 944 829 987 καί
866 941 1179 998 ἄμβλυνόμενος
1215 945 1416 1000 τρόπαιον
1444 940 1541 987 άνέ-

89 1028 239 1068 στησεν
269 1009 350 1054 ἆπὸ
376 1015 460 1054 ταῖν
485 1011 696 1066 πολεμίων
715 1044 726 1065 ,
757 1009 863 1052 α’λλιὶ
896 1007 1034 1052 πάντα
1064 1008 1193 1051 πόνον
1219 1009 1441 1062 ὑπομένων
1470 1011 1545 1053 καὶ

88 1077 405 1134 ἀκατάπληκτος
424 1076 675 1135 φαινόμενος
695 1079 741 1120 ἐν
760 1081 846 1126 τοῖς
863 1077 1028 1125 δεινοῖς.
1069 1075 1109 1117 εἷ
1126 1076 1174 1117 δέ
1202 1091 1259 1131 τῳ
1291 1073 1343 1117 τά
1364 1074 1540 1131 πραττό-

87 1159 193 1197 μενα
213 1144 289 1185 οὐκ
312 1139 484 1199 decurri,
509 1144 609 1186 ου’δὲ
637 1140 967 1185 διακινδυνεύειν
984 1140 1183 1195 βούλεται
1203 1143 1276 1196 τῆς
1298 1142 1358 1190 εἷς
1374 1142 1450 1194 ἐμὲ
1467 1144 1541 1183 ευ’-·

42 1208 208 1258 ιόνοίας
236 1211 355 1252 ἕνεκα
384 1208 538 1252 ἐνθάδε
567 1209 876 1264 διακαρτερῶν,
906 1209 996 1249 ἀλλ’
1023 1207 1155 1248 οἴεται
1182 1208 1268 1248 δεῖν
1300 1208 1462 1260 μᾶλλον
1485 1207 1537 1250 τά

87 1263 194 1318 οἴκοι
215 1271 449 1327 διασώζειν,
465 1269 494 1329 ἦ
515 1279 650 1323 κεναῖς
668 1273 830 1316 ἐλπίσιν
851 1274 1116 1328 αἰωρεῖσθαι,
1135 1269 1186 1314 τά
1208 1274 1254 1315 ἐν
1263 1270 1389 1328 χερσὶ
1405 1283 1571 1314 κατα-Β

87 1338 459 1398 λιπών,ἐλευθέρα
486 1340 642 1397 γλώττῃ
664 1341 758 1381 δέον
778 1340 1073 1395 χρησαμένους
1093 1339 1168 1380 καί
1192 1336 1267 1393 την
1285 1337 1452 1394 γνώμην
1470 1339 1537 1379 ε’κ-

87 1404 374 1460 καλύψαντας,
395 1403 526 1455 οὕτως
546 1405 687 1448 οἴκαδε
708 1405 966 1460 ἀναχωρεῖν,
988 1405 1120 1460 μηδὲν
1137 1401 1444 1454 ὖποπτειῖοντας
1463 1403 1534 1446 διά

86 1473 218 1513 ταῦτα
239 1473 451 1527 δυσχερὲς,
477 1470 584 1514 α’λλὰ
605 1473 678 1513 καί
692 1474 767 1526 τῆς
787 1470 880 1525 ἴσης
898 1471 1118 1523 εὐμενείας
1140 1468 1425 1519 α’πολαύοντας
1436 1473 1535 1525 παρ’

32 1535 193 1589 αοὲμοὶ,
215 1532 268 1577 ἂν
291 1532 440 1578 ἄλλοσέ
462 1554 518 1591 πη
550 1539 833 1592 διατριβωσιν.
862 1538 902 1578 εἰ
918 1535 999 1591 γάρ
1020 1533 1128 1590 μετά
1146 1534 1221 1590 την
1239 1534 1446 1590 τοσαύτην
1463 1537 1537 1577 εὕ-

86 1600 360 1656 γνωμοσύνην
390 1602 464 1643 καί
490 1600 568 1656 τήν
587 1597 733 1643 ἄδειαν
761 1602 1004 1656 κακουργῶν
1029 1617 1092 1649 τις
1117 1602 1310 1656 φαίνοιτο
1339 1601 1414 1642 καί
1430 1600 1537 1656 πρὸς

86 1666 223 1721 λύμην
248 1667 321 1708 καί
346 1665 518 1722 φθοράν
549 1661 886 1721 ἇποδιδράσκων-
905 1667 989 1706 τῶν
1014 1666 1179 1707 πολλῶν
1201 1692 1233 1718 ,-
1257 1663 1358 1708 ἴστω
1391 1667 1451 1720 μὴ
1484 1662 1536 1708 ἂν

86 1733 160 1786 τῆς
178 1729 464 1787 προσηκούσης
481 1726 581 1773 ἄνευ
600 1730 804 1786 τιμωρίας
825 1729 1088 1783 ἀπαλλάξων,
1106 1725 1337 1779 άλλάὖτὸς
1354 1730 1537 1782 διδάξων

87 1794 188 1845 τούς
212 1791 365 1847 ἄλλους
389 1802 625 1854 σωφρονεῖν
652 1798 725 1839 καί
746 1794 806 1852 μὴ
835 1798 1012 1840 τοιαῦτα
1045 1793 1421 1853 πανουργεύεσθαι.
1452 1797 1535 1853 ἐγώ

86 1956 190 1991 vobis
214 1956 384 1990 omnibus
407 1955 536 1991 liceret
562 1967 687 1990 secure
711 1957 852 1997 vivere,
879 1956 1051 1997 adierim,
1083 1968 1164 1991 cum
1189 1959 1353 2003 periculo
1381 1960 1531 1994 omnino

88 2013 208 2037 carere
232 2015 272 2037 ac
295 2003 413 2037 salvus
447 2013 526 2038 esse
554 2003 746 2049 potuerim.
795 2005 872 2037 Hoc
908 2004 1006 2036 enim
1037 2015 1111 2038 non
1143 2011 1282 2039 tantum
1318 2006 1432 2047 mihi,
1465 2007 1532 2041 sed

89 2055 127 2083 et
147 2049 251 2083 vobis
274 2050 447 2083 maiorem
470 2051 510 2085 in
533 2049 681 2084 modum
705 2049 1002 2084 incommodaret.
1050 2051 1155 2085 Haud
1185 2052 1283 2085 enim
1312 2052 1532 2097 guberuator

87 2097 210 2130 navim
234 2095 413 2138 servabit,
446 2097 475 2130 si
509 2101 644 2130 nautae
677 2096 724 2130 ob
756 2096 973 2130 discordiam
1013 2107 1094 2131 eum
1126 2097 1298 2132 adiuvare
1329 2097 1528 2144 desierint3

87 2142 222 2188 quibus
258 2143 346 2187 ipsis
357 2166 370 2183 ,
413 2149 590 2188 pereunte
626 2144 732 2185 navi,
778 2154 859 2188 spes
894 2142 1020 2177 salutis
1054 2144 1155 2178 nulla
1190 2150 1311 2178 restat.
1373 2147 1532 2191 Oportet

87 2190 186 2221 euim
209 2199 276 2222 nos
303 2199 427 2223 omnes
452 2190 717 2223 consentientes
741 2194 779 2222 et
805 2190 1037 2223 tolerantiam
1062 2192 1102 2223 in
1128 2191 1286 2225 adversis
1310 2203 1431 2235 parem
1459 2193 1532 2227 ad·-

86 2234 280 2276 hibentes,
317 2236 370 2269 sic
393 2236 536 2269 demum
561 2236 672 2270 ardua
695 2236 852 2271 feliciter
879 2247 1012 2282 gerere.
1059 2236 1151 2270 Nam
1179 2243 1216 2270 et
1244 2243 1407 2272 veterum
1441 2241 1529 2274 nul-

85 2281 143 2314 lus
172 2281 361 2323 cessando,
387 2282 606 2325 desidendo,
644 2281 846 2324 tardando,
884 2283 949 2316 sed
980 2284 1142 2328 quemvis
1170 2283 1332 2317 laborem
1364 2285 1526 2321 durando

85 2333 283 2374 menteque
325 2329 566 2374 imperterrita
602 2329 750 2363 adversa
790 2329 992 2364 sufferendo
1031 2329 1077 2363 de
1108 2330 1274 2364 hostibus
1307 2331 1526 2377 trophaeum

86 2375 214 2408 erexit.
263 2375 338 2408 Iam
366 2376 397 2409 si
420 2375 480 2409 cui
508 2378 580 2410 ista
609 2387 685 2410 non
707 2376 877 2421 placent,
916 2387 984 2410 nec
1018 2376 1140 2411 studio
1175 2378 1249 2410 mei
1275 2377 1336 2411 hic
1359 2389 1529 2424 perseve-

85 2420 197 2454 rando
223 2419 424 2455 discrimini
447 2433 485 2456 se
507 2433 689 2468 exponere
712 2422 811 2464 vult,
849 2423 913 2456 sed
936 2424 1047 2468 magis
1072 2427 1222 2469 penates
1246 2435 1330 2457 suos
1354 2425 1426 2459 sibi
1449 2437 1528 2460 ser-

85 2466 244 2507 vandoS,
267 2478 376 2513 quam
399 2469 534 2503 relictis
549 2493 560 2510 ,
585 2480 679 2514 quae
703 2475 788 2503 sunt
807 2470 845 2503 in
868 2470 1057 2510 manibus,
1088 2480 1179 2503 vana
1205 2481 1269 2515 spe
1292 2470 1526 2515 pendendum

86 2514 272 2547 existimat
294 2519 331 2548 et
359 2513 476 2548 libere
511 2517 692 2561 patefacto
731 2517 851 2549 animo
878 2528 942 2551 suo
972 2516 1118 2550 domum
1152 2516 1396 2561 redeundum,
1430 2519 1526 2553 nihil

88 2558 136 2593 ob
160 2559 202 2591 id
222 2560 309 2594 mali
332 2565 486 2603 metuat3
517 2573 634 2608 aeque
656 2563 753 2596 enim
777 2562 868 2595 alibi
895 2564 1019 2596 vivens
1044 2562 1135 2596 mihi
1161 2574 1264 2597 carus
1287 2565 1368 2602 erit.
1414 2565 1525 2610 Quod

89 2606 119 2638 si
149 2612 234 2650 post
256 2612 393 2641 tantam
420 2609 641 2654 aequitatem
666 2609 786 2642 datam
808 2621 829 2642 a
864 2619 920 2642 me
946 2609 1154 2643 libertatem
1188 2610 1369 2644 maleficus
1394 2613 1526 2646 extite-

88 2652 138 2684 rit
161 2652 341 2697 quispiam
364 2658 402 2687 et
424 2654 471 2688 ad
494 2655 632 2689 cladem
648 2661 860 2701 pestemque
885 2657 1092 2689 tenuiorum
1113 2666 1151 2689 se
1174 2658 1409 2698 converterit,
1434 2659 1525 2693 sciat

88 2709 127 2731 sc
153 2700 320 2732 meritum
353 2700 572 2746 supplicium
601 2712 676 2736 non
700 2713 908 2747 evasurum;
943 2702 1007 2735 sed
1031 2701 1196 2747 exemplo
1232 2714 1298 2737 suo
1334 2703 1523 2740 docturum

87 2744 179 2777 alios
203 2755 328 2791 sapere
353 2753 390 2781 et
413 2746 548 2781 talibus
572 2749 747 2794 nequitiis
773 2748 967 2782 abstinere.
1016 2748 1089 2794 Ego
1119 2749 1243 2795 itaque
1268 2755 1406 2785 vestrae
1429 2752 1522 2785 alio-

87 2801 239 2838 rumque
267 2793 393 2828 saluti·
417 2793 591 2840 cupidus,
619 2795 774 2831 consilio
799 2800 916 2830 vestro
947 2806 1026 2829 sum
1050 2795 1254 2833 obsecutus,
1302 2797 1374 2831 Vos
1398 2804 1520 2833 autem
