1800 3132
277 163 350 219 30
800 179 1170 224 CANTActhEm

76 283 156 319 ΑΒ.
174 285 256 331 ι341
273 280 549 324 ἀπαλλάττειν
567 277 763 334 ἐμαυτόν.
802 282 935 324 καίτοι
963 299 1008 338 γε
1037 285 1135 326 οῦδὲ
1154 284 1340 337 βασιλίδι
1367 279 1413 325 τὲ
1430 282 1503 325 καί
1527 288 1614 334 τοϊς
1631 287 1710 339 βα-

270 349 419 396 σιλέως
445 345 589 388 παισίν
617 348 663 388 ἐκ
689 348 761 400 τῆς
781 343 950 399 ἀδοξίας
977 351 1152 403 ταυτησί
1175 348 1343 390 καὶτῶν
1363 345 1563 408 κινδύνων
1596 351 1708 406 ω’φέ-

269 411 383 454 λειάν
409 428 500 454 τινα
530 410 658 463 ἔξεστι
689 414 886 466 πορίζειν.
930 411 983 470 ἦν
1011 413 1087 471 γὰρ
1119 411 1171 457 ἂν
1199 416 1320 456 τοῦτο
1348 413 1620 470 παραμύθιον
1656 415 1716 456 οὔ·

270 479 447 533 φαῦλον.
477 474 534 526 ὥς
563 472 616 519 ἂν
654 478 700 519 δὲ
728 477 784 534 μή
818 481 927 522 δοκῶ
952 478 1050 530 τούς
1079 480 1182 536 ὑπὲρ
1213 482 1294 521 τῶν
1321 480 1526 533 βασιλέως
1546 482 1711 522 παίδων

267 543 420 592 πόνους
446 542 519 584 καί
545 544 759 594 κινδύνους
788 545 1133 600 α’ποδιδράσκειν,
1183 547 1257 587 νῦν
1293 547 1371 598 μὲν
1409 546 1453 587 ἐν
1492 547 1566 601 τῆς
1594 544 1732 601 eloti-5

265 624 337 663 νης
382 614 469 658 τοῖς
506 613 690 663 καιροῖς,
733 606 802 651 ὅτε
838 610 944 665 μήτε
987 609 1166 664 πόλεμος
1213 611 1375 664 ούδείς,
1420 608 1524 664 μήτε
1567 613 1706 652 κακῶν

267 674 497 729 προσδοκία
527 675 737 729 μηδεμία,
777 674 1040 732 πατριάρχης
1065 691 1108 718 τε
1139 675 1211 717 καί
1236 676 1461 731 σύγκλητος
1503 672 1592 729 ἅμα
1630 679 1707 730 βα-

225 741 399 784 Βσιλίδι
438 738 669 783 ἰθυνόντων
704 739 777 795 τήν
814 739 951 796 ἀρχὴν
986 740 1060 782 καὶ
1101 741 1150 783 τὰ
1184 743 1228 782 ἐκ
1269 740 1418 796 ταύτης
1458 739 1598 795 ἀγαθά
1636 743 1711 783 καί

265 804 339 855 τοὶς
367 804 492 859 τιμάς
521 808 817 861 καρπούσθων.
873 806 945 848 ἐὰν
989 809 1036 848 δέ
1062 822 1164 849 ποτε
1192 808 1380 861 συμβαίη
1409 805 1587 859 πόλεμόν
1613 823 1705 848 τινα

264 873 529 928 ἀναφυῆναι,
557 874 748 915 κίνδυνον
779 869 1027 915 ἀπειλοῦντα
1066 875 1270 930 βασιλέως
1306 876 1390 921 τοῖς
1433 873 1578 922 παισί,
1621 869 1768 913 τότ’ῐα

267 937 393 986 αὐτὸς
422 933 501 992 ἤδη
530 937 759 994 προθύμως
787 944 871 987 τοῖς
900 939 1109 988 κινδύνοις
1137 939 1357 994 ἑμπαρέξω
1389 936 1573 990 ἐμαυτὸν
1594 969 1604 988 ,
1635 935 1710 978 καὶ

263 998 292 1058 ἢ
318 1002 592 1045 συνδιασώσω
620 1001 696 1057 την
735 1002 871 1059 α’ρχην
910 1003 1051 1052 αὐτοῖς
1077 998 1103 1059 ἢ
1140 1001 1245 1060 ὑπὲρ
1277 1004 1415 1045 αὐτῶν
1442 1001 1719 1057 μαχούμενος,

263 1070 500 1122 πεσοῦμαι,
539 1066 595 1117 ὥς
617 1065 667 1110 ἂν
695 1068 790 1121 ἐμοί
805 1071 883 1122 μὲν
912 1068 950 1111 οἱ
989 1066 1109 1111 πόνοι
1131 1068 1203 1111 καί
1223 1069 1269 1110 τό
1291 1067 1545 1111 κινδυνεύειν
1561 1101 1571 1119 ‚
1605 1067 1708 1122 ὑμῖν

262 1135 310 1176 δὲ
335 1131 382 1175 τὸ
407 1135 619 1191 ἕντρυφᾷν
643 1141 729 1183 τοῖς
752 1134 969 1192 πράγμασι
994 1134 1066 1176 καί
1101 1136 1242 1176 αύτῶν
1274 1131 1606 1188 καταπολαύειν,
1625 1150 1706 1188 μη-

261 1197 380 1249 δενὸς
395 1202 750 1255 παρενοχλοῦντος
768 1233 779 1255 ‚
809 1199 1070 1257 περιγίνοιτο.
1126 1197 1357 1257 κεφάλαιον
1388 1201 1435 1241 δὲ
1463 1200 1545 1242 τῶν
1572 1195 1764 1254 λόγωνῐὸΙ

258 1268 343 1308 ταῖν
368 1267 499 1319 ἕμῶν,
528 1265 584 1315 ὥς
612 1264 721 1308 ἔστιν
743 1266 862 1308 οὐδὲν
896 1266 942 1308 τὸ
987 1271 1156 1319 πεῖσον,
1196 1262 1333 1322 ὥσπερ
1359 1268 1432 1308 καί
1474 1262 1703 1320 πρότερον,

138 1343 253 1389 P.359
266 1330 443 1386 ἔχεσθαι
468 1333 549 1373 τῶν
578 1333 833 1387 πραγμάτων
857 1334 929 1387 τῆς
951 1333 1101 1387 ἀρχῆς.
1167 1331 1223 1381 ὥς
1253 1327 1304 1373 ἂν
1333 1334 1379 1374 δὲ
1412 1331 1483 1373 καί
1514 1329 1648 1386 ἔργοις
1679 1328 1715 1370 δ

258 1399 365 1452 λέγω
400 1395 633 1452 κατάδηλον
663 1396 849 1453 ποιήσω,
879 1400 954 1452 τῆς
980 1396 1191 1452 συνήθους
1215 1398 1425 1452 καθέδρας
1461 1395 1703 1451 ἐξαναστὰς,

259 1465 330 1519 ἐφ’
358 1459 504 1519 ἑτέραν
537 1465 800 1516 καθεδοῦμαι
817 1496 828 1517 ,
872 1462 928 1505 ἵν’
956 1463 1082 1519 εἰδείη
1110 1480 1153 1505 τε
1187 1465 1352 1517 βασιλίς
1383 1478 1429 1504 τε
1457 1465 1530 1504 καί
1558 1460 1704 1516 ὑμεῖς,

212 1531 217 1534 “
259 1528 317 1579 ὥς
343 1529 464 1570 ου’δὲν
485 1523 564 1584 ἤδη
586 1527 632 1570 τὸ
655 1528 827 1582 κωλύον,
861 1527 1005 1585 ἕτερόν
1032 1545 1150 1582 τινα,
1182 1525 1230 1570 ὃν
1248 1523 1300 1570 ἄν
1326 1527 1535 1583 βούλησθε
1566 1527 1770 1581 αύτοιζῑῠ·

258 1600 347 1643 τοῖς
389 1591 629 1649 πράγμασιν
663 1594 878 1652 ὲφιστᾷν.”
913 1592 1046 1643 οὕτως
1081 1593 1236 1648 εἰπών,
1273 1596 1339 1649 ἐφ’
1373 1596 1514 1649 ἕτερον
1553 1594 1704 1648 μετέβη

256 1660 404 1713 τόπον,
438 1655 577 1715 ὥσπερ
606 1658 711 1717 ἔργῳ
742 1662 1011 1716 παραχωρῶν
1033 1658 1162 1718 ἑτέρῳ
1191 1662 1266 1715 τῆς
1295 1657 1445 1715 ἀρχῆς.
1502 1659 1526 1700 0‘
1556 1674 1706 1714 πατρι-Ι

257 1728 392 1782 άρχης
421 1727 468 1768 δὲ
488 1727 665 1768 τοιαῦτα
694 1723 802 1781 ὃρῶν
828 1742 874 1767 τε
902 1724 976 1768 καὶ
1006 1725 1182 1779 α’κούων,
1209 1722 1418 1780 ,,σκληρο’ς
1438 1726 1552 1767 ἐστιν
1580 1723 1604 1765 δ
1633 1721 1705 1765 λό-

355 1849 388 1883 5.
413 1849 454 1885 ἐν
480 1852 560 1886 τοῖς
586 1849 650 1892 τῆς
674 1849 742 1895 εῑρ.
769 1852 916 1896 καιροῖς
938 1848 986 1882 Μ.
1134 1847 1183 1891 ,4.
1198 1847 1499 1882 καταπολαύνειν
1524 1847 1563 1880 Ρ.

255 1944 395 1989 peritus
420 1941 548 1979 videri,
597 1942 715 1987 Quam
742 1942 789 1976 ob
814 1952 958 1976 causam
995 1945 1031 1975 et
1055 1939 1330 1974 discriminibus
1366 1945 1403 1974 et
1430 1939 1615 1973 'infamiae
1643 1949 1700 1972 me

258 1990 400 2024 decrevi
438 1988 658 2022 subducere:
695 1989 791 2023 unde
821 2000 888 2022 nec
921 1987 965 2020 ad
991 1988 1258 2031 imperatricem
1275 2012 1284 2028 ‚
1310 1996 1377 2020 nec
1402 1986 1447 2019 ad
1472 1987 1700 2031 imperatoris

258 2037 395 2071 liberos
422 2035 564 2081 aliquid
589 2036 824 2069 emolumenti
849 2033 1086 2067 redundabit:
1114 2039 1208 2067 esset
1231 2034 1327 2066 enim
1347 2032 1416 2067 hoc
1436 2045 1510 2067 non
1534 2034 1702 2078 exiguum

258 2085 443 2118 solatium.
492 2082 546 2116 Ne
571 2088 692 2116 autem
720 2081 862 2114 labores
887 2085 1037 2125 propter
1073 2080 1166 2115 filios
1203 2080 1431 2124 imperatoris
1464 2078 1704 2124 capessendos

258 2132 374 2164 vitare
408 2127 614 2169 existimer,
652 2140 751 2161 nunc
785 2126 933 2172 quidem
966 2127 1004 2159 in
1042 2126 1111 2159 ista
1148 2137 1249 2172 pace,
1272 2138 1352 2160 cum
1388 2137 1456 2160 nec
1479 2126 1617 2158 bellum
1646 2130 1708 2159 est<

261 2177 402 2216 ullum,
425 2184 492 2207 nec
515 2175 689 2207 malorum
714 2174 946 2217 exspectatio,
972 2172 1174 2217 patriarcha
1208 2178 1244 2206 et
1269 2173 1462 2206 concilium
1511 2183 1582 2205 una
1620 2183 1702 2205 cum

261 2220 489 2268 imperatrice
515 2221 708 2266 imperium
736 2224 880 2264 regant,
909 2219 1060 2265 eiusque
1086 2219 1191 2253 bonis
1220 2226 1257 2253 et
1282 2219 1484 2252 honoribus
1507 2218 1702 2264 perfruan-

262 2275 332 2306 tur.
381 2266 489 2314 Quod
513 2269 543 2300 si
564 2266 759 2312 aliquando
787 2276 896 2304 arma,
923 2267 1151 2310 imperatoris
1179 2265 1306 2299 liberis
1332 2266 1532 2310 periculum
1557 2264 1700 2298 denun-

262 2317 409 2356 tiantia,
435 2314 689 2354 movebuntur,
715 2324 854 2346 rursum
879 2311 1032 2356 impigre
1063 2312 1224 2346 hostium
1254 2313 1337 2345 telis
1362 2322 1419 2344 me
1443 2311 1636 2345 obiectabo
1664 2317 1703 2346 et

262 2368 329 2395 aut
360 2361 553 2404 imperium
590 2361 663 2393 illis
698 2357 846 2393 servabo
878 2359 1062 2392 incolume
1099 2364 1163 2392 aut
1199 2370 1322 2392 eorum
1357 2368 1462 2391 causa
1503 2358 1542 2391 in
1577 2358 1707 2393 medio·

264 2410 461 2442 certamine
498 2406 730 2440 occumbam:
761 2411 803 2439 ut
838 2415 902 2449 ego
935 2404 1082 2450 quidem
1116 2405 1259 2439 labores
1286 2403 1440 2437 habeam
1467 2409 1503 2437 et
1526 2405 1700 2448 pericula,

263 2465 327 2489 vos
353 2459 473 2488 autem
497 2453 664 2486 omnibus
692 2453 803 2498 copiis
829 2451 1030 2492 affluentes,
1056 2451 1194 2486 delitiis
1222 2456 1259 2484 et
1284 2451 1425 2495 gaudiis
1452 2450 1701 2490 dediti‚vitam

263 2501 368 2535 nullo
403 2500 624 2544 impediente
661 2499 877 2545 transigatis,
940 2498 1057 2544 Caput
1087 2499 1246 2541 denique
1277 2502 1315 2531 et
1350 2509 1487 2531 summa
1521 2497 1696 2531 orationis

266 2557 369 2581 meae
406 2551 482 2586 est,
516 2557 554 2579 re
590 2546 693 2579 nulla
717 2556 774 2578 me
798 2545 990 2579 adductum
1014 2545 1071 2583 iri,
1101 2549 1153 2586 ut,
1181 2544 1363 2589 quomodo
1392 2544 1555 2584 antehac,
1580 2543 1701 2588 impe-'

264 2594 362 2627 rium
395 2592 662 2626 administrem:
704 2597 741 2626 et
773 2595 846 2638 quo
882 2591 978 2626 facto
1017 2591 1125 2624 simul
1157 2590 1256 2635 quod
1289 2590 1370 2625 dico
1408 2590 1650 2636 comprobem,
1675 2600 1696 2623 e

265 2641 356 2675 sella
381 2644 551 2672 consueta
576 2649 735 2682 surgens,
760 2637 850 2671 alibi
875 2637 1022 2677 sedebo,
1047 2637 1254 2682 utAugusta
1280 2643 1316 2671 et
1338 2648 1400 2671 vos
1428 2638 1516 2671 scire
1541 2637 1698 2682 queatis,
1720 2671 1722 2675 ,

263 2686 362 2720 nihil
394 2687 465 2718 iam
502 2685 645 2719 obstare
663 2711 672 2724 ‚
709 2697 781 2732 quo
812 2685 929 2718 minus
960 2684 1071 2718 alium
1104 2684 1308 2729 quempiam
1334 2695 1354 2717 e
1378 2690 1492 2718 vestra
1516 2682 1701 2717 sententia‘

264 2734 376 2767 tantis
410 2732 516 2766 rebus
549 2733 775 2776 praeficiatis.
831 2731 928 2765 Haec
961 2731 1079 2770 fatus,
1116 2731 1155 2763 in
1193 2731 1302 2764 alium
1336 2731 1476 2770 locum,
1510 2735 1696 2775 tamquam

266 2780 345 2826 ipso
386 2789 494 2826 opere
529 2779 634 2814 alteri
668 2778 859 2825 imperium
891 2776 1033 2820 cedens,
1069 2778 1254 2812 concessit.
1301 2776 1349 2811 At
1376 2777 1469 2812 enim
1493 2775 1695 2821 patriarcha
