<?xml version="1.0" encoding="UTF-8"?>
<!DOCTYPE html PUBLIC "-//W3C//DTD XHTML 1.0 Transitional//EN"
    "http://www.w3.org/TR/xhtml1/DTD/xhtml1-transitional.dtd">
<html xmlns="http://www.w3.org/1999/xhtml" xml:lang="en" lang="en">
 <head>
  <title>
</title>
<meta http-equiv="Content-Type" content="text/html;charset=utf-8" />
  <meta name='ocr-system' content='tesseract 3.04.00' />
  <meta name='ocr-capabilities' content='ocr_page ocr_carea ocr_par ocr_line ocrx_word'/>
</head>
<body>
  <div class='ocr_page' id='page_1' title='image "./corpusscriptorum24niebuoft_0476.png"; bbox 0 0 1800 3146; ppageno 0'>
   <div class='ocr_carea' id='block_1_1' title="bbox 277 147 1171 214">
    <p class='ocr_par' dir='ltr' id='par_1_1' title="bbox 277 147 1171 214">
     <span class='ocr_line' id='line_1_1' title="bbox 277 147 1171 214; baseline 0.003 -12"><span class='ocrx_word' id='word_1_1' title='bbox 277 147 391 214; x_wconf 74' lang='grc'><strong>464</strong></span> <span class='ocrx_word' id='word_1_2' title='bbox 805 163 1171 207; x_wconf 76' lang='lat' dir='ltr'><strong>CANTACUZEM</strong></span> 
     </span>
    </p>
   </div>
   <div class='ocr_carea' id='block_1_2' title="bbox 83 259 1760 1234">
    <p class='ocr_par' dir='ltr' id='par_1_2' title="bbox 83 259 1699 450">
     <span class='ocr_line' id='line_1_2' title="bbox 83 259 1692 321; baseline -0.002 -12"><span class='ocrx_word' id='word_1_3' title='bbox 83 274 264 320; x_wconf 78' lang='lat' dir='ltr'><strong>A.C.1343</strong></span> <span class='ocrx_word' id='word_1_4' title='bbox 281 260 353 308; x_wconf 74' lang='grc' dir='ltr'><strong>οὖν</strong></span> <span class='ocrx_word' id='word_1_5' title='bbox 383 267 530 307; x_wconf 80' lang='grc' dir='ltr'><em>ἐκεῖνοι</em></span> <span class='ocrx_word' id='word_1_6' title='bbox 557 265 670 321; x_wconf 77' lang='grc' dir='ltr'><em>παρὰ</em></span> <span class='ocrx_word' id='word_1_7' title='bbox 701 268 779 307; x_wconf 81' lang='grc' dir='ltr'><em>τοῦ</em></span> <span class='ocrx_word' id='word_1_8' title='bbox 806 265 1032 319; x_wconf 80' lang='grc' dir='ltr'><em>πνεύματος</em></span> <span class='ocrx_word' id='word_1_9' title='bbox 1051 263 1340 317; x_wconf 72' lang='grc' dir='ltr'><em>διδασκόμενοι</em></span> <span class='ocrx_word' id='word_1_10' title='bbox 1366 263 1464 312; x_wconf 75' lang='grc' dir='ltr'><em>τούς</em></span> <span class='ocrx_word' id='word_1_11' title='bbox 1483 259 1564 304; x_wconf 80' lang='grc' dir='ltr'><strong>άπὸ</strong></span> <span class='ocrx_word' id='word_1_12' title='bbox 1594 266 1692 307; x_wconf 76' lang='grc' dir='ltr'><em>θεον</em></span> 
     </span>
     <span class='ocr_line' id='line_1_3' title="bbox 275 327 1698 387; baseline -0.004 -13"><span class='ocrx_word' id='word_1_13' title='bbox 275 334 603 386; x_wconf 81' lang='grc' dir='ltr'><em>κεχωρισμένους</em></span> <span class='ocrx_word' id='word_1_14' title='bbox 631 330 702 373; x_wconf 85' lang='grc' dir='ltr'><strong>διά</strong></span> <span class='ocrx_word' id='word_1_15' title='bbox 730 330 801 386; x_wconf 75' lang='grc' dir='ltr'><strong>τὴν</strong></span> <span class='ocrx_word' id='word_1_16' title='bbox 828 333 924 387; x_wconf 76' lang='grc' dir='ltr'><em>περὶ</em></span> <span class='ocrx_word' id='word_1_17' title='bbox 949 330 1001 373; x_wconf 81' lang='grc' dir='ltr'><em>τά</em></span> <span class='ocrx_word' id='word_1_18' title='bbox 1031 334 1175 387; x_wconf 76' lang='grc' dir='ltr'><em>φαῦλα</em></span> <span class='ocrx_word' id='word_1_19' title='bbox 1203 329 1425 384; x_wconf 78' lang='grc' dir='ltr'><em>ἐπιμονὴν,</em></span> <span class='ocrx_word' id='word_1_20' title='bbox 1457 327 1698 370; x_wconf 70' lang='grc' dir='ltr'><em>διδάσκουσι</em></span> 
     </span>
     <span class='ocr_line' id='line_1_4' title="bbox 275 392 1699 450; baseline -0.002 -13"><span class='ocrx_word' id='word_1_21' title='bbox 275 396 373 444; x_wconf 75' lang='grc' dir='ltr'><em>τούς</em></span> <span class='ocrx_word' id='word_1_22' title='bbox 400 392 550 445; x_wconf 71' lang='grc' dir='ltr'><em>ἄλλους</em></span> <span class='ocrx_word' id='word_1_23' title='bbox 567 430 577 446; x_wconf 82' lang='lat'><em>‚</em></span> <span class='ocrx_word' id='word_1_24' title='bbox 606 396 663 450; x_wconf 79' lang='grc' dir='ltr'><em>μὴ</em></span> <span class='ocrx_word' id='word_1_25' title='bbox 698 393 838 445; x_wconf 74' lang='grc' dir='ltr'><em>αὐτοῖς</em></span> <span class='ocrx_word' id='word_1_26' title='bbox 879 399 1264 450; x_wconf 75' lang='grc' dir='ltr'><em>συναναμίγνυσθαι</em></span> <span class='ocrx_word' id='word_1_27' title='bbox 1279 428 1291 447; x_wconf 85' lang='grc'><em>,</em></span> <span class='ocrx_word' id='word_1_28' title='bbox 1307 396 1414 449; x_wconf 84' lang='grc' dir='ltr'><em>μηδὲ</em></span> <span class='ocrx_word' id='word_1_29' title='bbox 1453 392 1699 445; x_wconf 76' lang='grc' dir='ltr'><em>συνεσθίειν,</em></span> 
     </span>
    </p>

    <p class='ocr_par' dir='ltr' id='par_1_3' title="bbox 235 455 1753 1038">
     <span class='ocr_line' id='line_1_5' title="bbox 235 455 1700 516; baseline -0.003 -13"><span class='ocrx_word' id='word_1_30' title='bbox 235 463 381 516; x_wconf 80' lang='grc' dir='ltr'><em>Ομηδὲ</em></span> <span class='ocrx_word' id='word_1_31' title='bbox 409 459 715 515; x_wconf 72' lang='grc' dir='ltr'><em>συνεύχεσθαι,</em></span> <span class='ocrx_word' id='word_1_32' title='bbox 757 462 813 511; x_wconf 77' lang='grc' dir='ltr'><em>ὥς</em></span> <span class='ocrx_word' id='word_1_33' title='bbox 841 460 920 503; x_wconf 79' lang='grc' dir='ltr'><strong>ἀπὸ</strong></span> <span class='ocrx_word' id='word_1_34' title='bbox 950 465 1054 502; x_wconf 80' lang='grc' dir='ltr'><em>θεοῦ</em></span> <span class='ocrx_word' id='word_1_35' title='bbox 1080 462 1421 514; x_wconf 75' lang='grc' dir='ltr'><em>κεχωρισμένοις,</em></span> <span class='ocrx_word' id='word_1_36' title='bbox 1468 460 1516 500; x_wconf 81' lang='grc' dir='ltr'><strong>ἵν’</strong></span> <span class='ocrx_word' id='word_1_37' title='bbox 1544 455 1570 513; x_wconf 79' lang='grc' dir='ltr'><em>ἢ</em></span> <span class='ocrx_word' id='word_1_38' title='bbox 1598 460 1700 500; x_wconf 79' lang='grc' dir='ltr'><em>ἐκεῖ·</em></span> 
     </span>
     <span class='ocr_line' id='line_1_6' title="bbox 274 520 1728 583; baseline -0.006 -14"><span class='ocrx_word' id='word_1_39' title='bbox 274 543 337 569; x_wconf 90' lang='grc' dir='ltr'><strong>νοι</strong></span> <span class='ocrx_word' id='word_1_40' title='bbox 368 528 675 583; x_wconf 72' lang='grc' dir='ltr'><em>ἐπιστρέψωσιν</em></span> <span class='ocrx_word' id='word_1_41' title='bbox 717 527 796 568; x_wconf 69' lang='grc' dir='ltr'><strong>ἀπὸ</strong></span> <span class='ocrx_word' id='word_1_42' title='bbox 827 530 908 569; x_wconf 77' lang='grc' dir='ltr'><strong>τῶν</strong></span> <span class='ocrx_word' id='word_1_43' title='bbox 939 524 1128 583; x_wconf 79' lang='grc' dir='ltr'><em>φαύλων,</em></span> <span class='ocrx_word' id='word_1_44' title='bbox 1160 522 1450 578; x_wconf 78' lang='grc' dir='ltr'><em>αἰσχυνόμενοι</em></span> <span class='ocrx_word' id='word_1_45' title='bbox 1475 523 1546 565; x_wconf 86' lang='grc' dir='ltr'><strong>τὸν</strong></span> <span class='ocrx_word' id='word_1_46' title='bbox 1567 520 1728 576; x_wconf 50' lang='grc' dir='ltr'><em>χωρι-,ὅ</em></span> 
     </span>
     <span class='ocr_line' id='line_1_7' title="bbox 274 587 1703 647; baseline -0.004 -13"><span class='ocrx_word' id='word_1_47' title='bbox 274 591 404 646; x_wconf 89' lang='grc' dir='ltr'><em>σμόν,</em></span> <span class='ocrx_word' id='word_1_48' title='bbox 442 587 468 647; x_wconf 76' lang='grc' dir='ltr'><em>ἢ</em></span> <span class='ocrx_word' id='word_1_49' title='bbox 515 588 629 634; x_wconf 78' lang='grc' dir='ltr'><em>οὗτοι</em></span> <span class='ocrx_word' id='word_1_50' title='bbox 669 591 728 647; x_wconf 83' lang='grc' dir='ltr'><em>μὴ</em></span> <span class='ocrx_word' id='word_1_51' title='bbox 757 591 1019 646; x_wconf 81' lang='grc' dir='ltr'><em>βλάπτωνται</em></span> <span class='ocrx_word' id='word_1_52' title='bbox 1048 594 1092 633; x_wconf 86' lang='grc' dir='ltr'><em>ἐκ</em></span> <span class='ocrx_word' id='word_1_53' title='bbox 1119 594 1193 646; x_wconf 79' lang='grc' dir='ltr'><strong>τῆς</strong></span> <span class='ocrx_word' id='word_1_54' title='bbox 1218 592 1379 632; x_wconf 83' lang='grc' dir='ltr'><em>ἐκείνων</em></span> <span class='ocrx_word' id='word_1_55' title='bbox 1406 589 1703 642; x_wconf 82' lang='grc' dir='ltr'><em>συνδιαγωγῆς.</em></span> 
     </span>
     <span class='ocr_line' id='line_1_8' title="bbox 275 649 1700 714; baseline -0.004 -15"><span class='ocrx_word' id='word_1_56' title='bbox 275 655 377 714; x_wconf 74' lang='grc' dir='ltr'><em>ῥᾷον</em></span> <span class='ocrx_word' id='word_1_57' title='bbox 411 656 492 712; x_wconf 83' lang='grc' dir='ltr'><strong>γάρ</strong></span> <span class='ocrx_word' id='word_1_58' title='bbox 542 655 592 700; x_wconf 74' lang='grc' dir='ltr'><strong>ἄν</strong></span> <span class='ocrx_word' id='word_1_59' title='bbox 625 674 687 707; x_wconf 87' lang='grc' dir='ltr'><strong>τις</strong></span> <span class='ocrx_word' id='word_1_60' title='bbox 720 655 948 712; x_wconf 79' lang='grc' dir='ltr'><em>μεταλάβοι</em></span> <span class='ocrx_word' id='word_1_61' title='bbox 977 659 1142 709; x_wconf 85' lang='grc' dir='ltr'><em>κακίας,</em></span> <span class='ocrx_word' id='word_1_62' title='bbox 1186 651 1405 712; x_wconf 71' lang='grc' dir='ltr'><em>ἢμεταδῷ</em></span> <span class='ocrx_word' id='word_1_63' title='bbox 1435 656 1508 708; x_wconf 83' lang='grc' dir='ltr'><strong>τῆς</strong></span> <span class='ocrx_word' id='word_1_64' title='bbox 1538 649 1700 708; x_wconf 80' lang='grc' dir='ltr'><em>ἆρετῆς.</em></span> 
     </span>
     <span class='ocr_line' id='line_1_9' title="bbox 274 715 1702 778; baseline -0.005 -14"><span class='ocrx_word' id='word_1_65' title='bbox 274 726 316 765; x_wconf 84' lang='grc' dir='ltr'><strong>εἰ</strong></span> <span class='ocrx_word' id='word_1_66' title='bbox 340 724 375 764; x_wconf 89' lang='grc' dir='ltr'><em>δ’</em></span> <span class='ocrx_word' id='word_1_67' title='bbox 402 725 531 765; x_wconf 83' lang='grc' dir='ltr'><em>ἐκεῖνο</em></span> <span class='ocrx_word' id='word_1_68' title='bbox 551 725 844 778; x_wconf 80' lang='grc' dir='ltr'><em>προβάλλεται,</em></span> <span class='ocrx_word' id='word_1_69' title='bbox 874 725 919 764; x_wconf 87' lang='grc' dir='ltr'><em>τί</em></span> <span class='ocrx_word' id='word_1_70' title='bbox 935 719 1009 764; x_wconf 74' lang='grc' dir='ltr'><strong>οὖν</strong></span> <span class='ocrx_word' id='word_1_71' title='bbox 1039 722 1060 763; x_wconf 81' lang='grc' dir='ltr'><em>ὃ</em></span> <span class='ocrx_word' id='word_1_72' title='bbox 1091 719 1273 776; x_wconf 88' lang='grc' dir='ltr'><em>Χριστὸς</em></span> <span class='ocrx_word' id='word_1_73' title='bbox 1304 717 1392 761; x_wconf 86' lang='grc' dir='ltr'><em>εἶπε</em></span> <span class='ocrx_word' id='word_1_74' title='bbox 1431 715 1591 771; x_wconf 85' lang='grc' dir='ltr'><em>,,πάντα</em></span> <span class='ocrx_word' id='word_1_75' title='bbox 1622 715 1702 758; x_wconf 76' lang='grc' dir='ltr'><strong>ὅσα</strong></span> 
     </span>
     <span class='ocr_line' id='line_1_10' title="bbox 275 778 1701 843; baseline -0.005 -14"><span class='ocrx_word' id='word_1_76' title='bbox 275 784 327 829; x_wconf 74' lang='grc' dir='ltr'><strong>ἂν</strong></span> <span class='ocrx_word' id='word_1_77' title='bbox 355 787 505 843; x_wconf 77' lang='grc' dir='ltr'><em>δήσητε</em></span> <span class='ocrx_word' id='word_1_78' title='bbox 533 788 602 830; x_wconf 76' lang='grc' dir='ltr'><strong>ἐπὶ</strong></span> <span class='ocrx_word' id='word_1_79' title='bbox 627 790 701 843; x_wconf 77' lang='grc' dir='ltr'><strong>τῆς</strong></span> <span class='ocrx_word' id='word_1_80' title='bbox 728 790 814 843; x_wconf 73' lang='grc' dir='ltr'><em>γῆς,</em></span> <span class='ocrx_word' id='word_1_81' title='bbox 844 787 961 830; x_wconf 77' lang='grc' dir='ltr'><em>ἔσται</em></span> <span class='ocrx_word' id='word_1_82' title='bbox 990 789 1185 839; x_wconf 87' lang='grc' dir='ltr'><em>δεδεμένα</em></span> <span class='ocrx_word' id='word_1_83' title='bbox 1216 788 1259 828; x_wconf 81' lang='grc' dir='ltr'><strong>ἐν</strong></span> <span class='ocrx_word' id='word_1_84' title='bbox 1287 787 1344 842; x_wconf 76' lang='grc' dir='ltr'><em>τῷ</em></span> <span class='ocrx_word' id='word_1_85' title='bbox 1373 786 1536 840; x_wconf 72' lang='grc' dir='ltr'><em>ου’ρανῷ</em></span> <span class='ocrx_word' id='word_1_86' title='bbox 1547 783 1583 834; x_wconf 83' lang='grc'><strong>,·”</strong></span> <span class='ocrx_word' id='word_1_87' title='bbox 1612 778 1701 823; x_wconf 75' lang='grc' dir='ltr'><em>ἄλλ’</em></span> 
     </span>
     <span class='ocr_line' id='line_1_11' title="bbox 276 845 1753 907; baseline -0.006 -12"><span class='ocrx_word' id='word_1_88' title='bbox 276 850 406 895; x_wconf 75' lang='grc' dir='ltr'><em>αῧτοῦ</em></span> <span class='ocrx_word' id='word_1_89' title='bbox 447 854 521 894; x_wconf 79' lang='grc' dir='ltr'><em>τοῦ</em></span> <span class='ocrx_word' id='word_1_90' title='bbox 557 855 763 907; x_wconf 87' lang='grc' dir='ltr'><em>μακαρίου</em></span> <span class='ocrx_word' id='word_1_91' title='bbox 807 856 975 907; x_wconf 82' lang='grc' dir='ltr'><em>Πέτρου</em></span> <span class='ocrx_word' id='word_1_92' title='bbox 1006 849 1215 904; x_wconf 85' lang='grc' dir='ltr'><em>οἷκουέτω,</em></span> <span class='ocrx_word' id='word_1_93' title='bbox 1259 849 1360 906; x_wconf 83' lang='grc' dir='ltr'><em>πρὸς</em></span> <span class='ocrx_word' id='word_1_94' title='bbox 1401 846 1451 890; x_wconf 72' lang='grc' dir='ltr'><strong>ὃν</strong></span> <span class='ocrx_word' id='word_1_95' title='bbox 1477 846 1502 904; x_wconf 82' lang='grc' dir='ltr'><em>ἦ</em></span> <span class='ocrx_word' id='word_1_96' title='bbox 1532 845 1753 898; x_wconf 54' lang='grc' dir='ltr'><em>ἐξουσίαις)</em></span> 
     </span>
     <span class='ocr_line' id='line_1_12' title="bbox 276 909 1702 976; baseline -0.005 -16"><span class='ocrx_word' id='word_1_97' title='bbox 276 920 467 972; x_wconf 89' lang='grc' dir='ltr'><em>δέδοται,</em></span> <span class='ocrx_word' id='word_1_98' title='bbox 506 919 717 973; x_wconf 82' lang='grc' dir='ltr'><em>Κλήμεντι</em></span> <span class='ocrx_word' id='word_1_99' title='bbox 756 921 814 976; x_wconf 73' lang='grc' dir='ltr'><em>τῷ</em></span> <span class='ocrx_word' id='word_1_100' title='bbox 853 916 1034 975; x_wconf 76' lang='grc' dir='ltr'><em>διαδόχῳ</em></span> <span class='ocrx_word' id='word_1_101' title='bbox 1065 918 1412 971; x_wconf 86' lang='grc' dir='ltr'><em>παραγγέλλοντος</em></span> <span class='ocrx_word' id='word_1_102' title='bbox 1441 909 1702 969; x_wconf 64' lang='grc' dir='ltr'><em>διαρρήδην,</em></span> 
     </span>
     <span class='ocr_line' id='line_1_13' title="bbox 276 977 1705 1038; baseline -0.005 -13"><span class='ocrx_word' id='word_1_103' title='bbox 276 980 336 1025; x_wconf 81' lang='grc' dir='ltr'><strong>ὅτι</strong></span> <span class='ocrx_word' id='word_1_104' title='bbox 359 983 539 1037; x_wconf 83' lang='grc' dir='ltr'><em>,,λύσεις,</em></span> <span class='ocrx_word' id='word_1_105' title='bbox 558 980 586 1024; x_wconf 71' lang='grc' dir='ltr'><strong><em>ἃ</em></strong></span> <span class='ocrx_word' id='word_1_106' title='bbox 604 984 821 1038; x_wconf 83' lang='grc' dir='ltr'><em>προσῆκον,</em></span> <span class='ocrx_word' id='word_1_107' title='bbox 846 982 998 1036; x_wconf 81' lang='grc' dir='ltr'><em>ὁμοίως</em></span> <span class='ocrx_word' id='word_1_108' title='bbox 1017 985 1089 1024; x_wconf 85' lang='grc' dir='ltr'><em>καί</em></span> <span class='ocrx_word' id='word_1_109' title='bbox 1117 981 1251 1036; x_wconf 79' lang='grc' dir='ltr'><em>δήσεις</em></span> <span class='ocrx_word' id='word_1_110' title='bbox 1264 984 1302 1034; x_wconf 84' lang='grc'><strong>,”</strong></span> <span class='ocrx_word' id='word_1_111' title='bbox 1331 980 1386 1028; x_wconf 76' lang='grc' dir='ltr'><em>(ὃς</em></span> <span class='ocrx_word' id='word_1_112' title='bbox 1413 977 1484 1021; x_wconf 82' lang='grc' dir='ltr'><strong>τὸν</strong></span> <span class='ocrx_word' id='word_1_113' title='bbox 1498 979 1575 1030; x_wconf 78' lang='grc' dir='ltr'><strong>μὲν</strong></span> <span class='ocrx_word' id='word_1_114' title='bbox 1595 980 1705 1033; x_wconf 88' lang='grc' dir='ltr'><em>Χρι-</em></span> 
     </span>
    </p>

    <p class='ocr_par' dir='ltr' id='par_1_4' title="bbox 143 1042 1706 1103">
     <span class='ocr_line' id='line_1_14' title="bbox 143 1042 1706 1103; baseline -0.006 -12"><span class='ocrx_word' id='word_1_115' title='bbox 143 1054 184 1088; x_wconf 92' lang='lat' dir='ltr'><strong>V.</strong></span> <span class='ocrx_word' id='word_1_116' title='bbox 198 1054 265 1100; x_wconf 85' lang='grc'><strong>489</strong></span> <span class='ocrx_word' id='word_1_117' title='bbox 281 1047 378 1090; x_wconf 89' lang='grc' dir='ltr'><strong>στὸν</strong></span> <span class='ocrx_word' id='word_1_118' title='bbox 407 1047 511 1103; x_wconf 84' lang='grc' dir='ltr'><em>πρὸς</em></span> <span class='ocrx_word' id='word_1_119' title='bbox 542 1051 693 1091; x_wconf 83' lang='grc' dir='ltr'><em>ἐκεῖνον</em></span> <span class='ocrx_word' id='word_1_120' title='bbox 721 1048 938 1098; x_wconf 79' lang='grc' dir='ltr'><em>άπολύτως</em></span> <span class='ocrx_word' id='word_1_121' title='bbox 980 1049 1107 1089; x_wconf 79' lang='grc' dir='ltr'><em>εἰπεῖν</em></span> <span class='ocrx_word' id='word_1_122' title='bbox 1133 1046 1204 1088; x_wconf 87' lang='grc' dir='ltr'><strong>τὸν</strong></span> <span class='ocrx_word' id='word_1_123' title='bbox 1243 1044 1382 1099; x_wconf 86' lang='grc' dir='ltr'><em>λόγον,</em></span> <span class='ocrx_word' id='word_1_124' title='bbox 1424 1042 1560 1086; x_wconf 84' lang='grc' dir='ltr'><em>εἰδότα</em></span> <span class='ocrx_word' id='word_1_125' title='bbox 1588 1043 1706 1098; x_wconf 77' lang='grc' dir='ltr'><em>ἀκρι-</em></span> 
     </span>
    </p>

    <p class='ocr_par' dir='ltr' id='par_1_5' title="bbox 235 1107 1706 1169">
     <span class='ocr_line' id='line_1_15' title="bbox 235 1107 1706 1169; baseline -0.005 -13"><span class='ocrx_word' id='word_1_126' title='bbox 235 1116 380 1169; x_wconf 79' lang='grc' dir='ltr'><em>Ββῶς,</em></span> <span class='ocrx_word' id='word_1_127' title='bbox 409 1112 465 1163; x_wconf 74' lang='grc' dir='ltr'><em>(ὃς</em></span> <span class='ocrx_word' id='word_1_128' title='bbox 493 1115 613 1156; x_wconf 76' lang='grc' dir='ltr'><em>ου’δὲν</em></span> <span class='ocrx_word' id='word_1_129' title='bbox 653 1113 768 1169; x_wconf 67' lang='grc' dir='ltr'><em>δήσει</em></span> <span class='ocrx_word' id='word_1_130' title='bbox 810 1116 894 1155; x_wconf 75' lang='grc' dir='ltr'><strong>τῶν</strong></span> <span class='ocrx_word' id='word_1_131' title='bbox 922 1114 1046 1163; x_wconf 69' lang='grc' dir='ltr'><em>ἀξίων</em></span> <span class='ocrx_word' id='word_1_132' title='bbox 1077 1110 1134 1166; x_wconf 76' lang='grc' dir='ltr'><em>μὴ</em></span> <span class='ocrx_word' id='word_1_133' title='bbox 1177 1113 1372 1156; x_wconf 74' lang='grc' dir='ltr'><em>δεδέσθαι</em></span> <span class='ocrx_word' id='word_1_134' title='bbox 1397 1126 1408 1137; x_wconf 90' lang='grc'><em>·</em></span> <span class='ocrx_word' id='word_1_135' title='bbox 1463 1111 1627 1163; x_wconf 78' lang='grc' dir='ltr'><em>Πέτρον</em></span> <span class='ocrx_word' id='word_1_136' title='bbox 1659 1107 1706 1149; x_wconf 82' lang='grc' dir='ltr'><em>δὲ</em></span> 
     </span>
    </p>

    <p class='ocr_par' dir='ltr' id='par_1_6' title="bbox 277 1170 1760 1234">
     <span class='ocr_line' id='line_1_16' title="bbox 277 1170 1760 1234; baseline -0.005 -13"><span class='ocrx_word' id='word_1_137' title='bbox 277 1175 418 1231; x_wconf 76' lang='grc' dir='ltr'><em>αὖθις,</em></span> <span class='ocrx_word' id='word_1_138' title='bbox 445 1179 687 1234; x_wconf 76' lang='grc' dir='ltr'><em>παράὖτοῧ</em></span> <span class='ocrx_word' id='word_1_139' title='bbox 712 1179 787 1220; x_wconf 76' lang='grc' dir='ltr'><em>τοῦ</em></span> <span class='ocrx_word' id='word_1_140' title='bbox 817 1176 1069 1219; x_wconf 79' lang='grc' dir='ltr'><em>διδασκάλου</em></span> <span class='ocrx_word' id='word_1_141' title='bbox 1096 1175 1382 1229; x_wconf 86' lang='grc' dir='ltr'><em>ἐμπνεόμενον,</em></span> <span class='ocrx_word' id='word_1_142' title='bbox 1412 1176 1484 1216; x_wconf 84' lang='grc' dir='ltr'>καί</span> <span class='ocrx_word' id='word_1_143' title='bbox 1525 1172 1596 1215; x_wconf 83' lang='grc' dir='ltr'><strong>τὸν</strong></span> <span class='ocrx_word' id='word_1_144' title='bbox 1624 1170 1760 1213; x_wconf 77' lang='grc' dir='ltr'><em>διο-15</em></span> 
     </span>
    </p>
   </div>
   <div class='ocr_carea' id='block_1_3' title="bbox 774 1239 846 1255">
    <p class='ocr_par' dir='ltr' id='par_1_7' title="bbox 774 1239 846 1255">
     <span class='ocr_line' id='line_1_17' title="bbox 774 1239 846 1255; baseline 0 -1"><span class='ocrx_word' id='word_1_145' title='bbox 774 1239 846 1255; x_wconf 59' lang='lat' dir='ltr'><strong>uel</strong></span> 
     </span>
    </p>
   </div>
   <div class='ocr_carea' id='block_1_4' title="bbox 155 1233 1765 1756">
    <p class='ocr_par' dir='ltr' id='par_1_8' title="bbox 155 1233 1765 1756">
     <span class='ocr_line' id='line_1_18' title="bbox 277 1233 1707 1299; baseline -0.005 -14"><span class='ocrx_word' id='word_1_146' title='bbox 277 1244 424 1299; x_wconf 87' lang='grc' dir='ltr'><em>ρισμὸν</em></span> <span class='ocrx_word' id='word_1_147' title='bbox 451 1248 696 1299; x_wconf 84' lang='grc' dir='ltr'><em>προσθεῖναι</em></span> <span class='ocrx_word' id='word_1_148' title='bbox 721 1259 791 1285; x_wconf 89' lang='grc' dir='ltr'><strong>του</strong></span> <span class='ocrx_word' id='word_1_149' title='bbox 823 1259 902 1284; x_wconf 88' lang='grc' dir='ltr'><strong>οσα</strong></span> <span class='ocrx_word' id='word_1_150' title='bbox 931 1245 1016 1295; x_wconf 84' lang='grc' dir='ltr'><em>δεῖ,</em></span> <span class='ocrx_word' id='word_1_151' title='bbox 1046 1245 1265 1291; x_wconf 84' lang='grc' dir='ltr'><em>δείσαντα,</em></span> <span class='ocrx_word' id='word_1_152' title='bbox 1311 1241 1366 1290; x_wconf 76' lang='grc' dir='ltr'><em>ὥς</em></span> <span class='ocrx_word' id='word_1_153' title='bbox 1397 1237 1528 1291; x_wconf 79' lang='grc' dir='ltr'><em>ἔοικε,</em></span> <span class='ocrx_word' id='word_1_154' title='bbox 1570 1236 1628 1292; x_wconf 79' lang='grc' dir='ltr'><em>μή</em></span> <span class='ocrx_word' id='word_1_155' title='bbox 1659 1233 1707 1278; x_wconf 75' lang='grc' dir='ltr'><strong>ὕ-</strong></span> 
     </span>
     <span class='ocr_line' id='line_1_19' title="bbox 276 1299 1709 1364; baseline -0.005 -13"><span class='ocrx_word' id='word_1_156' title='bbox 276 1308 419 1364; x_wconf 85' lang='grc' dir='ltr'><em>στερόν</em></span> <span class='ocrx_word' id='word_1_157' title='bbox 457 1324 552 1350; x_wconf 87' lang='grc' dir='ltr'><em>ποτε</em></span> <span class='ocrx_word' id='word_1_158' title='bbox 589 1308 614 1363; x_wconf 81' lang='grc' dir='ltr'><em>ἦ</em></span> <span class='ocrx_word' id='word_1_159' title='bbox 658 1307 828 1361; x_wconf 79' lang='grc' dir='ltr'><em>τοιαύτη</em></span> <span class='ocrx_word' id='word_1_160' title='bbox 868 1309 1086 1363; x_wconf 71' lang='grc' dir='ltr'><em>ἐπεισέλθῃ</em></span> <span class='ocrx_word' id='word_1_161' title='bbox 1127 1305 1274 1356; x_wconf 88' lang='grc' dir='ltr'><em>νόσος,</em></span> <span class='ocrx_word' id='word_1_162' title='bbox 1321 1307 1392 1347; x_wconf 87' lang='grc' dir='ltr'><em>καί</em></span> <span class='ocrx_word' id='word_1_163' title='bbox 1416 1306 1639 1357; x_wconf 89' lang='grc' dir='ltr'><em>νομίσωσιν</em></span> <span class='ocrx_word' id='word_1_164' title='bbox 1667 1299 1709 1344; x_wconf 83' lang='grc' dir='ltr'><strong>οἷ</strong></span> 
     </span>
     <span class='ocr_line' id='line_1_20' title="bbox 276 1367 1710 1429; baseline -0.007 -13"><span class='ocrx_word' id='word_1_165' title='bbox 276 1375 486 1429; x_wconf 71' lang='grc' dir='ltr'><em>ἀρχιερεῖς</em></span> <span class='ocrx_word' id='word_1_166' title='bbox 514 1372 703 1425; x_wconf 78' lang='grc' dir='ltr'><em>ἐξουσίαν</em></span> <span class='ocrx_word' id='word_1_167' title='bbox 731 1371 842 1425; x_wconf 78' lang='grc' dir='ltr'><em>ἔχειν</em></span> <span class='ocrx_word' id='word_1_168' title='bbox 864 1374 1076 1426; x_wconf 85' lang='grc' dir='ltr'><em>χωρίζειν,</em></span> <span class='ocrx_word' id='word_1_169' title='bbox 1101 1369 1173 1418; x_wconf 68' lang='grc' dir='ltr'><em>οὓς</em></span> <span class='ocrx_word' id='word_1_170' title='bbox 1203 1367 1255 1412; x_wconf 75' lang='grc' dir='ltr'><strong>ἂν</strong></span> <span class='ocrx_word' id='word_1_171' title='bbox 1273 1373 1482 1422; x_wconf 89' lang='grc' dir='ltr'><em>ἐθέλωσιν,</em></span> <span class='ocrx_word' id='word_1_172' title='bbox 1503 1369 1585 1410; x_wconf 84' lang='grc' dir='ltr'><strong>α’πὸ</strong></span> <span class='ocrx_word' id='word_1_173' title='bbox 1602 1368 1710 1408; x_wconf 72' lang='grc' dir='ltr'><em>θεοῦ·</em></span> 
     </span>
     <span class='ocr_line' id='line_1_21' title="bbox 277 1427 1709 1491; baseline -0.006 -10"><span class='ocrx_word' id='word_1_174' title='bbox 277 1440 395 1482; x_wconf 75' lang='grc' dir='ltr'><em>ἰδίων</em></span> <span class='ocrx_word' id='word_1_175' title='bbox 423 1442 540 1481; x_wconf 74' lang='grc' dir='ltr'><em>ἕνεκα</em></span> <span class='ocrx_word' id='word_1_176' title='bbox 568 1436 830 1491; x_wconf 78' lang='grc' dir='ltr'><em>ἐγκλημάτων</em></span> <span class='ocrx_word' id='word_1_177' title='bbox 859 1437 930 1476; x_wconf 83' lang='grc' dir='ltr'><em>καί</em></span> <span class='ocrx_word' id='word_1_178' title='bbox 954 1437 1119 1477; x_wconf 76' lang='grc' dir='ltr'><em>παθῶν.</em></span> <span class='ocrx_word' id='word_1_179' title='bbox 1153 1433 1178 1475; x_wconf 77' lang='grc' dir='ltr'>ὃ</span> <span class='ocrx_word' id='word_1_180' title='bbox 1204 1435 1279 1476; x_wconf 76' lang='grc' dir='ltr'><strong>νῦν</strong></span> <span class='ocrx_word' id='word_1_181' title='bbox 1298 1437 1478 1476; x_wconf 89' lang='grc' dir='ltr'><em>πέπονθε</em></span> <span class='ocrx_word' id='word_1_182' title='bbox 1498 1435 1569 1474; x_wconf 82' lang='grc' dir='ltr'>καί</span> <span class='ocrx_word' id='word_1_183' title='bbox 1588 1427 1709 1482; x_wconf 71' lang='grc' dir='ltr'><em>οὗτος</em></span> 
     </span>
     <span class='ocr_line' id='line_1_22' title="bbox 276 1491 1763 1559; baseline -0.005 -13"><span class='ocrx_word' id='word_1_184' title='bbox 276 1504 347 1559; x_wconf 72' lang='grc' dir='ltr'><strong>τὴν</strong></span> <span class='ocrx_word' id='word_1_185' title='bbox 376 1503 527 1546; x_wconf 83' lang='grc' dir='ltr'><em>οἰκείαν</em></span> <span class='ocrx_word' id='word_1_186' title='bbox 555 1501 760 1556; x_wconf 71' lang='grc' dir='ltr'><em>ἀγνοήσας</em></span> <span class='ocrx_word' id='word_1_187' title='bbox 790 1501 985 1554; x_wconf 80' lang='grc' dir='ltr'><em>δύναμιν.</em></span> <span class='ocrx_word' id='word_1_188' title='bbox 1052 1501 1176 1554; x_wconf 76' lang='grc' dir='ltr'><em>δῆλον</em></span> <span class='ocrx_word' id='word_1_189' title='bbox 1205 1495 1304 1551; x_wconf 74' lang='grc' dir='ltr'><em>οὖν,</em></span> <span class='ocrx_word' id='word_1_190' title='bbox 1337 1499 1414 1551; x_wconf 78' lang='grc' dir='ltr'><em>ὥς,</em></span> <span class='ocrx_word' id='word_1_191' title='bbox 1444 1493 1496 1539; x_wconf 72' lang='grc' dir='ltr'><strong>ἄν</strong></span> <span class='ocrx_word' id='word_1_192' title='bbox 1521 1513 1583 1545; x_wconf 90' lang='grc' dir='ltr'><strong>τις</strong></span> <span class='ocrx_word' id='word_1_193' title='bbox 1611 1491 1763 1548; x_wconf 57' lang='grc' dir='ltr'><em>ἅξιαᾳο·</em></span> 
     </span>
     <span class='ocr_line' id='line_1_23' title="bbox 278 1560 1709 1626; baseline -0.006 -16"><span class='ocrx_word' id='word_1_194' title='bbox 278 1572 378 1626; x_wconf 79' lang='grc' dir='ltr'><em>ποιῇ</em></span> <span class='ocrx_word' id='word_1_195' title='bbox 400 1570 623 1624; x_wconf 81' lang='grc' dir='ltr'><em>χωρισμοῦ</em></span> <span class='ocrx_word' id='word_1_196' title='bbox 650 1569 768 1620; x_wconf 79' lang='grc' dir='ltr'><em>θεοῦ,</em></span> <span class='ocrx_word' id='word_1_197' title='bbox 815 1568 887 1608; x_wconf 81' lang='grc' dir='ltr'><em>καί</em></span> <span class='ocrx_word' id='word_1_198' title='bbox 914 1564 1011 1620; x_wconf 79' lang='grc' dir='ltr'><strong>πρίν</strong></span> <span class='ocrx_word' id='word_1_199' title='bbox 1038 1563 1133 1614; x_wconf 77' lang='grc' dir='ltr'><em>τούς</em></span> <span class='ocrx_word' id='word_1_200' title='bbox 1163 1564 1384 1618; x_wconf 77' lang='grc' dir='ltr'><em>ἀρχιερέας</em></span> <span class='ocrx_word' id='word_1_201' title='bbox 1413 1560 1592 1619; x_wconf 85' lang='grc' dir='ltr'><em>φανερὸν</em></span> <span class='ocrx_word' id='word_1_202' title='bbox 1619 1577 1709 1609; x_wconf 45' lang='grc' dir='ltr'><em>ποιφ</em></span> 
     </span>
     <span class='ocr_line' id='line_1_24' title="bbox 155 1623 1765 1685; baseline -0.004 -12"><span class='ocrx_word' id='word_1_203' title='bbox 155 1638 345 1676; x_wconf 79' lang='grc' dir='ltr'><em>Ρ.6ιιεῑ’ν</em></span> <span class='ocrx_word' id='word_1_204' title='bbox 371 1641 456 1683; x_wconf 85' lang='grc' dir='ltr'><em>τοῖς</em></span> <span class='ocrx_word' id='word_1_205' title='bbox 483 1629 647 1685; x_wconf 71' lang='grc' dir='ltr'><em>ἄλλοις,</em></span> <span class='ocrx_word' id='word_1_206' title='bbox 692 1633 844 1681; x_wconf 80' lang='grc' dir='ltr'><em>ἐκεῖνος</em></span> <span class='ocrx_word' id='word_1_207' title='bbox 884 1629 965 1672; x_wconf 69' lang='lat' dir='ltr'><strong>dud</strong></span> <span class='ocrx_word' id='word_1_208' title='bbox 1007 1632 1112 1672; x_wconf 80' lang='grc' dir='ltr'><em>θεοῦ</em></span> <span class='ocrx_word' id='word_1_209' title='bbox 1149 1629 1430 1684; x_wconf 82' lang='grc' dir='ltr'><em>κεχώρισται,</em></span> <span class='ocrx_word' id='word_1_210' title='bbox 1471 1623 1609 1682; x_wconf 70' lang='grc' dir='ltr'><em>ὥσπερ</em></span> <span class='ocrx_word' id='word_1_211' title='bbox 1651 1628 1710 1682; x_wconf 76' lang='grc' dir='ltr'><em>τῷ</em></span> <span class='ocrx_word' id='word_1_212' title='bbox 1760 1669 1765 1675; x_wconf 64' lang='grc'><em>,</em></span> 
     </span>
     <span class='ocr_line' id='line_1_25' title="bbox 278 1692 1708 1756; baseline -0.008 -14"><span class='ocrx_word' id='word_1_213' title='bbox 278 1702 350 1756; x_wconf 78' lang='grc' dir='ltr'><strong>τῆς</strong></span> <span class='ocrx_word' id='word_1_214' title='bbox 386 1699 687 1753; x_wconf 83' lang='grc' dir='ltr'><em>Ἀλεξανδρέων</em></span> <span class='ocrx_word' id='word_1_215' title='bbox 728 1698 941 1753; x_wconf 78' lang='grc' dir='ltr'><em>ἡγουμένῳ</em></span> <span class='ocrx_word' id='word_1_216' title='bbox 983 1697 1217 1751; x_wconf 69' lang='grc' dir='ltr'><em>ἐκκλησίας</em></span> <span class='ocrx_word' id='word_1_217' title='bbox 1243 1697 1394 1752; x_wconf 77' lang='grc' dir='ltr'><em>Πέτρῳ</em></span> <span class='ocrx_word' id='word_1_218' title='bbox 1434 1694 1490 1750; x_wconf 75' lang='grc' dir='ltr'><em>τῷ</em></span> <span class='ocrx_word' id='word_1_219' title='bbox 1517 1692 1708 1749; x_wconf 76' lang='grc' dir='ltr'><em>μακαρίῳ</em></span> 
     </span>
    </p>
   </div>
   <div class='ocr_carea' id='block_1_5' title="bbox 371 1791 727 1838">
    <p class='ocr_par' dir='ltr' id='par_1_9' title="bbox 371 1791 727 1838">
     <span class='ocr_line' id='line_1_26' title="bbox 371 1791 727 1838; baseline -0.006 -13"><span class='ocrx_word' id='word_1_220' title='bbox 371 1794 402 1838; x_wconf 77' lang='grc'><strong>4.</strong></span> <span class='ocrx_word' id='word_1_221' title='bbox 429 1793 656 1837; x_wconf 72' lang='grc' dir='ltr'><em>συνέχεσθαι</em></span> <span class='ocrx_word' id='word_1_222' title='bbox 678 1791 727 1824; x_wconf 91' lang='grc' dir='ltr'><strong>Μ.</strong></span> 
     </span>
    </p>
   </div>
   <div class='ocr_carea' id='block_1_6' title="bbox 279 1882 1710 2814">
    <p class='ocr_par' dir='ltr' id='par_1_10' title="bbox 279 1882 1710 2814">
     <span class='ocr_line' id='line_1_27' title="bbox 281 1882 1708 1934; baseline -0.006 -11"><span class='ocrx_word' id='word_1_223' title='bbox 281 1889 372 1923; x_wconf 89' lang='lat' dir='ltr'><strong>alios</strong></span> <span class='ocrx_word' id='word_1_224' title='bbox 404 1888 558 1928; x_wconf 84' lang='lat' dir='ltr'><strong>docent,</strong></span> <span class='ocrx_word' id='word_1_225' title='bbox 596 1899 642 1922; x_wconf 86' lang='lat' dir='ltr'><strong>ne</strong></span> <span class='ocrx_word' id='word_1_226' title='bbox 666 1897 744 1920; x_wconf 89' lang='lat' dir='ltr'><strong>cum</strong></span> <span class='ocrx_word' id='word_1_227' title='bbox 770 1888 858 1934; x_wconf 81' lang='lat' dir='ltr'><strong>ipsis</strong></span> <span class='ocrx_word' id='word_1_228' title='bbox 884 1888 1202 1926; x_wconf 79' lang='lat' dir='ltr'><strong>commisceantur,</strong></span> <span class='ocrx_word' id='word_1_229' title='bbox 1225 1895 1345 1930; x_wconf 91' lang='lat' dir='ltr'><strong>neque</strong></span> <span class='ocrx_word' id='word_1_230' title='bbox 1370 1884 1489 1918; x_wconf 89' lang='lat' dir='ltr'><strong>cibum</strong></span> <span class='ocrx_word' id='word_1_231' title='bbox 1516 1882 1623 1916; x_wconf 87' lang='lat' dir='ltr'><strong>simul</strong></span> <span class='ocrx_word' id='word_1_232' title='bbox 1647 1892 1708 1915; x_wconf 88' lang='lat' dir='ltr'><strong>ca-</strong></span> 
     </span>
     <span class='ocr_line' id='line_1_28' title="bbox 279 1930 1704 1980; baseline -0.004 -12"><span class='ocrx_word' id='word_1_233' title='bbox 279 1935 382 1980; x_wconf 83' lang='lat' dir='ltr'>piant</span> <span class='ocrx_word' id='word_1_234' title='bbox 398 1960 407 1975; x_wconf 89' lang='lat'><strong>,</strong></span> <span class='ocrx_word' id='word_1_235' title='bbox 431 1945 549 1980; x_wconf 86' lang='lat' dir='ltr'><strong>neque</strong></span> <span class='ocrx_word' id='word_1_236' title='bbox 573 1936 673 1979; x_wconf 87' lang='lat' dir='ltr'><strong>ipsis,</strong></span> <span class='ocrx_word' id='word_1_237' title='bbox 697 1939 739 1966; x_wconf 84' lang='lat' dir='ltr'><strong>ut</strong></span> <span class='ocrx_word' id='word_1_238' title='bbox 759 1946 778 1967; x_wconf 90' lang='lat' dir='ltr'><strong>a</strong></span> <span class='ocrx_word' id='word_1_239' title='bbox 806 1935 882 1967; x_wconf 84' lang='lat' dir='ltr'><strong>Deo</strong></span> <span class='ocrx_word' id='word_1_240' title='bbox 908 1935 1094 1978; x_wconf 87' lang='lat' dir='ltr'><strong>separatis,</strong></span> <span class='ocrx_word' id='word_1_241' title='bbox 1120 1933 1358 1966; x_wconf 84' lang='lat' dir='ltr'><strong>adhaereant:</strong></span> <span class='ocrx_word' id='word_1_242' title='bbox 1383 1942 1454 1975; x_wconf 89' lang='lat' dir='ltr'><strong>quo</strong></span> <span class='ocrx_word' id='word_1_243' title='bbox 1477 1930 1704 1973; x_wconf 79' lang='lat' dir='ltr'><strong>separatione</strong></span> 
     </span>
     <span class='ocr_line' id='line_1_29' title="bbox 281 1975 1705 2026; baseline -0.004 -12"><span class='ocrx_word' id='word_1_244' title='bbox 281 1983 350 2014; x_wconf 89' lang='lat' dir='ltr'><strong>ista</strong></span> <span class='ocrx_word' id='word_1_245' title='bbox 374 1982 557 2026; x_wconf 87' lang='lat' dir='ltr'><strong>pudefacti</strong></span> <span class='ocrx_word' id='word_1_246' title='bbox 583 1987 645 2014; x_wconf 89' lang='lat' dir='ltr'><strong>aut</strong></span> <span class='ocrx_word' id='word_1_247' title='bbox 668 1981 902 2025; x_wconf 74' lang='lat' dir='ltr'><strong>resipiscant,</strong></span> <span class='ocrx_word' id='word_1_248' title='bbox 932 1986 994 2014; x_wconf 78' lang='lat' dir='ltr'><strong>aut</strong></span> <span class='ocrx_word' id='word_1_249' title='bbox 1016 1980 1079 2013; x_wconf 86' lang='lat' dir='ltr'><strong>alii</strong></span> <span class='ocrx_word' id='word_1_250' title='bbox 1105 1991 1148 2012; x_wconf 83' lang='lat' dir='ltr'><strong>ex</strong></span> <span class='ocrx_word' id='word_1_251' title='bbox 1172 1990 1292 2012; x_wconf 84' lang='lat' dir='ltr'><strong>eorum</strong></span> <span class='ocrx_word' id='word_1_252' title='bbox 1325 1976 1585 2010; x_wconf 83' lang='lat' dir='ltr'><strong>consuetudine</strong></span> <span class='ocrx_word' id='word_1_253' title='bbox 1610 1975 1705 2008; x_wconf 83' lang='lat' dir='ltr'><strong>nihil</strong></span> 
     </span>
     <span class='ocr_line' id='line_1_30' title="bbox 283 2021 1707 2072; baseline -0.005 -12"><span class='ocrx_word' id='word_1_254' title='bbox 283 2028 490 2061; x_wconf 80' lang='lat' dir='ltr'><strong>detrimenti</strong></span> <span class='ocrx_word' id='word_1_255' title='bbox 522 2029 720 2072; x_wconf 79' lang='lat' dir='ltr'><strong>accipiant:</strong></span> <span class='ocrx_word' id='word_1_256' title='bbox 762 2027 956 2072; x_wconf 85' lang='lat' dir='ltr'><strong>proclivius</strong></span> <span class='ocrx_word' id='word_1_257' title='bbox 989 2027 1085 2060; x_wconf 88' lang='lat' dir='ltr'><strong>enim</strong></span> <span class='ocrx_word' id='word_1_258' title='bbox 1123 2030 1177 2059; x_wconf 89' lang='lat' dir='ltr'><strong>est</strong></span> <span class='ocrx_word' id='word_1_259' title='bbox 1200 2037 1220 2057; x_wconf 86' lang='lat' dir='ltr'><strong>a</strong></span> <span class='ocrx_word' id='word_1_260' title='bbox 1245 2026 1357 2063; x_wconf 81' lang='lat' dir='ltr'><strong>vitio,</strong></span> <span class='ocrx_word' id='word_1_261' title='bbox 1391 2033 1497 2069; x_wconf 86' lang='lat' dir='ltr'><strong>quam</strong></span> <span class='ocrx_word' id='word_1_262' title='bbox 1520 2033 1539 2054; x_wconf 88' lang='lat' dir='ltr'><strong>a</strong></span> <span class='ocrx_word' id='word_1_263' title='bbox 1573 2021 1707 2054; x_wconf 84' lang='lat' dir='ltr'><strong>virtute</strong></span> 
     </span>
     <span class='ocr_line' id='line_1_31' title="bbox 283 2067 1708 2118; baseline -0.005 -11"><span class='ocrx_word' id='word_1_264' title='bbox 283 2074 557 2107; x_wconf 85' lang='lat' dir='ltr'><strong>similitudinem</strong></span> <span class='ocrx_word' id='word_1_265' title='bbox 587 2074 740 2107; x_wconf 83' lang='lat' dir='ltr'><strong>trahere.</strong></span> <span class='ocrx_word' id='word_1_266' title='bbox 798 2073 905 2118; x_wconf 85' lang='lat' dir='ltr'><strong>Quod</strong></span> <span class='ocrx_word' id='word_1_267' title='bbox 930 2075 959 2106; x_wconf 90' lang='lat' dir='ltr'><strong>si</strong></span> <span class='ocrx_word' id='word_1_268' title='bbox 983 2073 1159 2112; x_wconf 87' lang='lat' dir='ltr'><strong>obiiciat,</strong></span> <span class='ocrx_word' id='word_1_269' title='bbox 1194 2081 1363 2116; x_wconf 83' lang='lat' dir='ltr'><strong>quorsum</strong></span> <span class='ocrx_word' id='word_1_270' title='bbox 1399 2070 1509 2114; x_wconf 84' lang='lat' dir='ltr'><strong>igitur</strong></span> <span class='ocrx_word' id='word_1_271' title='bbox 1544 2067 1708 2101; x_wconf 78' lang='lat' dir='ltr'><strong>Christus</strong></span> 
     </span>
     <span class='ocr_line' id='line_1_32' title="bbox 284 2113 1709 2166; baseline -0.006 -12"><span class='ocrx_word' id='word_1_272' title='bbox 284 2121 398 2154; x_wconf 76' lang='lat' dir='ltr'><strong>dixit:</strong></span> <span class='ocrx_word' id='word_1_273' title='bbox 423 2121 552 2153; x_wconf 80' lang='lat' dir='ltr'><strong>Omnia</strong></span> <span class='ocrx_word' id='word_1_274' title='bbox 587 2131 833 2166; x_wconf 85' lang='lat' dir='ltr'><strong>quaecumque</strong></span> <span class='ocrx_word' id='word_1_275' title='bbox 875 2120 1067 2163; x_wconf 84' lang='lat' dir='ltr'><strong>ligaveritis</strong></span> <span class='ocrx_word' id='word_1_276' title='bbox 1091 2128 1197 2163; x_wconf 89' lang='lat' dir='ltr'><strong>super</strong></span> <span class='ocrx_word' id='word_1_277' title='bbox 1221 2122 1350 2150; x_wconf 86' lang='lat' dir='ltr'><strong>terram</strong></span> <span class='ocrx_word' id='word_1_278' title='bbox 1366 2140 1375 2156; x_wconf 91' lang='lat'><strong>,</strong></span> <span class='ocrx_word' id='word_1_279' title='bbox 1409 2120 1515 2149; x_wconf 88' lang='lat' dir='ltr'><strong>erunt</strong></span> <span class='ocrx_word' id='word_1_280' title='bbox 1537 2113 1647 2158; x_wconf 83' lang='lat' dir='ltr'><strong>ligata</strong></span> <span class='ocrx_word' id='word_1_281' title='bbox 1672 2117 1709 2146; x_wconf 81' lang='lat' dir='ltr'><strong>et</strong></span> 
     </span>
     <span class='ocr_line' id='line_1_33' title="bbox 283 2162 1709 2211; baseline -0.005 -12"><span class='ocrx_word' id='word_1_282' title='bbox 283 2168 323 2200; x_wconf 92' lang='lat' dir='ltr'><strong>in</strong></span> <span class='ocrx_word' id='word_1_283' title='bbox 351 2167 485 2200; x_wconf 83' lang='lat' dir='ltr'><strong>coelis?</strong></span> <span class='ocrx_word' id='word_1_284' title='bbox 524 2173 561 2200; x_wconf 78' lang='lat' dir='ltr'><strong>at</strong></span> <span class='ocrx_word' id='word_1_285' title='bbox 597 2173 759 2199; x_wconf 87' lang='lat' dir='ltr'><strong>sanctum</strong></span> <span class='ocrx_word' id='word_1_286' title='bbox 799 2166 939 2199; x_wconf 87' lang='lat' dir='ltr'><strong>Petrum</strong></span> <span class='ocrx_word' id='word_1_287' title='bbox 965 2167 1082 2211; x_wconf 88' lang='lat' dir='ltr'><strong>ipsum</strong></span> <span class='ocrx_word' id='word_1_288' title='bbox 1108 2164 1250 2203; x_wconf 83' lang='lat' dir='ltr'><strong>audiat,</strong></span> <span class='ocrx_word' id='word_1_289' title='bbox 1284 2165 1383 2196; x_wconf 90' lang='lat' dir='ltr'><strong>cuius</strong></span> <span class='ocrx_word' id='word_1_290' title='bbox 1408 2162 1520 2206; x_wconf 83' lang='lat' dir='ltr'><strong>gratia</strong></span> <span class='ocrx_word' id='word_1_291' title='bbox 1548 2163 1709 2205; x_wconf 76' lang='lat' dir='ltr'><strong>potestas</strong></span> 
     </span>
     <span class='ocr_line' id='line_1_34' title="bbox 287 2207 1708 2256; baseline -0.005 -10"><span class='ocrx_word' id='word_1_292' title='bbox 287 2213 372 2246; x_wconf 86' lang='lat' dir='ltr'><strong>data</strong></span> <span class='ocrx_word' id='word_1_293' title='bbox 396 2215 451 2246; x_wconf 87' lang='lat' dir='ltr'><strong>sit.</strong></span> <span class='ocrx_word' id='word_1_294' title='bbox 503 2215 536 2247; x_wconf 89' lang='lat' dir='ltr'><strong>Is</strong></span> <span class='ocrx_word' id='word_1_295' title='bbox 564 2213 740 2246; x_wconf 81' lang='lat' dir='ltr'><strong>Clementi</strong></span> <span class='ocrx_word' id='word_1_296' title='bbox 775 2213 967 2245; x_wconf 84' lang='lat' dir='ltr'><strong>successori</strong></span> <span class='ocrx_word' id='word_1_297' title='bbox 992 2224 1054 2245; x_wconf 88' lang='lat' dir='ltr'><strong>suo</strong></span> <span class='ocrx_word' id='word_1_298' title='bbox 1079 2211 1267 2256; x_wconf 85' lang='lat' dir='ltr'><strong>perspicue</strong></span> <span class='ocrx_word' id='word_1_299' title='bbox 1293 2210 1343 2242; x_wconf 79' lang='lat' dir='ltr'><strong>ita</strong></span> <span class='ocrx_word' id='word_1_300' title='bbox 1368 2208 1566 2254; x_wconf 85' lang='lat' dir='ltr'><strong>praecipit:</strong></span> <span class='ocrx_word' id='word_1_301' title='bbox 1586 2207 1708 2240; x_wconf 75' lang='lat' dir='ltr'><strong>Solves</strong></span> 
     </span>
     <span class='ocr_line' id='line_1_35' title="bbox 288 2255 1708 2305; baseline -0.006 -12"><span class='ocrx_word' id='word_1_302' title='bbox 288 2265 325 2294; x_wconf 84' lang='lat' dir='ltr'><strong>et</strong></span> <span class='ocrx_word' id='word_1_303' title='bbox 348 2260 477 2305; x_wconf 84' lang='lat' dir='ltr'><strong>ligabis</strong></span> <span class='ocrx_word' id='word_1_304' title='bbox 500 2284 508 2300; x_wconf 95' lang='lat'>‚</span> <span class='ocrx_word' id='word_1_305' title='bbox 535 2271 627 2305; x_wconf 90' lang='lat' dir='ltr'><strong>quae</strong></span> <span class='ocrx_word' id='word_1_306' title='bbox 654 2259 705 2291; x_wconf 85' lang='lat' dir='ltr'><strong>fas</strong></span> <span class='ocrx_word' id='word_1_307' title='bbox 732 2264 795 2292; x_wconf 88' lang='lat' dir='ltr'><strong>est.</strong></span> <span class='ocrx_word' id='word_1_308' title='bbox 846 2259 892 2291; x_wconf 85' lang='lat' dir='ltr'><strong>Ut</strong></span> <span class='ocrx_word' id='word_1_309' title='bbox 917 2259 1075 2292; x_wconf 86' lang='lat' dir='ltr'><strong>Christus</strong></span> <span class='ocrx_word' id='word_1_310' title='bbox 1102 2256 1248 2302; x_wconf 89' lang='lat' dir='ltr'><strong>quidem</strong></span> <span class='ocrx_word' id='word_1_311' title='bbox 1272 2257 1374 2289; x_wconf 85' lang='lat' dir='ltr'><strong>Petro</strong></span> <span class='ocrx_word' id='word_1_312' title='bbox 1400 2255 1566 2288; x_wconf 80' lang='lat' dir='ltr'><strong>absolute</strong></span> <span class='ocrx_word' id='word_1_313' title='bbox 1603 2263 1708 2285; x_wconf 83' lang='lat' dir='ltr'><strong>man-</strong></span> 
     </span>
     <span class='ocr_line' id='line_1_36' title="bbox 285 2301 1708 2350; baseline -0.007 -10"><span class='ocrx_word' id='word_1_314' title='bbox 285 2306 371 2347; x_wconf 87' lang='lat' dir='ltr'><strong>det,</strong></span> <span class='ocrx_word' id='word_1_315' title='bbox 405 2311 530 2350; x_wconf 87' lang='lat' dir='ltr'><strong>utpote</strong></span> <span class='ocrx_word' id='word_1_316' title='bbox 570 2306 701 2345; x_wconf 88' lang='lat' dir='ltr'><strong>sciens‚</strong></span> <span class='ocrx_word' id='word_1_317' title='bbox 728 2305 907 2337; x_wconf 85' lang='lat' dir='ltr'><strong>neminem</strong></span> <span class='ocrx_word' id='word_1_318' title='bbox 934 2307 1179 2338; x_wconf 86' lang='lat' dir='ltr'><strong>immerentem</strong></span> <span class='ocrx_word' id='word_1_319' title='bbox 1202 2303 1413 2347; x_wconf 82' lang='lat' dir='ltr'><strong>ligaturum:</strong></span> <span class='ocrx_word' id='word_1_320' title='bbox 1439 2301 1560 2333; x_wconf 84' lang='lat' dir='ltr'><strong>Petrus</strong></span> <span class='ocrx_word' id='word_1_321' title='bbox 1585 2303 1708 2331; x_wconf 85' lang='lat' dir='ltr'><strong>autem</strong></span> 
     </span>
     <span class='ocr_line' id='line_1_37' title="bbox 284 2344 1709 2397; baseline -0.008 -10"><span class='ocrx_word' id='word_1_322' title='bbox 284 2359 435 2397; x_wconf 84' lang='lat' dir='ltr'><strong>postea,</strong></span> <span class='ocrx_word' id='word_1_323' title='bbox 461 2362 482 2384; x_wconf 90' lang='lat' dir='ltr'><strong>a</strong></span> <span class='ocrx_word' id='word_1_324' title='bbox 508 2354 673 2397; x_wconf 87' lang='lat' dir='ltr'><strong>magistro</strong></span> <span class='ocrx_word' id='word_1_325' title='bbox 712 2351 791 2396; x_wconf 90' lang='lat' dir='ltr'><strong>ipso</strong></span> <span class='ocrx_word' id='word_1_326' title='bbox 817 2353 1029 2391; x_wconf 86' lang='lat' dir='ltr'><strong>instinctus,</strong></span> <span class='ocrx_word' id='word_1_327' title='bbox 1054 2354 1168 2383; x_wconf 83' lang='lat' dir='ltr'><strong>certos</strong></span> <span class='ocrx_word' id='word_1_328' title='bbox 1193 2349 1364 2382; x_wconf 81' lang='lat' dir='ltr'><strong>terminos</strong></span> <span class='ocrx_word' id='word_1_329' title='bbox 1388 2347 1594 2381; x_wconf 85' lang='lat' dir='ltr'><strong>constituat.</strong></span> <span class='ocrx_word' id='word_1_330' title='bbox 1641 2344 1709 2378; x_wconf 84' lang='lat' dir='ltr'><strong>Ti-</strong></span> 
     </span>
     <span class='ocr_line' id='line_1_38' title="bbox 286 2389 1708 2440; baseline -0.007 -8"><span class='ocrx_word' id='word_1_331' title='bbox 286 2400 399 2440; x_wconf 82' lang='lat' dir='ltr'><strong>muit,</strong></span> <span class='ocrx_word' id='word_1_332' title='bbox 426 2403 467 2431; x_wconf 85' lang='lat' dir='ltr'><strong>ut</strong></span> <span class='ocrx_word' id='word_1_333' title='bbox 494 2398 655 2439; x_wconf 85' lang='lat' dir='ltr'><strong>videtur,</strong></span> <span class='ocrx_word' id='word_1_334' title='bbox 679 2409 724 2430; x_wconf 85' lang='lat' dir='ltr'><strong>ne</strong></span> <span class='ocrx_word' id='word_1_335' title='bbox 745 2397 830 2431; x_wconf 82' lang='lat' dir='ltr'><strong>oiim</strong></span> <span class='ocrx_word' id='word_1_336' title='bbox 857 2397 1001 2431; x_wconf 89' lang='lat' dir='ltr'><strong>morbus</strong></span> <span class='ocrx_word' id='word_1_337' title='bbox 1025 2396 1107 2430; x_wconf 82' lang='lat' dir='ltr'><strong>talis</strong></span> <span class='ocrx_word' id='word_1_338' title='bbox 1132 2396 1327 2440; x_wconf 88' lang='lat' dir='ltr'><strong>irreperet,</strong></span> <span class='ocrx_word' id='word_1_339' title='bbox 1361 2397 1600 2439; x_wconf 85' lang='lat' dir='ltr'><strong>putarentque</strong></span> <span class='ocrx_word' id='word_1_340' title='bbox 1625 2389 1708 2432; x_wconf 81' lang='lat' dir='ltr'><strong>epi-</strong></span> 
     </span>
     <span class='ocr_line' id='line_1_39' title="bbox 289 2435 1710 2490; baseline -0.008 -12"><span class='ocrx_word' id='word_1_341' title='bbox 289 2447 407 2489; x_wconf 82' lang='lat' dir='ltr'><strong>scopi,</strong></span> <span class='ocrx_word' id='word_1_342' title='bbox 430 2450 575 2490; x_wconf 88' lang='lat' dir='ltr'><strong>propter</strong></span> <span class='ocrx_word' id='word_1_343' title='bbox 603 2445 755 2490; x_wconf 83' lang='lat' dir='ltr'><strong>privatas</strong></span> <span class='ocrx_word' id='word_1_344' title='bbox 781 2444 1022 2490; x_wconf 83' lang='lat' dir='ltr'><strong>querimonias</strong></span> <span class='ocrx_word' id='word_1_345' title='bbox 1048 2447 1084 2475; x_wconf 86' lang='lat' dir='ltr'><strong>et</strong></span> <span class='ocrx_word' id='word_1_346' title='bbox 1110 2443 1311 2474; x_wconf 86' lang='lat' dir='ltr'><strong>animorum</strong></span> <span class='ocrx_word' id='word_1_347' title='bbox 1345 2451 1489 2474; x_wconf 90' lang='lat' dir='ltr'><strong>suorum</strong></span> <span class='ocrx_word' id='word_1_348' title='bbox 1519 2435 1710 2483; x_wconf 84' lang='lat' dir='ltr'><strong>perturba-</strong></span> 
     </span>
     <span class='ocr_line' id='line_1_40' title="bbox 285 2480 1706 2534; baseline -0.007 -10"><span class='ocrx_word' id='word_1_349' title='bbox 285 2491 403 2525; x_wconf 85' lang='lat' dir='ltr'><strong>tiones</strong></span> <span class='ocrx_word' id='word_1_350' title='bbox 427 2492 678 2525; x_wconf 77' lang='lat' dir='ltr'><strong>auctoritatem</strong></span> <span class='ocrx_word' id='word_1_351' title='bbox 703 2501 739 2524; x_wconf 90' lang='lat' dir='ltr'><strong>se</strong></span> <span class='ocrx_word' id='word_1_352' title='bbox 763 2490 910 2531; x_wconf 88' lang='lat' dir='ltr'><strong>habere,</strong></span> <span class='ocrx_word' id='word_1_353' title='bbox 934 2501 954 2522; x_wconf 86' lang='lat' dir='ltr'><strong>a</strong></span> <span class='ocrx_word' id='word_1_354' title='bbox 982 2491 1057 2522; x_wconf 82' lang='lat' dir='ltr'><strong>Deo</strong></span> <span class='ocrx_word' id='word_1_355' title='bbox 1087 2489 1274 2531; x_wconf 86' lang='lat' dir='ltr'><strong>separandi</strong></span> <span class='ocrx_word' id='word_1_356' title='bbox 1303 2499 1390 2534; x_wconf 85' lang='lat' dir='ltr'><strong>quos</strong></span> <span class='ocrx_word' id='word_1_357' title='bbox 1418 2485 1581 2519; x_wconf 88' lang='lat' dir='ltr'><strong>luberet:</strong></span> <span class='ocrx_word' id='word_1_358' title='bbox 1607 2480 1706 2527; x_wconf 83' lang='lat' dir='ltr'><strong>quod</strong></span> 
     </span>
     <span class='ocr_line' id='line_1_41' title="bbox 287 2528 1706 2581; baseline -0.007 -12"><span class='ocrx_word' id='word_1_359' title='bbox 287 2537 327 2569; x_wconf 92' lang='lat' dir='ltr'><strong>in</strong></span> <span class='ocrx_word' id='word_1_360' title='bbox 363 2548 528 2581; x_wconf 77' lang='lat' dir='ltr'><strong>praesens</strong></span> <span class='ocrx_word' id='word_1_361' title='bbox 567 2539 627 2571; x_wconf 88' lang='lat' dir='ltr'><strong>isti</strong></span> <span class='ocrx_word' id='word_1_362' title='bbox 653 2548 755 2570; x_wconf 87' lang='lat' dir='ltr'><strong>usum</strong></span> <span class='ocrx_word' id='word_1_363' title='bbox 781 2536 969 2580; x_wconf 87' lang='lat' dir='ltr'><strong>potestatis</strong></span> <span class='ocrx_word' id='word_1_364' title='bbox 1007 2545 1091 2568; x_wconf 87' lang='lat' dir='ltr'><strong>suae</strong></span> <span class='ocrx_word' id='word_1_365' title='bbox 1118 2535 1293 2568; x_wconf 85' lang='lat' dir='ltr'><strong>nescienti</strong></span> <span class='ocrx_word' id='word_1_366' title='bbox 1320 2532 1460 2566; x_wconf 84' lang='lat' dir='ltr'><strong>accidit.</strong></span> <span class='ocrx_word' id='word_1_367' title='bbox 1508 2531 1608 2564; x_wconf 83' lang='lat' dir='ltr'><strong>Pater</strong></span> <span class='ocrx_word' id='word_1_368' title='bbox 1636 2528 1706 2560; x_wconf 80' lang='lat' dir='ltr'><strong>ita-</strong></span> 
     </span>
     <span class='ocr_line' id='line_1_42' title="bbox 286 2574 1706 2628; baseline -0.006 -14"><span class='ocrx_word' id='word_1_369' title='bbox 286 2593 369 2627; x_wconf 91' lang='lat' dir='ltr'><strong>que,</strong></span> <span class='ocrx_word' id='word_1_370' title='bbox 398 2585 428 2615; x_wconf 88' lang='lat' dir='ltr'><strong>si</strong></span> <span class='ocrx_word' id='word_1_371' title='bbox 453 2584 532 2628; x_wconf 89' lang='lat' dir='ltr'><strong>quis</strong></span> <span class='ocrx_word' id='word_1_372' title='bbox 557 2589 597 2617; x_wconf 89' lang='lat' dir='ltr'><strong>ut</strong></span> <span class='ocrx_word' id='word_1_373' title='bbox 621 2595 640 2616; x_wconf 84' lang='lat' dir='ltr'><strong>a</strong></span> <span class='ocrx_word' id='word_1_374' title='bbox 665 2584 785 2616; x_wconf 84' lang='lat' dir='ltr'><strong>divina</strong></span> <span class='ocrx_word' id='word_1_375' title='bbox 810 2583 1058 2616; x_wconf 83' lang='lat' dir='ltr'><strong>communione</strong></span> <span class='ocrx_word' id='word_1_376' title='bbox 1084 2581 1288 2614; x_wconf 84' lang='lat' dir='ltr'><strong>secludatur</strong></span> <span class='ocrx_word' id='word_1_377' title='bbox 1311 2576 1570 2616; x_wconf 85' lang='lat' dir='ltr'><strong>commeruerit,</strong></span> <span class='ocrx_word' id='word_1_378' title='bbox 1597 2574 1706 2608; x_wconf 82' lang='lat' dir='ltr'><strong>etiam</strong></span> 
     </span>
     <span class='ocr_line' id='line_1_43' title="bbox 286 2626 1704 2675; baseline -0.006 -15"><span class='ocrx_word' id='word_1_379' title='bbox 286 2633 479 2672; x_wconf 88' lang='lat' dir='ltr'><strong>antequam</strong></span> <span class='ocrx_word' id='word_1_380' title='bbox 518 2629 556 2662; x_wconf 87' lang='lat' dir='ltr'><strong>id</strong></span> <span class='ocrx_word' id='word_1_381' title='bbox 592 2630 751 2675; x_wconf 83' lang='lat' dir='ltr'><strong>episcopi</strong></span> <span class='ocrx_word' id='word_1_382' title='bbox 768 2630 864 2670; x_wconf 27' lang='lat' dir='ltr'><strong>baliis</strong></span> <span class='ocrx_word' id='word_1_383' title='bbox 899 2629 1018 2674; x_wconf 86' lang='lat' dir='ltr'><strong>palam</strong></span> <span class='ocrx_word' id='word_1_384' title='bbox 1060 2627 1211 2667; x_wconf 81' lang='lat' dir='ltr'><strong>faciant,</strong></span> <span class='ocrx_word' id='word_1_385' title='bbox 1237 2639 1256 2660; x_wconf 86' lang='lat' dir='ltr'><strong>a</strong></span> <span class='ocrx_word' id='word_1_386' title='bbox 1282 2627 1357 2659; x_wconf 83' lang='lat' dir='ltr'><strong>Deo</strong></span> <span class='ocrx_word' id='word_1_387' title='bbox 1381 2626 1560 2658; x_wconf 83' lang='lat' dir='ltr'><strong>abiectum</strong></span> <span class='ocrx_word' id='word_1_388' title='bbox 1585 2626 1622 2654; x_wconf 89' lang='lat' dir='ltr'><strong>et</strong></span> <span class='ocrx_word' id='word_1_389' title='bbox 1645 2630 1704 2652; x_wconf 88' lang='lat' dir='ltr'><strong>se-</strong></span> 
     </span>
     <span class='ocr_line' id='line_1_44' title="bbox 287 2664 1704 2721; baseline -0.006 -15"><span class='ocrx_word' id='word_1_390' title='bbox 287 2675 422 2707; x_wconf 85' lang='lat' dir='ltr'><strong>clusum</strong></span> <span class='ocrx_word' id='word_1_391' title='bbox 466 2686 564 2709; x_wconf 84' lang='lat' dir='ltr'><strong>esse:</strong></span> <span class='ocrx_word' id='word_1_392' title='bbox 610 2675 911 2721; x_wconf 86' lang='lat' dir='ltr'><strong>quemadmodum</strong></span> <span class='ocrx_word' id='word_1_393' title='bbox 953 2675 1012 2707; x_wconf 89' lang='lat' dir='ltr'><strong>dio</strong></span> <span class='ocrx_word' id='word_1_394' title='bbox 1050 2673 1151 2706; x_wconf 79' lang='lat' dir='ltr'><strong>Petro</strong></span> <span class='ocrx_word' id='word_1_395' title='bbox 1185 2672 1424 2707; x_wconf 69' lang='lat' dir='ltr'><strong>Alexandrino</strong></span> <span class='ocrx_word' id='word_1_396' title='bbox 1460 2667 1621 2714; x_wconf 85' lang='lat' dir='ltr'><strong>pontifici</strong></span> <span class='ocrx_word' id='word_1_397' title='bbox 1659 2664 1704 2698; x_wconf 83' lang='lat' dir='ltr'><strong>de</strong></span> 
     </span>
     <span class='ocr_line' id='line_1_45' title="bbox 286 2713 1706 2766; baseline -0.008 -11"><span class='ocrx_word' id='word_1_398' title='bbox 286 2721 371 2755; x_wconf 79' lang='lat' dir='ltr'><strong>Ario</strong></span> <span class='ocrx_word' id='word_1_399' title='bbox 396 2725 517 2754; x_wconf 81' lang='lat' dir='ltr'><strong>contra</strong></span> <span class='ocrx_word' id='word_1_400' title='bbox 541 2722 721 2756; x_wconf 85' lang='lat' dir='ltr'><strong>Christum</strong></span> <span class='ocrx_word' id='word_1_401' title='bbox 746 2722 888 2755; x_wconf 79' lang='lat' dir='ltr'><strong>furente</strong></span> <span class='ocrx_word' id='word_1_402' title='bbox 913 2722 1009 2766; x_wconf 85' lang='lat' dir='ltr'><strong>prius</strong></span> <span class='ocrx_word' id='word_1_403' title='bbox 1033 2721 1268 2766; x_wconf 82' lang='lat' dir='ltr'><strong>etiam‚quam</strong></span> <span class='ocrx_word' id='word_1_404' title='bbox 1289 2731 1307 2752; x_wconf 88' lang='lat' dir='ltr'><strong>a</strong></span> <span class='ocrx_word' id='word_1_405' title='bbox 1330 2728 1426 2750; x_wconf 82' lang='lat' dir='ltr'><strong>sacra</strong></span> <span class='ocrx_word' id='word_1_406' title='bbox 1451 2713 1585 2760; x_wconf 79' lang='lat' dir='ltr'><strong>synodo</strong></span> <span class='ocrx_word' id='word_1_407' title='bbox 1604 2722 1706 2756; x_wconf 85' lang='lat' dir='ltr'><strong>prae-</strong></span> 
     </span>
     <span class='ocr_line' id='line_1_46' title="bbox 290 2764 1704 2814; baseline -0.004 -14"><span class='ocrx_word' id='word_1_408' title='bbox 290 2765 521 2808; x_wconf 82' lang='lat' dir='ltr'><strong>scinderetur,</strong></span> <span class='ocrx_word' id='word_1_409' title='bbox 544 2779 577 2801; x_wconf 85' lang='lat' dir='ltr'><strong>.a</strong></span> <span class='ocrx_word' id='word_1_410' title='bbox 602 2769 764 2814; x_wconf 84' lang='lat' dir='ltr'><strong>reliquae</strong></span> <span class='ocrx_word' id='word_1_411' title='bbox 788 2767 959 2803; x_wconf 83' lang='lat' dir='ltr'><strong>ecclesiae</strong></span> <span class='ocrx_word' id='word_1_412' title='bbox 985 2777 1132 2812; x_wconf 84' lang='lat' dir='ltr'><strong>corpore</strong></span> <span class='ocrx_word' id='word_1_413' title='bbox 1158 2777 1178 2799; x_wconf 87' lang='lat' dir='ltr'><strong>a</strong></span> <span class='ocrx_word' id='word_1_414' title='bbox 1204 2767 1282 2801; x_wconf 89' lang='lat' dir='ltr'><strong>Deo</strong></span> <span class='ocrx_word' id='word_1_415' title='bbox 1308 2768 1553 2809; x_wconf 81' lang='lat' dir='ltr'><strong>amputatum„</strong></span> <span class='ocrx_word' id='word_1_416' title='bbox 1578 2764 1615 2791; x_wconf 84' lang='lat' dir='ltr'><strong>et</strong></span> <span class='ocrx_word' id='word_1_417' title='bbox 1642 2767 1704 2802; x_wconf 75' lang='lat' dir='ltr'><strong>ge·</strong></span> 
     </span>
    </p>
   </div>
  </div>
 </body>
</html>
