1812 3132
546 183 924 230 HISTORlARUM
964 183 1036 224 111.
1065 185 1133 227 ιιι.
1485 176 1553 230 91

118 295 197 351 γῆν
231 290 423 351 ἐρ’ῥυσθη
461 290 815 345 παραιτουμένου.
871 288 930 335 εἰς
964 282 1162 339 τοιαύτην
1199 283 1247 324 δὲ
1281 276 1557 354 περιφάνειαν
1569 284 1611 320 Δ.
1627 282 1756 327 ῦ.ι34ι

118 365 164 413 ἐξ
191 359 395 418 (ἰφανείας
420 358 572 411 πολλῆς
600 353 763 408 ἐλθών,
797 354 1032 404 ἐσκέψατο,
1063 350 1103 391 εἰ
1130 347 1300 391 δυ’ναιτο
1331 344 1402 389 τὸν
1439 359 1564 420 ευερ-ε-

118 429 238 482 γε’την
273 426 540 478 ἀμείψασθαι
576 427 663 471 τοῖς
703 415 1037 466 ἐναντιωτάτοις.
1093 414 1150 465 ὥς
1189 413 1268 470 γὰρ
1307 409 1506 466 βασιλεὺς
1540 424 1561 450 ο

117 495 209 542 νέος
242 489 508 545 Ἀνδρόνικος
548 486 628 542 τὴν
666 485 793 529 νόσον
827 482 1023 539 ἐνόσησεν
1066 481 1222 536 ἐκείνην
1262 478 1336 535 τὴν
1372 473 1565 534 σφοδρὰν

92 560 193 606 fixae*
230 557 423 610 τελευτῆς
460 554 619 609 ἐγένετο
665 550 811 606 ε’γγὺς,
849 547 1040 604 βασιλίδι
1070 548 1150 601 μὲν
1176 548 1230 603 τῇ
1254 546 1417 601 γαμετῇ
1444 558 1566 585 κατε-

117 623 295 677 λίμπανε
337 619 411 676 τὴν
448 617 615 676 ἀρχὴν,
657 613 772 659 οὔπω
806 617 884 670 μὲν
924 612 1078 661 παιδός
1121 612 1250 668 μητρὶ
1293 610 1565 666 γεγενημένῃ,

116 687 322 744 αἶδινούσῃ
364 686 433 728 δέ·
468 687 525 743 τῷ
564 681 731 742 μεγάλῳ
772 684 818 725 δὲ
862 682 1092 737 δομεστίκῳ
1133 677 1211 733 τήν
1251 678 1456 731 διοίκησιν
1482 676 1566 716 τῶν

115 755 268 798 κοινῶν
295 751 371 794 καὶ
395 749 440 794 τὸ
483 750 643 799 πάντας
684 749 800 805 αὐτῷ’
831 748 1018 789 ὑπείκειν
1044 746 1118 786 καί
1147 744 1308 799 μηδένα
1337 741 1567 793 ἀντιλέγειν

117 818 223 876 πρὸς
248 819 398 874 μηδέν.
452 814 474 857 ὃ
514 818 555 858 δ’
594 812 734 870 ὥσπερ
778 812 876 863 ἔθος
903 813 976 855 ἐπὶ
1008 812 1231 853 τελευτῶσι
1257 812 1342 857 τοῖς
1368 807 1565 862 βασιλεῦ’-

68 901 162 931 ιοσι
187 890 276 934 τοῖς
317 883 659 935 ὑπολειπομένοις
695 878 773 935 τὴν
814 874 982 921 εὔνοιαν
1017 878 1092 919 καί
1115 873 1192 930 τήν
1222 876 1362 916 πίστιν
1387 872 1600 927 βεβαίανῦ

115 948 235 1005 παρὰ
262 951 346 991 τῶν
371 944 566 1003 ὑπηκόων
593 944 848 1000 βουλόμενος
873 949 1033 995 ποιεῖν,
1074 937 1226 998 ὅρκους
1269 937 1432 992 ἐκθεὶς,
1462 937 1569 980 πάν-

116 1029 203 1065 τας·
221 1012 433 1057 διάὖτῶν
463 1014 625 1055 ἐκέλευε
655 1010 732 1067 τὴν
748 1010 889 1054 πίστιν
906 1010 1127 1063 ἐμπεδοῦν.
1157 1005 1196 1049 οἱ
1225 1003 1341 1062 ὅρκοι
1370 1007 1417 1047 ’δὲ
1437 999 1567 1060 ”Arm

119 1097 163 1124 τε
189 1083 239 1138 τῇ
264 1081 454 1134 βασιλίδι
486 1077 722 1132 Ῥωμαίους
761 1074 1041 1129 διελάμβανον
1082 1073 1160 1130 τήν
1188 1073 1326 1114 πίστιν
1354 1070 1570 1127 οἶκραιφνῆ

118 1145 318 1203 φυλάξειν
345 1143 419 1187 καί
442 1143 567 1186 παιδί
596 1144 803 1197 βασιλέως
831 1144 891 1199 τῷ
916 1143 1199 1197 γεννησομένῳ
1228 1139 1272 1189 ἐξ
1301 1138 1458 1191 αὐτῆς,
1499 1134 1574 1177 καὶ

68 1214 174 1272 15τῷ
208 1210 375 1269 μεγάλῳ
417 1211 646 1266 δομεστίκῳ
686 1207 762 1264 τῆν
796 1208 1051 1249 εὕπείθειαν.
1106 1204 1239 1260 Ξένης
1281 1205 1327 1246 δὲ
1355 1203 1572 1258 βασιλίδος

115 1281 189 1334 τῆς
215 1279 421 1333 βασιλέως
448 1273 605 1331 μητρὸς
633 1275 863 1329 ἐμέμνηντο
893 1273 988 1314 οὐδ’
1015 1269 1173 1314 ὁτιοῦν·
1191 1267 1318 1312 οὕτω
1347 1270 1422 1311 καί
1446 1271 1571 1322 βασι-

116 1347 187 1385 λεῖ
218 1343 423 1398 κεκρικότι
466 1343 582 1394 δεῖν,
624 1338 683 1395 μή
728 1337 940 1381 δύνασθαι
970 1336 1049 1379 δύο
1086 1338 1161 1378 καί
1185 1335 1342 1384 ταύτας
1370 1340 1572 1389 γυναῖκας

117 1409 222 1462 μίαν
251 1409 420 1449 διοικεῖν
448 1403 600 1462 ἀρχήν.
654 1403 748 1447 τότε
775 1406 854 1458 μὲν
883 1399 959 1446 οὖν
987 1405 1121 1457 ἐκείνη
1150 1417 1196 1445 τε
1234 1396 1378 1458 ἤνεγκε
1408 1400 1574 1455 βαρέως

120 1473 195 1516 καί
221 1468 282 1521 οἷς
309 1471 413 1528 πρὸς
440 1472 599 1526 ἐκείνην
627 1465 769 1513 εῧνοιά
799 1486 862 1518 τις
890 1465 944 1525 ἦν
960 1503 974 1523 ,
1003 1468 1152 1525 καίπερ
1183 1469 1277 1510 οὐδ’
1288 1467 1446 1522 ἐκείνην
1466 1462 1572 1507 ‹232-

68 1537 328 1594 2οράπευτον
355 1534 657 1585 καταλιπόντος
685 1538 759 1578 τοῦ
782 1530 965 1590 μεγάλου
1000 1535 1260 1588 δομεστίκου.
1316 1530 1372 1582 ὡς
1389 1530 1470 1586 γὰρ
1500 1532 1574 1571 καί

121 1603 250 1652 αὑτὸς
283 1601 329 1644 τὸ
365 1604 538 1657 πρᾶγμα
576 1600 743 1644 ὑπενόει
785 1599 966 1656 θόρυβον
1015 1599 1249 1653 δυνάμενον
1289 1601 1340 1655 τῇ
1382 1598 1618 1651 βασιλίδιῡ

120 1671 329 1723 ἐμποιεῖν,
368 1670 407 1710 Γ
406 1669 538 1720 λαβᾶν
575 1666 647 1709 τὸν
687 1669 820 1720 μέγαν
856 1664 1069 1721 διοικητὴν
1109 1667 1283 1717 πέμψας
1310 1661 1414 1704 κατά
1443 1661 1570 1715 τάχος

119 1734 226 1790 πρὸς
253 1733 409 1790 αὕτὴν,
442 1731 533 1789 ἅμα
565 1734 612 1775 δὲ
641 1734 714 1775 καί
739 1730 926 1788 σταυρόν
955 1734 1001 1774 ἐκ
1020 1733 1104 1773 τῶν
1123 1729 1417 1784 πολυτιμήτων
1437 1730 1570 1770 λίθων

121 1801 375 1852 ἀξιοπιστίας
417 1801 535 1843 ἕνεκα
573 1801 659 1841 τῶν
685 1796 847 1853 λόγων,
895 1797 971 1854 τὴν
998 1801 1078 1852 μὲν
1103 1795 1226 1840 νόσον
1265 1795 1415 1851 ἐδήλου
1444 1798 1572 1849 βασι-

120 1966 228 2001 gnum
253 1954 508 1993 domesticum,
543 1952 676 1987 iratum
705 1952 846 1985 scilicet
868 1956 1098 1992 exorantem,
1144 1953 1266 1985 evasit.
1316 1951 1389 1984 Iam
1427 1960 1514 1985 vero
1552 1963 1573 1986 e

119 2005 230 2036 tantis
255 2001 414 2035 tenebris
438 2001 477 2033 in
503 2004 639 2032 tantam
664 1998 865 2032 claritatem
890 1999 1086 2038 deductus,
1113 1999 1296 2045 quomodo
1320 1998 1575 2036 benemerenti

120 2060 186 2082 suo
211 2059 317 2095 quam
345 2047 499 2080 maxime
537 2045 717 2080 contraria
741 2045 979 2091 rependeret,
1020 2057 1142 2079 secum
1180 2045 1432 2080 consideravit„
1481 2045 1574 2078 Nam

119 2099 206 2129 cnm
233 2094 455 2128 Andronicus
480 2092 604 2126 iunior
629 2093 756 2126 morbo
782 2093 846 2126 illo
872 2093 1085 2126 difficillimo
1123 2092 1349 2126 conflictatus
1390 2093 1577 2136 mortique

119 2141 324 2187 proximus,
355 2140 457 2173 uxori
484 2139 530 2172 ad
554 2139 669 2172 filium
693 2139 914 2185 pariendum
944 2140 1013 2173 iam
1034 2139 1180 2173 vicinae
1205 2140 1420 2185 imperium,
1446 2148 1576 2183 magno

121 2194 244 2220 autem
271 2187 470 2221 domestico
495 2187 662 2219 vicariam
690 2187 993 2231 gubernationem
1022 2187 1255 2232 reliquisset,
1295 2186 1355 2219 cui
1387 2185 1476 2219 citra
1500 2190 1578 2218 ter-

120 2234 395 2280 giversationem
421 2244 545 2266 omnes
570 2238 762 2278 parerent,
794 2233 885 2270 ille,
916 2232 1016 2280 quod
1044 2234 1270 2267 consuetudo
1297 2237 1421 2273 tenet,
1457 2233 1578 2275 impe-

120 2281 304 2314 ratoribus
329 2279 374 2313 de
398 2281 473 2313 vita
497 2280 742 2320 exeuntibus,
778 2280 1046 2314 successoribus
1071 2279 1366 2314 benevolentiam
1393 2289 1434 2312 ac
1468 2276 1579 2312 fldem

122 2327 368 2361 subiectorum
394 2326 558 2360 stabilire
585 2327 728 2367 volens,
763 2327 1026 2367 iuramentum,
1065 2338 1138 2372 quo
1173 2337 1298 2359 omnes
1334 2325 1442 2359 fidem
1478 2335 1579 2358 suam

122 2379 238 2408 ratam
265 2375 446 2413 facerent,
485 2374 523 2405 in
551 2373 638 2406 haee
661 2373 771 2406 verba
795 2379 1009 2418 conceptum
1039 2375 1240 2418 proposuit.
1292 2372 1470 2405 Romanos
1505 2371 1579 2405 An-

121 2430 190 2453 nae
216 2419 435 2463 imperatrici
465 2425 503 2452 et
527 2420 603 2453 filio
630 2420 842 2464 imperatori
870 2433 913 2454 ex
939 2432 980 2453 ea
1008 2420 1190 2453 nascituro
1217 2420 1394 2453 sinceram
1419 2424 1456 2453 et
1482 2418 1579 2451 inte-

123 2478 221 2510 gram
256 2466 363 2499 fidem
399 2471 435 2499 et
470 2477 597 2511 magno
641 2467 842 2500 domestico
881 2467 1131 2500 obedientiam
1168 2466 1416 2511 praestituros.
1477 2465 1580 2498 Xena

122 2513 350 2557 imperatoris
375 2517 489 2545 mater
508 2513 775 2557 praeteribatur
800 2515 961 2555 omnino,
986 2513 1085 2558 quod
1115 2513 1166 2545 ita
1191 2513 1286 2545 filius
1309 2511 1578 2546 constituisset:

121 2571 198 2592 non
224 2561 318 2592 enim
348 2569 450 2602 posse
477 2558 590 2600 duos,
615 2560 728 2605 idque
753 2560 929 2600 feminas,
957 2571 1067 2593 uuum
1098 2561 1291 2604 imperium
1315 2569 1450 2604 regere.
1500 2557 1580 2591 Hoc

123 2606 188 2638 illa
217 2608 373 2649 eiusque
398 2604 556 2639 fautores
582 2607 736 2650 graviter
769 2607 951 2647 tulerunt,
989 2607 1134 2639 tametsi
1168 2617 1316 2651 magnus
1357 2605 1577 2639 domesticus

124 2664 202 2685 eam
229 2653 385 2686 officiose
421 2652 567 2685 coleret.
615 2652 805 2700 Siquidem
836 2653 922 2687 hine
950 2663 1027 2685 eam
1052 2652 1306 2698 perturbatum
1340 2653 1385 2685 iri
1416 2652 1580 2697 suspica-

124 2703 203 2739 tus,
234 2698 352 2734 Glaba
379 2710 506 2743 magno
532 2699 696 2732 dioeceta
722 2710 801 2732 cum
821 2711 925 2733 cruce
954 2709 997 2732 ex
1020 2698 1300 2743 preciosissimis
1326 2697 1463 2743 lapillis
1489 2709 1580 2731 con—

126 2746 243 2786 fecta,
279 2757 351 2791 quo
375 2745 493 2777 verbis
527 2750 622 2778 esset
658 2745 767 2787 fides,
801 2747 846 2780 ad
884 2757 961 2780 eam
996 2745 1167 2780 celeriter
1200 2746 1334 2785 misso,
1373 2744 1416 2776 (le
1450 2743 1580 2778 lethali

125 2792 252 2826 morbo
277 2792 503 2838 imperatoris
529 2794 718 2827 certiorem
761 2793 872 2835 fecit,
911 2793 1028 2827 Deum
1057 2803 1208 2838 rogans,
1245 2803 1291 2826 ne
1317 2799 1377 2825 eos
1410 2791 1477 2825 tali
1508 2791 1581 2824 im-
