1812 3146
509 188 887 232 msroammm
928 190 1000 230 111.
1030 190 1100 233 83.
1433 167 1464 223 5
1480 157 1536 223 1}

107 291 328 350 σμωτηρίῳ
355 288 559 333 νοσοῦσαν
585 289 783 345 προνοιάς
812 283 1069 338 ἀξιώσαντες
1085 287 1318 343 μηδεμιᾶς,
1357 283 1433 329 καὶ
1468 284 1543 329 τόν
1559 290 1743 337 Δ.0.1345

107 355 203 399 υἱὸν
234 351 349 398 οὔπω
376 353 538 397 δώδεκα
568 353 640 409 ἔτη
666 352 862 408 γεγονότα
899 356 974 395 καί
1003 355 1137 410 μηδὲν
1177 352 1332 403 αὐτούς
1357 351 1551 408 ἠδικηκό-

106 439 185 476 τα,
229 422 299 464 διὰ
326 419 400 477 τὴν
439 420 544 475 πρὸς
578 421 654 473 ἐμὲ
692 417 925 473 ἀπέχθειαν
969 418 1051 460 ὑπὸ
1093 421 1260 473 δεσμοῖς
1296 423 1552 476 κατέστησαν

105 489 306 531 τοσοῦτον
332 487 508 542 χρόνον,
551 487 625 528 καί
659 484 758 535 τούς
798 488 948 542 φίλους
988 485 1174 537 ἅπαντας
1205 489 1455 543 διέφθειραν
1480 489 1554 532 καί

79 553 205 603 ὄτοῦς
233 555 434 605 οἰκείους,
475 554 548 594 καί
584 547 707 594 οὕδὲν
738 553 936 595 ἀπέλιπον
965 555 1208 608 παροινίας,
1237 551 1336 596 οὐδὲ
1376 551 1552 610 ὕβρεως.

107 621 166 662 έιὸ
196 618 274 675 γαρ
305 621 439 674 λέγειν
470 616 545 674 τήν
570 616 770 660 τοσούτου
800 615 981 661 πλούτου
1010 618 1244 675 διαρπαγήν
1273 622 1378 673 ἐμοῦ
1404 636 1449 661 τε
1476 621 1585 663 καίΟ

105 686 191 728 τῶν
218 685 451 740 συγγενῶν,
480 681 556 732 οὓς
585 682 696 736 ἔδει,
725 684 932 739 τοσαύτην
956 686 1106 727 κακίαν
1123 682 1364 734 συνειδότας
1390 682 1555 736 ἑαυτοῖς

106 752 180 793 καί
206 749 264 800 ὥς
294 753 368 806 τῆς
392 748 616 804 ἀμυθήτου
650 751 819 806 φθορᾶς
851 747 1069 803 Ῥωμαίων
1096 749 1339 794 αἰτιώτατοι
1365 752 1556 807 γεγένην-

106 833 207 870 ται,
241 814 356 858 ἔλεον
381 819 463 858 τῶν
494 815 702 871 ὁσημέραι
739 815 810 858 δια
843 815 919 870 τὴν
950 813 1091 858 αὖτῶν
1117 818 1266 860 κακίαν
1294 819 1368 859 καί
1389 821 1555 874 μοχθη-

62 882 209 940 ιορίαν
240 881 444 937 λαβόντας
471 883 770 937 κτεινομένων,
800 880 995 937 πρώτους
1020 885 1069 940 τῇ
1097 882 1236 941 εἰρήνῃ
1266 885 1556 940 προσδραμεῖν

108 949 182 991 καί
205 946 273 989 τὸν
299 946 478 1001 πόλεμον
504 948 759 999 σπουδάζειν
798 947 1033 994 καταλύειν.
1092 949 1185 991 ε’πεί
1216 950 1257 991 δ’
1272 949 1443 998 ἐκείνοις
1487 950 1557 991 ου’-

110 1012 226 1063 δενὸς
252 1012 395 1068 ἐτέρου
422 1015 567 1067 μέλει,
594 1008 621 1069 ἢ
648 1015 725 1056 τοῦ
750 1015 833 1056 τῶν
862 1014 1118 1070 πραγμάτων
1144 1013 1273 1068 μόνον
1302 1010 1465 1070 ἄρχειν,
1500 1009 1554 1057 ἄν

109 1096 206 1122 τινα
232 1081 559 1135 περιλειφθῶσι,
587 1080 670 1122 τῶν
697 1081 734 1121 δ’
753 1080 1000 1134 α’ρχομένων
1028 1079 1231 1133 οὐδεμίαν
1249 1078 1447 1136 πρόνοιαν
1461 1095 1558 1122 ποι-

111 1147 280 1198 οῦνται,
319 1141 458 1200 ὥσπερ
511 1147 694 1201 ἑξαρχῆς
738 1141 867 1194 αὐτὸς
905 1145 1012 1200 ὑπὲρ
1053 1148 1128 1200 τῆς
1168 1147 1310 1202 κοινῆς
1347 1149 1559 1203 σωτηρίας

59 1210 240 1255 ιόπάντα
268 1207 643 1266 ἐπραγματευόμην
651 1244 666 1265 ,
703 1207 814 1254 οὕτω
841 1209 916 1252 καὶ
939 1212 1039 1262 νῦν,
1083 1209 1111 1253 ἃ
1140 1213 1246 1254 πᾶσι
1269 1213 1415 1265 μέλλει
1439 1211 1559 1271 κοινῇ

108 1279 317 1321 συνοίσειν
334 1310 347 1330 ,
376 1276 512 1327 πάντα
540 1277 636 1332 ἐρῶ.
691 1276 857 1327 ἐξέσται
896 1278 944 1320 δὲ
980 1277 1152 1331 αὐτοῖς,
1197 1271 1225 1332 ἢ
1250 1276 1467 1332 αἱρεῖσθαι
1503 1278 1556 1321 rot

108 1343 285 1398 βελτίω,
315 1337 368 1384 ἂν
392 1340 591 1398 πρόνοιάν
621 1358 714 1385 τινα
746 1344 950 1385 ποιῶνται
975 1345 1052 1386 τοῦ
1077 1346 1249 1397 κοινοῦ,
1275 1339 1304 1398 ἢ
1331 1341 1402 1385 τὸν
1427 1340 1593 1386 ndns-n

114 1423 195 1462 μον
214 1408 497 1462 ἀσπάζεσθαι,
520 1403 574 1450 ἂν
600 1410 686 1451 τῶν
714 1403 853 1450 ἄλλων
879 1406 1074 1463 πάντων,
1103 1407 1134 1451 ἃ
1151 1410 1395 1463 νομίζουσιν
1416 1404 1562 1460 αὖτοΐς

113 1475 201 1532 ἰδία
229 1474 472 1529 διαφέρειν,
500 1476 750 1528 προτιμῶσι.
777 1474 892 1530 φημὶ
917 1476 1059 1517 τοίνυν
1077 1507 1091 1528 ,
1119 1475 1176 1525 ὥς
1203 1473 1278 1517 ἐὰν
1301 1476 1381 1528 μὲν
1406 1474 1557 1530 ἐθελή-

59 1553 221 1582 2οσωσι
257 1539 436 1592 βασιλέα
476 1538 681 1594 δέχεσθαι
723 1539 798 1580 καὶ
832 1544 918 1588 τοῖς
944 1540 1069 1582 παισὶ
1093 1539 1355 1595 συνάρχοντα
1381 1542 1555 1594 βασιλέ-

112 1620 196 1658 ως,
253 1605 345 1645 οὐδ’
374 1602 506 1646 αὐτὸν
552 1604 970 1660 πολυπραγμονήσειν
1014 1607 1149 1660 μηδὲν
1189 1604 1290 1660 περὶ
1326 1608 1408 1648 τῶν
1445 1604 1551 1648 κατὰ

111 1669 183 1713 τὸν
210 1668 392 1723 πόλεμον
418 1669 721 1726 γεγενημένων,
753 1670 844 1711 ἀλλ’
862 1666 1092 1725 ἀμνηστίαν
1118 1686 1164 1712 τε
1192 1667 1337 1720 αὖτοῖς
1362 1673 1559 1727 παρέξειν

113 1738 195 1779 τῶν
224 1736 381 1789 κακῶν,
408 1738 480 1778 καί
509 1738 590 1778 τῶν
617 1733 904 1792 ἡρπασμένων
931 1734 1112 1791 μηδενὸς
1140 1732 1463 1792 ἆποστερήσειν,
1508 1732 1562 1780 ἄν

115 1817 161 1844 τε
202 1803 286 1845 τῶν
326 1802 487 1844 οἰκείων
530 1797 635 1844 αἷσιν
676 1797 706 1856 ἢ
744 1802 826 1844 τῶν
853 1803 989 1858 φίλων
1035 1798 1064 1857 ἢ
1099 1806 1184 1845 ταῖν
1222 1805 1443 1858 συγγενῶν.
1498 1801 1565 1846 ἔτι

117 1945 348 1988 peccaverat,
382 1941 468 1976 odio
499 1941 612 1987 patris
650 1941 791 1976 tamdiu
824 1943 863 1975 in
889 1941 1043 1975 vinculis
1068 1942 1282 1984 retinuisse,
1308 1947 1345 1976 et
1368 1943 1501 1978 amicos
1525 1954 1567 1978 ac

118 1990 343 2035 propinquos
381 1999 505 2022 omnes
548 1989 758 2030 sustulisse,
800 2000 983 2035 quamque
1015 1995 1233 2034 potuerint,
1274 1989 1567 2034 petulantissime

119 2040 158 2070 et
191 2036 556 2069 contumeliosissime
594 2046 632 2068 se
669 2037 830 2079 gessisse.
897 2036 1016 2069 'l'nceo
1050 2037 1165 2075 enim,
1208 2036 1349 2081 inquit,
1384 2042 1569 2071 tantarum

120 2093 230 2127 opum
255 2088 291 2116 et
314 2094 475 2116 mearum
501 2087 537 2116 et
557 2088 788 2126 cognatorum
813 2082 1066 2127 direptionem.
1140 2082 1241 2127 Quos
1267 2081 1463 2126 oportebat
1489 2089 1569 2117 tan-

123 2133 243 2162 torum
274 2130 447 2162 scelerum
483 2128 705 2162 conscientia
745 2129 971 2169 stimulatos,
1005 2134 1042 2162 et
1066 2128 1242 2163 Romanos
1268 2128 1314 2163 ob
1341 2130 1569 2164 calamitates

122 2175 382 2216 incredibiles,
416 2186 539 2209 eorum
578 2187 686 2220 opera
725 2175 857 2216 illatas,
897 2179 1064 2220 (propter
1096 2186 1250 2220 quorum
1291 2177 1495 2221 nequitiam
1529 2181 1570 2213 et

122 2221 393 2266 improbitatem
418 2222 585 2268 quotidie
613 2222 857 2268 trucidantur)
881 2224 1089 2262 miseratos,
1118 2223 1251 2267 primos
1277 2232 1402 2267 pacem
1428 2223 1570 2268 ample·

123 2268 172 2300 cti
210 2273 247 2302 et
276 2267 421 2302 studere
450 2268 587 2301 bellum
629 2268 809 2302 disiicere.
866 2266 1048 2313 Quoniam
1084 2274 1202 2301 autem
1243 2268 1345 2301 aliud
1367 2280 1442 2303 non
1467 2270 1568 2315 cogi-

123 2320 225 2356 tant,
269 2326 377 2360 quam
410 2320 451 2348 ut
480 2315 550 2348 soli
585 2324 705 2348 rerum
744 2315 1004 2355 dominentur,
1039 2314 1084 2359 (si
1123 2315 1231 2348 modo
1267 2315 1410 2360 aliquid
1447 2326 1569 2351 rerum

123 2361 290 2395 relictum
326 2361 408 2408 εει.)
442 2360 681 2406 subditosque
724 2363 826 2395 nullo
863 2362 942 2394 loco
979 2361 1142 2401 ducunt,
1167 2373 1231 2406 ego
1263 2361 1568 2407 quemadmodum

126 2407 215 2441 inde
242 2418 262 2440 a
296 2407 494 2453 primordio
526 2407 572 2439 ad
596 2419 820 2442 communem
857 2409 1009 2442 salutem
1046 2418 1151 2441 omne
1179 2419 1296 2442 meum
1325 2407 1485 2442 studium
1510 2409 1568 2442 la-

123 2455 332 2500 boremque·
348 2455 506 2487 contuli:
531 2455 582 2487 sic
606 2458 643 2487 et
666 2467 775 2494 nunc,
801 2466 894 2500 quae
921 2455 1089 2488 omnibus
1111 2456 1298 2498 profutura
1322 2455 1419 2496 sint,
1446 2457 1568 2489 omnia

125 2501 277 2537 edicam,
335 2502 360 2534 E
398 2500 531 2545 quibus
567 2501 697 2534 licebit
728 2501 803 2534 illis
835 2505 898 2533 aut
922 2501 1072 2534 meliora
1102 2502 1259 2546 eligere,
1283 2501 1314 2534 si
1339 2501 1568 2536 universitati

122 2547 328 2580 consultum
362 2548 497 2580 velint:
539 2551 604 2579 aut
635 2545 775 2582 bellum
812 2549 996 2591 accipere,
1033 2550 1061 2581 si
1098 2547 1135 2580 id
1165 2547 1314 2592 privatis
1340 2548 1567 2583 utilitatibus

125 2595 200 2627 suis
226 2593 394 2626 omnibus
432 2594 726 2637 anteponendum
750 2594 923 2627 sentiunt.
973 2594 1040 2627 Aio
1071 2594 1215 2639 itaque,
1248 2595 1278 2627 si
1302 2594 1487 2629 voluerint
1509 2607 1566 2629 me

126 2640 381 2684 imperatorem
427 2645 464 2672 et
502 2639 659 2673 filiorum
694 2640 855 2674 defuncti
893 2640 1065 2684 collegam
1098 2641 1198 2684 pati,
1234 2652 1307 2674 non
1340 2641 1482 2674 solicite
1505 2642 1566 2674 in·-

127 2686 348 2732 quisiturum
388 2686 424 2718 iu
457 2696 498 2718 ca
515 2711 524 2724 ,
563 2697 656 2731 quae
693 2687 791 2720 bello
817 2687 1013 2730 praeterito
1039 2688 1227 2719 commissa
1250 2692 1351 2721 sunt:
1376 2688 1438 2721 sed
1461 2688 1566 2721 iniu-

128 2733 198 2766 rias
222 2732 419 2766 oblivioue
439 2731 656 2776 sempiterna
681 2732 894 2772 deleturum,
909 2738 947 2766 et
972 2732 1097 2777 spoliis
1115 2733 1189 2766 suis
1208 2744 1250 2767 ac
1269 2732 1402 2778 praeda
1423 2735 1565 2768 nullum

127 2779 372 2824 privaturum:
413 2779 488 2814 sive
519 2789 562 2814 ea
594 2779 849 2820 familiarium,
876 2778 951 2814 sive
983 2780 1204 2822 amicorum,
1228 2782 1306 2816 sive
1332 2785 1563 2827 cognatorum
