1800 3132
269 182 384 239 356
801 202 1174 246 CANTACUZENJ

73 317 155 354 An,
172 316 257 362 1343
272 303 364 358 ιόρα
391 299 588 354 δυνατὸν,
615 302 659 352 ἐξ
679 303 879 356 οὐδεμιᾶς
897 302 1144 358 μεταβαλών
1161 304 1309 356 αἰτίας,
1328 303 1405 360 τήν
1423 308 1625 360 προτέραν
1641 322 1713 362 ‹pt-

268 367 365 410 λίαν
377 368 436 416 εἰς
454 366 622 422 πικρίαν
635 370 915 422 μεταμείψας,
936 367 1075 427 ἑαυτῷ
1088 385 1130 411 τε
1146 371 1351 426 ἐμέμφετο
1366 372 1442 412 τοῦ
1457 370 1515 426 μὴ
1535 374 1713 425 βασιλέα

268 435 580 488 παρακατέχειν
605 434 681 475 καί
707 431 843 475 πάντα
874 434 1023 490 τρόπον
1050 433 1126 488 τὴν
1154 433 1333 488 δύναμιν
1359 435 1553 491 ἐπειρᾶτο
1582 452 1712 478 κατα-

268 498 394 542 λύειν.
443 499 518 538 καί
552 501 724 550 πέμψας
753 498 991 540 ἀνεκαλεῖτο
1020 498 1120 548 τούς
1152 498 1287 548 ἰδίους
1312 501 1631 557 μισθοφόρους,
1661 497 1711 542 οὗ

268 562 346 618 τὴν
374 559 611 617 ἀπέχθειαν
639 566 872 619 ὲκφαίνων,
912 561 1005 606 ἀλλ’
1034 563 1180 619 ἐτέρας
1209 564 1326 614 τινὰς
1353 565 1742 621 προφασιζόμενοςὸ

270 629 431 676 αἰτίας·
489 625 674 682 Μιχαήλ
701 644 744 669 τε
781 627 1028 687 Μονομάχῳ
1057 629 1226 687 μεγάλῳ
1256 631 1518 688 κονοσταύλῳ
1546 631 1623 686 την
1666 627 1718 672 0}ss-

269 693 364 745 ξίαν
407 687 520 745 ἷῖντι,
562 695 867 749 Θεσσαλονίκης
901 694 988 737 τότε
1018 691 1215 750 ἄρχοντι,
1245 693 1517 748 συνεβούλευε
1546 697 1718 749 πέμψας

268 757 375 800 κατὰ
410 759 618 812 βασιλέως
653 765 808 813 χωρεῖν
846 761 919 801 καί
958 760 1017 814 μη
1064 759 1233 816 σφόδρα
1278 761 1474 814 δεδιέναι,
1504 756 1642 809 ἄλλως
1669 775 1717 802 τε

267 821 332 865 ἔτι
361 823 502 879 ὀλίγην
540 826 784 878 κεκτημένον
813 824 990 879 δύναμιν
1020 827 1094 866 καί
1119 823 1167 866 τὸ
1202 823 1423 880 κράτιστον
1449 828 1524 880 τῆς
1553 825 1718 881 παρού-

227 897 346 944 cong
382 886 694 945 ὖφαιροίμενον
735 888 810 931 ὑπ’
835 892 967 932 αὕτοῦ
993 892 1113 944 νυνί,
1146 888 1261 946 (τοὺς
1287 888 1368 945 γὰρ
1397 889 1770 947 καταφράκτουςω

268 956 498 1006 Λατίνους,
531 952 604 1002 οὓς
632 948 736 1007 όῖγει,
766 954 1072 1010 οἷνακεκλῆσθαι
1099 953 1340 1009 ὖπάὕτοῦ,
1370 957 1505 1007 ἰδίους
1547 951 1714 1014 gnae)

267 1020 344 1061 καί
367 1017 427 1075 μὴ
457 1017 717 1070 αὐξάνεσθαι
754 1021 845 1076 ε’ᾇν,
894 1019 1003 1063 ἄλλα
1033 1028 1342 1077 προεπιχειρεῖν
1370 1023 1447 1071 ἕως
1474 1021 1585 1064 ἐστὶν
1608 1018 1716 1064 vidzi-

269 1100 404 1134 νατος.
455 1085 496 1126 εἰ
527 1082 607 1141 γὰρ
637 1083 697 1139 μὴ
726 1083 924 1128 κωλύοιτο
952 1083 1025 1127 ὑπ’
1054 1087 1216 1139 αὐτῶν,
1249 1086 1355 1129 ἄλλα
1386 1085 1719 1141 σωζόμενοιμό-

269 1165 341 1193 νον
382 1150 598 1207 ἀγαπῷεν,
647 1149 828 1205 τάχιστα
871 1152 1101 1202 ἐπάξεσθαι
1138 1150 1289 1205 αὐτὸν,
1328 1152 1512 1208 μεγάλην
1551 1155 1717 1209 περιβε-

268 1218 473 1270 βλημένον
514 1215 707 1269 δύναμιν.
774 1215 1037 1271 Μονομάχος
1080 1219 1126 1260 δὲ
1165 1219 1240 1259 καί
1281 1217 1319 1259 οἱ
1360 1219 1406 1261 ἐν
1437 1217 1774 1275 Θεσσαλονύτῄίὅ

267 1283 447 1323 τοιαῦτα
487 1282 745 1334 πεπυσμένοι
783 1283 855 1323 καί
897 1283 1105 1335 οἰόμενοι,
1155 1286 1328 1336 βασιλεῖ
1360 1282 1721 1337 συνεπιθήσεσθαι

267 1347 419 1395 αυ’τοῖς
465 1344 539 1387 καὶ
574 1345 755 1402 Κράλην
773 1379 791 1400 ,ι
830 1349 1072 1389 ἐσκέπτοντο
1104 1347 1144 1389 εἰ
1165 1347 1251 1403 χρὴ
1280 1349 1352 1390 ἐπὶ
1377 1348 1519 1403 μάχην
1545 1349 1714 1400 ἐξιέναι.

264 1412 482 1464 Τερμανοὶ
509 1412 556 1452 δὲ
583 1410 677 1453 ἐπεὶ
705 1410 758 1453 τοὶ
789 1411 906 1467 παρὰ
935 1411 1090 1468 Κράλη
1120 1411 1348 1454 ἀκούσειαν
1364 1411 1716 1467 πρόστεταγμὲνα,

264 1477 422 1531 πολλὴν
449 1477 529 1528 μὲν
557 1478 714 1518 ἐκείνου
747 1476 1006 1530 κακοήθειαν
1034 1479 1333 1530 κατεγίνωσκον
1362 1479 1436 1518 καί
1459 1475 1626 1531 τρόπων
1646 1479 1719 1520 εὕ-

264 1543 435 1593 κολίαν,
466 1543 640 1594 βασιλεῖ
662 1542 708 1582 δὲ
736 1538 1060 1596 προσελθόντες,
1110 1539 1364 1596 ἀπήγγελλόν
1398 1558 1443 1585 τε
1482 1539 1560 1584 ὅσα
1588 1549 1773 1599 προσ-20

226 1609 490 1659 ὓταχθεΐεν,
532 1605 606 1647 καί
642 1607 805 1647 ἐδέοντο
841 1604 900 1660 μὴ
928 1609 1234 1661 θορυβεῖσθαι,
1274 1605 1380 1649 οἲλλά
1418 1607 1620 1664 θαῤῥεῖν,
1660 1607 1718 1659 ὥς

264 1671 341 1713 καί
367 1670 481 1728 αὖτῷ
511 1670 680 1728 Κράλῃ,
713 1668 765 1713 ἂν
794 1672 912 1728 ἐπίῃ,
952 1675 1267 1725 μαχεσομένους
1294 1670 1401 1727 ἰἷπὲρ
1431 1674 1584 1715 αὐτοῦ·
1642 1671 1716 1716 οὗ·

263 1753 325 1777 τω
364 1735 445 1792 γὰρ
488 1733 598 1779 εἶναι
638 1735 818 1789 νόμιμον
846 1734 988 1785 αὐτοῖς
1042 1739 1116 1778 καί
1155 1739 1195 1779 εἰ
1229 1737 1473 1793 πράττοιεν,
1503 1740 1554 1780 οὕ
1578 1742 1716 1789 κακῶς

265 1801 461 1845 ἆκούσειν
487 1800 604 1859 παρὰ
630 1809 715 1852 τοῖς
749 1804 924 1852 οἰκείοις.
980 1802 1021 1844 εἰ
1044 1800 1126 1858 γὰρ
1157 1801 1237 1844 ὑπὸ
1265 1805 1341 1845 τοῦ
1367 1802 1442 1846 τὸν
1458 1802 1616 1858 μισθόν
1633 1821 1715 1847 πα-

355 1904 388 1948 4.
415 1901 489 1939 α’να
497 1904 646 1938 καλεῖτο
672 1903 706 1937 Ρ.

261 1999 402 2034 mutat,
429 1995 700 2040 praeteritaque
724 1993 994 2028 necessitudine
1023 1995 1062 2028 in
1086 1995 1363 2029 amaritudinem
1394 2005 1578 2036 conversa,
1599 1998 1714 2029 semet

261 2042 429 2081 incusat,
455 2040 555 2086 quod
582 2052 663 2073 eum
690 2053 764 2074 non
791 2041 985 2074 retinuerit
1001 2066 1010 2082 ‚
1034 2047 1257 2087 conaturque
1282 2042 1399 2074 modis
1424 2042 1593 2076 omnibus
1632 2043 1711 2075 eius

290 2087 466 2120 otentiam
500 2092 673 2124 evertere.
734 2087 979 2120 Mercenarios
1017 2088 1150 2127 etiam,
1182 2089 1296 2120 celato
1336 2087 1421 2122 odio
1460 2095 1496 2122 et
1521 2089 1604 2124 aliis
1631 2088 1715 2134 qui-

259 2098 414 2166 Eusdam
444 2134 639 2179 praetextis
665 2132 892 2173 rationibus,
918 2139 1080 2173 revocat,
1106 2138 1143 2167 et
1179 2134 1395 2167 Michaelem
1431 2134 1714 2168 Monomachum

262 2180 533 2213 contostaulum
560 2178 846 2212 Thessalonicae
876 2185 952 2212 tum
978 2179 1202 2223 praesectum
1232 2181 1385 2221 incitat,
1423 2181 1477 2214 uti
1504 2192 1583 2214 eum
1609 2183 1715 2214 inva-

261 2225 350 2266 dat,
386 2236 459 2259 neu
494 2225 749 2270 pertimescat,
774 2236 853 2257 cum
881 2226 1094 2269 praesertim
1120 2225 1236 2258 adhuc
1259 2227 1440 2260 invalidus
1469 2227 1542 2268 sit,
1570 2233 1607 2261 et
1634 2226 1714 2272 ipse

258 2272 319 2305 illi
354 2272 466 2304 robur
506 2282 547 2304 ac
571 2281 720 2304 nervum
745 2272 950 2312 sustulerit,
971 2272 1135 2314 (Latinos
1164 2273 1262 2304 enim
1286 2273 1534 2320 cataphractos
1563 2283 1584 2304 a
1609 2283 1647 2305 se
1671 2278 1714 2306 ut

259 2328 344 2351 suos
381 2317 594 2359 revocatos‚)
616 2328 691 2350 neu
718 2328 803 2361 opes
830 2318 932 2350 illius
959 2328 1116 2350 crescere
1141 2318 1262 2358 sinat,
1293 2318 1356 2351 sed
1382 2319 1500 2353 adhuc
1526 2320 1710 2352 infirmum

258 2364 500 2409 aggrediatur.
567 2363 649 2396 Nisi
698 2363 795 2396 enim
831 2375 913 2397 eum
948 2365 1285 2407 praetruncaverint
1321 2365 1616 2410 quodammodo,
1646 2364 1712 2399 sed

260 2421 297 2442 se
327 2411 443 2444 salvos
470 2421 547 2443 esse
574 2409 737 2443 contenti
768 2408 924 2447 fuerint,
949 2409 1164 2443 brevissimo
1190 2411 1382 2445 intervallo
1408 2413 1544 2456 magnis
1563 2415 1711 2444 auctum

258 2455 398 2488 viribus
434 2468 494 2491 eos
530 2465 800 2500 oppressurum.
863 2455 1126 2489 Monomachns
1160 2461 1197 2489 et
1235 2457 1580 2491 Thessalonicenses
1619 2456 1712 2490 haec

257 2502 448 2535 audientes
480 2503 760 2548 opinantesque,
788 2501 929 2534 Cralem
968 2513 1039 2534 una
1078 2503 1331 2546 imperatorem
1369 2506 1597 2543 invasurum,
1622 2514 1711 2536 num

257 2546 306 2579 ad
338 2549 516 2590 proelium
559 2548 766 2581 exeundum
801 2553 918 2586 esset,
952 2548 1211 2581 consultationi
1244 2552 1472 2592 permittunt.
1536 2550 1710 2584 Germani

256 2593 427 2627 mandata
446 2595 563 2628 Cralis
593 2594 838 2638 accipientes,
864 2593 1015 2637 insignis
1042 2594 1146 2626 illum
1174 2595 1450 2629 malevolentiae
1477 2595 1708 2639 levitatisque

258 2639 515 2680 condemnant,
556 2645 665 2686 atque
702 2639 747 2672 ad
773 2640 1026 2684 imperatorem
1054 2641 1289 2681 accedentes,
1318 2643 1407 2687 quid
1435 2642 1522 2687 ipsis
1551 2643 1709 2685 impera-

255 2691 335 2719 tum
369 2687 429 2726 sit,
453 2693 622 2727 narrant3
656 2691 809 2729 rogant,
848 2698 894 2720 ne
929 2691 1101 2730 angatur,
1140 2688 1204 2720 sed
1229 2687 1397 2722 adversus
1423 2688 1539 2732 ipsum
1563 2687 1708 2721 Cralem

257 2732 392 2771 etiam,
418 2732 447 2764 si
473 2731 678 2772 adoriatur,
704 2743 770 2775 pro
799 2733 880 2777 ipso
910 2731 1144 2766 dimicaturos
1175 2734 1343 2767 confidat.
1409 2735 1486 2767 Hoc
1511 2733 1607 2766 enim
1636 2733 1709 2766 sibi
1747 2738 1756 2752 ⁸

257 2779 416 2823 patrium
443 2787 541 2821 esse,
565 2778 799 2823 imperatores
828 2777 1046 2820 defendere,
1075 2783 1112 2812 et
1142 2779 1171 2812 si
1199 2779 1373 2822 fecerint,
1398 2792 1471 2815 non
1495 2779 1588 2814 male
1609 2779 1715 2825 apud
