1800 3138
519 184 893 226 msa-ommim
932 187 1003 226 111.
1033 191 1105 232 ιιι.
1401 163 1467 221 25
1481 184 1501 220 1

83 290 153 343 τῆς
175 286 398 343 προδοσίας
427 285 544 327 ἕνεκα
570 288 643 328 καί
667 287 740 340 τῆς
767 281 1027 342 φαυλότητος
1052 287 1330 342 τῶντρόπων.
1385 283 1600 340 nifastem&
1618 289 1702 334 1342

85 354 133 394 δὲ
162 355 237 394 νῦν
263 368 308 394 τε
345 351 516 403 α’νδρίιις
541 349 614 392 καί
646 349 868 406 καρτερίας
894 349 1019 401 δόξαν
1058 348 1286 406 ἧνέγκασθε
1316 350 1391 393 καί
1412 354 1510 406 παρ’

87 418 229 466 αὐτοῖς
255 423 339 465 τοῖς
365 417 588 468 πολεμίοις,
615 414 688 457 καὶ
715 417 836 473 ὀλίγῳ
864 412 1034 471 ὕστερον
1052 417 1127 457 οὔκ
1146 415 1226 470 ἐγώ
1244 414 1367 469 μόνον
1390 416 1511 469 οἶμεί-

85 496 223 536 ψομαι
250 487 340 531 ταῖς
368 480 672 535 προσηκούσαις
699 481 978 535 εὐεργεσίαις,
1024 481 1130 523 ἄλλα
1170 481 1242 523 καί
1267 484 1395 524 πᾶσιν
1423 480 1512 523 ἔσε-

66 550 168 591 5σθε
195 547 454 601 περίβλεπτοι
480 544 552 586 καί
575 545 816 597 θαυμαστοί
827 579 840 597 ,
884 542 948 587 ὅτι
976 547 1020 588 ἐν
1044 553 1204 601 καιροῖς
1229 547 1410 599 μάλιστα
1437 548 1512 588 δυ-

86 613 277 664 ναμένοις
301 608 542 664 βασανίζειν
567 609 734 664 γνώμας
760 610 944 665 ἀνδρῶν,
994 610 1067 666 τήν
1102 612 1393 668 προσήκουσαν
1420 614 1637 663 ἐπε-Ρ.486

88 675 278 729 δείξασθε
304 675 378 717 καί
398 676 717 730 μεγαλοψυχίαν
742 677 817 717 καί
841 674 1028 731 α’νὸριάν.
1087 677 1138 718 οὔ
1159 676 1209 733 δὴ
1232 676 1302 719 διὰ
1318 678 1393 733 την
1410 680 1515 721 ἐκεί-

87 759 168 786 νων
205 738 407 796 α’βουλίαν
441 742 704 784 καταπίπτειν
741 739 851 794 ὑμᾶς
891 744 1071 796 δίκαιον,
1118 743 1208 784 οὐδ’
1235 741 1298 785 ὅτι
1326 747 1514 800 δυσπρα-

88 810 196 861 γιάις
233 805 470 862 κεχρήμεθα
506 811 696 858 σκοπεῖν,
743 807 831 848 ἀλλ’
859 810 900 850 εἰ
923 809 1054 862 μηδὲν
1083 804 1206 850 mirol
1232 810 1283 850 δι’
1313 810 1515 863 οἷτολμίαν

41 871 192 928 ιοπρός
229 871 275 914 τὸ
317 869 463 927 ἥττους
504 872 730 928 φαίνεσθαι
767 873 1137 926 συνεισηνέγκαμεν
1175 876 1258 914 τῶν
1296 875 1515 926 πολεμίων.

91 939 129 980 εἰ
166 939 201 978 δ’
234 933 301 978 ὅτι
330 939 463 986 κακῶς
497 935 591 979 νυνί
612 934 884 991 πεπράχαμεν
908 936 1181 991 προσίσταται
1208 938 1330 991 ὑμῖν,
1358 939 1446 980 ἀλλ’
1474 940 1516 980 ἐ-

89 1009 197 1044 κεῖνο
211 1001 296 1058 χρὴ
317 1008 497 1056 σκοπεῖν,
522 1000 578 1051 ὧς
598 1003 686 1044 οὐδ’
716 1000 754 1043 οἱ
785 1000 916 1044 πάλαι
936 1000 1152 1056 Ῥωμαῖοι,
1182 1004 1279 1058 περὶ
1304 998 1362 1045 ὧν
1387 1004 1517 1058 μεγά-

91 1072 145 1110 λα
173 1063 318 1125 ᾅδεται
348 1070 422 1109 καί
446 1066 699 1121 θαυμαστά,
740 1066 936 1123 α’ήττητοι
955 1066 1195 1110 παντάπασι
1216 1070 1518 1124 διαμεμενήκα-

91 1150 183 1187 σιν,
225 1134 314 1175 ἄλλ’
342 1134 387 1174 ἐν
409 1137 574 1182 πολλοῖς
599 1131 795 1182 πολλάκις
822 1136 1046 1189 σφαλέντες
1072 1136 1145 1175 καί
1169 1131 1372 1190 ὁλόκληρα
1389 1151 1517 1190 στρα-

41 1199 242 1248 ι5τόπεὸα
265 1199 367 1251 μετιὶ
401 1202 483 1241 τῶν
509 1202 747 1254 στρατηγῶν
776 1198 1068 1253 ἀποβαλόντες,
1099 1200 1249 1257 ἀνδρίᾳ
1272 1200 1345 1241 καί
1369 1204 1520 1254 τλημοω

90 1265 196 1321 σύνῃ
233 1266 282 1321 τῇ
321 1266 419 1320 περὶ
457 1263 506 1305 τὰ
542 1263 643 1320 ἔργα
682 1259 810 1311 αὖθις
846 1264 1152 1317 ἀνεμαχέσαντο
1179 1264 1256 1319 τὴν
1284 1260 1429 1320 ἧτταν,
1468 1264 1519 1305 οὐ

91 1333 249 1383 μᾶλλον
274 1329 627 1384 καταπτήξαντες,
655 1326 682 1384 ἢ
711 1329 814 1385 ὄργῇ
838 1331 889 1386 τῇ
916 1328 1018 1384 πρὸς
1045 1329 1139 1379 τοὺς
1166 1332 1387 1383 πολεμίους
1414 1336 1551 1386 ‹upa-B

94 1392 287 1450 δρότερον
328 1393 536 1448 ἁψάμενοι
575 1394 680 1448 μετὰ
720 1399 851 1437 ταῦτα
882 1397 960 1437 τοῦ
989 1397 1185 1449 πολέμου.
1240 1391 1300 1438 ὧν
1328 1392 1522 1449 ἀπόγονοι

94 1459 167 1501 καί
191 1460 310 1513 ἡμεῖς
338 1461 546 1509 ἀξιοῦντες
574 1457 695 1513 εἶναι,
727 1459 955 1514 μιμώμεθα
981 1459 1056 1509 τὰς
1086 1461 1234 1516 ἀρετὰς
1261 1460 1333 1502 καὶ
1355 1463 1429 1502 νῦν
1444 1463 1523 1513 μὲν

44 1522 291 1579 Ωοῆγιόμεθα
315 1523 462 1578 τύχαις
490 1525 772 1580 ἀνθρωπίναις
795 1524 1049 1581 χρησάμενοι
1078 1529 1352 1582 ὃυσπραγεῖν,
1389 1527 1524 1582 μικρῷ

99 1592 143 1630 δὲ
172 1588 340 1644 ὕστερον
368 1588 472 1643 πρὸς
497 1589 572 1644 τὴν
596 1593 803 1645 προτέραν
831 1586 958 1638 αὖθις
981 1592 1211 1645 ἀφίξεσθαι
1241 1587 1526 1644 εὐδαιμονίαν.

98 1653 171 1696 καί
194 1652 274 1709 γάρ
305 1653 375 1695 καί
397 1657 478 1696 τῶν
504 1653 584 1710 πρὸ
613 1655 729 1710 ἡμῶν
755 1657 958 1708 βασιλέων
987 1656 1062 1696 οὐκ
1090 1655 1234 1711 ὀλίγοι,
1267 1656 1304 1697 οἱ
1322 1657 1399 1708 μὲν
1418 1658 1524 1709 βαρ-

98 1719 244 1776 βάροις
280 1722 550 1773 πολεμοῦντες
587 1721 844 1775 αἰχμάλωτοι
884 1719 1074 1775 γεγόνασι
1112 1723 1366 1775 νικηθέντεςρ
1412 1719 1525 1762 οἶδὲ

102 1893 210 1932 cium,
236 1891 280 1925 de
306 1892 514 1936 proditione
535 1896 572 1925 et
596 1891 750 1924 sinistris
774 1891 934 1924 moribus
960 1892 1212 1926 erubescentes
1229 1892 1420 1927 videlicet:
1446 1903 1523 1927 cum

101 1949 164 1972 vos
188 1943 225 1971 et
246 1949 342 1971 nunc
365 1939 588 1972 fortitudinis
613 1948 653 1970 ac
675 1939 871 1983 patientiae
898 1938 1040 1971 laudem
1065 1939 1122 1971 vel
1146 1938 1191 1970 ab
1217 1939 1378 1982 ipsismet
1407 1939 1526 1973 hosti-

102 1984 170 2017 bus
195 1985 354 2018 tulcritis
381 1990 417 2018 et
439 1997 512 2018 non
537 1985 651 2018 solum
688 1995 751 2030 ego
778 1983 878 2018 brevi
902 1984 1035 2018 debitis
1059 1997 1120 2018 vos
1148 1985 1251 2018 donis
1279 1991 1525 2019 remuneratu-

102 2041 161 2063 rus
189 2030 254 2063 sim
271 2056 281 2072 ,
305 2031 369 2064 sed
397 2032 467 2077 ipsi
492 2041 638 2077 quoque
663 2032 820 2065 omnium
846 2031 885 2062 in
907 2042 968 2064 vos
998 2042 1058 2064 ora
1073 2043 1150 2064 cum
1175 2031 1415 2066 admiratione
1440 2043 1527 2065 con-

102 2077 238 2109 versuri
264 2077 363 2118 sitis,
388 2079 474 2124 quia
500 2077 746 2122 temporibus,
773 2087 864 2123 quae
890 2078 983 2111 viros
1013 2078 1197 2122 explorare
1217 2079 1370 2111 maxime
1393 2078 1526 2118 solent,

102 2123 273 2156 invictam
317 2125 427 2158 animi
471 2123 750 2166 firmitudinem,
784 2129 824 2156 ut
861 2123 1007 2167 dignum
1053 2125 1142 2163 fuit,
1187 2123 1527 2157 demonstraveritis.

103 2168 259 2204 Proinde
294 2180 367 2202 non
404 2176 550 2214 propter
572 2171 719 2203 illorum
753 2170 944 2203 stultitiam
973 2182 1033 2203 vos
1060 2171 1215 2215 aliquam
1241 2170 1527 2215 desperationem

106 2215 286 2259 suscipere
312 2216 499 2259 convenit;
531 2228 577 2250 ne
607 2228 651 2250 ue
682 2222 812 2249 sortem
852 2217 1056 2257 duriorem,
1091 2227 1198 2262 quam
1224 2218 1363 2261 experti
1387 2227 1530 2257 sumus,

107 2260 332 2294 considerare
356 2262 517 2296 dehetis:
541 2229 605 2296 sed
626 2263 721 2295 illud
745 2264 888 2308 potius,
908 2262 1002 2296 nihil
1026 2274 1090 2295 nos
1115 2274 1177 2307 per
1200 2263 1376 2307 ignaviam
1396 2262 1441 2296 ad
1460 2262 1531 2296 hoc

108 2307 324 2349 contulisse,
351 2313 391 2340 ut
414 2307 578 2342 hostibus
606 2308 732 2343 cedere
754 2308 965 2342 videremur.
1016 2309 1079 2343 Sin
1108 2308 1213 2342 nobis
1236 2310 1427 2342 molestum
1454 2314 1530 2350 est,

110 2353 208 2399 quod
232 2365 327 2387 nunc
349 2354 564 2389 infortunati
590 2356 744 2396 fuimus,
787 2360 823 2387 at
848 2356 1043 2400 cogitemus
1069 2356 1176 2394 licet,
1202 2366 1267 2388 nee
1299 2361 1437 2389 veteres
1460 2356 1530 2389 Ro-

109 2409 257 2440 manos,
282 2411 434 2444 quorum
471 2412 526 2435 res
561 2407 680 2446 gestae
715 2402 868 2435 eximiae
903 2407 939 2435 et
961 2400 1191 2434 admirabiles
1220 2401 1405 2435 hominum
1437 2401 1531 2435 fama

109 2445 323 2491 scriptisque
350 2446 596 2488 celebrantur,
622 2458 760 2492 semper
783 2449 936 2482 invictos
961 2449 1153 2486 mansisse,
1186 2447 1248 2480 sed
1272 2458 1379 2493 saepe
1407 2447 1532 2481 multis

109 2491 198 2524 locis
222 2491 412 2525 offendisse
438 2504 478 2525 ac
501 2494 587 2527 totis
612 2494 827 2528 exercitibus
851 2506 922 2527 una
948 2505 1026 2526 cum
1060 2492 1212 2526 ducibus
1246 2493 1393 2528 adverso
1416 2495 1534 2529 Marte

113 2537 262 2578 deletis,
299 2538 505 2571 instauratis
531 2539 663 2573 deinde
687 2542 858 2586 proeliis,
893 2541 1107 2574 fortitudine
1142 2544 1177 2571 et
1200 2540 1377 2583 patientia
1400 2540 1534 2574 bellica

111 2581 276 2616 hostibus
298 2595 362 2629 par
385 2585 572 2618 retulisse:
604 2598 671 2619 nec
701 2588 809 2630 magis
834 2587 962 2620 timore
986 2586 1188 2630 perculsos,
1212 2597 1318 2631 quam
1349 2587 1535 2621 iracundia

111 2629 152 2673 in
182 2627 301 2663 hostes
326 2631 516 2671 incitatos,
555 2630 599 2664 ad
635 2632 773 2666 bellum
809 2632 935 2678 postea
958 2632 1140 2666 ardentius
1165 2631 1382 2667 incubuisse.
1430 2632 1535 2678 Quo-

112 2685 190 2707 rum
213 2687 276 2709 nos
301 2677 434 2721 posteri
459 2688 535 2711 esse
560 2679 767 2723 cupientes,
794 2690 916 2714 eorum
938 2679 1104 2712 virtutem
1130 2678 1322 2714 imitemur.
1370 2680 1414 2713 Et
1441 2691 1537 2713 nunc

142 2721 262 2754 uidem
286 2724 372 2768 quia
403 2723 567 2757 hemines
591 2735 734 2764 sumus,
761 2736 826 2759 nos
843 2727 992 2758 miseros
1017 2735 1091 2758 esse
1107 2749 1118 2764 ‚
1140 2723 1240 2759 brevi
1263 2730 1382 2760 autem
1407 2727 1535 2760 iterum

134 2766 239 2801 elices
265 2778 306 2803 ac
329 2768 454 2806 beatos
474 2770 556 2811 >fore
590 2769 815 2809 arbitremur.
863 2772 1007 2806 Etenim
1039 2776 1076 2805 et
1098 2771 1250 2806 maiores
1284 2773 1398 2808 nostri
1420 2773 1539 2818 impe·
