1800 3146
267 179 383 246 444
438 208 441 238 z
800 197 1169 244 CANTAeanm

78 295 370 354 A.C.i343719('1<;
397 293 444 337 τὸ
475 296 764 346 ἐξαπατᾶσθαι
793 297 971 351 μάλιστα
1000 298 1179 354 ἒνὴγετο
1236 301 1535 358 ἐπιψηφίζεται
1559 302 1611 359 δή
1631 306 1711 352 καὶ

269 357 399 410 αυθις
420 359 442 401 ὅ
469 361 572 415 πρὸς
601 362 778 415 βασιλέα
806 361 980 417 πόλεμος
1007 381 1077 406 και
1107 364 1128 406 ὅ
1157 366 1288 419 μέγας
1314 366 1412 418 δουξ
1438 363 1590 423 ἥπτετο
1621 368 1705 412 πά-

265 430 346 468 λιν
359 443 442 468 των
468 428 723 505 πραγμάτων
740 459 752 479 ,
809 429 858 471 οὗ
888 429 984 485 μὴν,
1012 428 1152 507 ὥσπερ
1182 430 1394 507 πρότερον,
1420 437 1710 512 μοναρχικως,

266 489 372 533 ἀλλὰ
413 491 689 548 μετριώτερόν
720 510 836 543 -.πως
876 496 1058 538 ·ἐδεδιῖει
1094 494 1172 551 γὰρ
1206 491 1286 552 ἤδη
1320 503 1406 547 τοῖς
1443 498 1712 564 συνάρχουσι

265 554 559 613 προσκρούειν,
603 559 714 614 ὅρων
764 559 908 610 αυτοῖς
950 558 1002 602 τοὶ
1046 563 1271 617 πράγματα
1315 560 1591 608 ὖπενδιδόντα
1636 567 1735 609 και5

265 622 618 678 Καντακουζηνὸν
637 624 916 678 αυξανόμενον
933 625 1006 668 τὸν
1024 629 1219 680 βασιλέα,
1242 626 1302 684 μὴ
1318 631 1576 685 τραχύτερον
1589 633 1707 687 χροό-

263 697 386 742 μενος
418 690 470 746 τῇ
514 690 625 746 α’ρχῇ
670 690 863 746 ἐπαχθὴς
869 690 953 767 m«92'77
971 726 984 745 ,
1019 691 1094 733 καί
1116 696 1358 748 βουληθεῖεν
1385 694 1468 736 ὑπὸ
1500 698 1709 749 βασιλέως
1761 699 1767 703 ’

268 755 429 806 μᾶλλον
446 749 670 810 αρχεσθαι,
700 751 729 810 ἢ
757 757 904 798 αὐτου.
956 758 1108 806 ἐκεῖνος
1139 759 1184 800 δὲ
1213 758 1306 800 ἐπεὶ
1330 756 1442 815 ἑώρα
1470 762 1545 802 ουἰε
1571 760 1709 816 ὀλίγον

137 830 173 865 Ρ.
186 832 254 878 599
265 822 338 874 τῆς
365 836 463 875 πριν
490 821 757 878 α’φηρημένος
784 823 975 874 ἐξουσίας
1005 839 1076 865 και
1105 840 1198 880 περι
1224 826 1308 866 τῶν
1333 822 1568 878 μελλόντων
1595 828 1706 869 δεδι-

264 884 343 938 ώς,
374 883 431 940 μὴ
472 884 711 929 παντάπασι
736 890 1046 969 καταγνωσθεις
1076 887 1303 944 ἀπόληται,
1343 886 1372 944 ἢ
1400 890 1565 947 ειρήνης
1595 891 1758 949 πρὸςῐό

264 953 453 1004 βασιλέα
469 954 684 1007 γενομένης
698 986 711 1006 ,
742 948 770 1007 ἢ
791 950 944 1010 ετέρων
972 952 1058 997 ἄντ’
1073 955 1208 997 αυτοῦ
1235 952 1469 1010 ἀρχόντων,
1497 958 1705 1011 ἐσκέψατο

264 1018 467 1069 βασιλίδα
497 1016 569 1058 καί
586 1018 848 1074 πατριάρχην
873 1021 1034 1062 πείθειν
1066 1036 1135 1062 και
1167 1036 1264 1069 τους
1293 1015 1441 1070 αλλους
1482 1025 1708 1078 πρεσβείαν

129 1091 170 1126 V.
188 1094 256 1138 480
268 1085 490 1124 ποιεῖσθαι
529 1082 633 1139 πρὸς
659 1086 838 1137 βασιλέα
862 1084 963 1141 περὶ
990 1087 1066 1127 τοῦ
1093 1082 1335 1128 ἀποθέσθαι
1360 1085 1437 1141 τὴν
1463 1089 1710 1141 βασιλείαν,

265 1144 404 1202 ὥσπερ
446 1149 576 1203 δῆθεν
609 1147 714 1204 πρὸς
755 1147 882 1192 αΰτὸν
917 1149 1134 1205 ὑπέσχετο,
1179 1151 1236 1201 ὥς
1274 1153 1319 1194 ἐν
1357 1154 1416 1210 τῷ
1439 1151 1597 1206 μεταξύ
1630 1154 1707 1208 τῆς

262 1215 488 1269 πρεσβείας
528 1212 692 1272 χρόνῳ,
742 1212 879 1271 ὥσπερ
921 1214 1032 1265 τινὸς
1069 1218 1302 1272 ἐκεχειρίας
1337 1211 1478 1272 οὔσης,
1509 1216 1598 1260 τισὶ
1621 1211 1760 1262 τῶνιὸ

264 1278 370 1334 ὑπὲρ
400 1281 606 1332 βασιλέως
644 1282 873 1333 δεδεμένων
903 1284 1002 1336 περὶ
1031 1283 1284 1336 συμβάσεων
1312 1284 1540 1340 διαλεχθῇ,
1569 1280 1627 1333 ὥς
1653 1278 1706 1338 ἢν

228 1345 340 1397 Βμὲν
381 1344 486 1396 μετὰ
530 1344 608 1400 την
644 1345 867 1402 πρεσβείαν
901 1345 1024 1389 πάλιν
1051 1348 1168 1404 αὐτῷ
1193 1347 1246 1389 τοὶ
1275 1346 1498 1404 πράγματα
1522 1350 1704 1404 ἐγχειρι-

261 1412 349 1466 σθῇ
378 1411 450 1451 καί
477 1409 500 1452 ὅ
525 1409 630 1466 πρὸς
656 1414 834 1465 βασιλέα
861 1412 1062 1466 πόλεμος,
1095 1414 1113 1469 (
1126 1410 1219 1470 ᾔδει
1246 1412 1326 1468 γὰρ
1360 1413 1481 1454 οὐδὲν
1506 1413 1619 1467 ὑγιὲς
1644 1415 1705 1456 εἷ·-
1750 1415 1754 1419 ’

261 1474 394 1532 naim)
415 1478 547 1531 μηδὲν
564 1479 693 1532 κινοίη
718 1479 804 1519 τῶν
831 1478 1103 1532 δεδογμένων,
1131 1479 1224 1520 ἀλλ’
1241 1476 1379 1532 ἔχοιτο
1409 1480 1487 1520 τοῦ
1505 1479 1703 1532 πολέμου,

262 1536 401 1596 ὥσπερ
431 1543 639 1597 ἐξαρχῆς·
703 1538 756 1597 ἢν
797 1544 844 1585 δὲ
884 1544 1242 1599 προπηλακιζηται
1268 1545 1342 1586 καί
1368 1543 1603 1600 ἀφαιρῆται
1629 1542 1760 1599 τὴναο

260 1606 424 1660 ἀρχὴν,
467 1605 521 1648 τὰ
550 1609 757 1660 βασιλέως
783 1607 977 1663 πράττοι.
1037 1607 1210 1667 τοιαύτῃ
1253 1611 1332 1662 μὲν
1353 1608 1404 1664 δὴ
1437 1608 1578 1667 γνώμῃ
1610 1611 1707 1663 ἐβε-

259 1673 386 1724 βαιόυ
437 1670 489 1713 τὰ
532 1673 726 1727 εἰρημένα
753 1705 766 1728 ,
815 1673 890 1715 καί
925 1673 1067 1717 ἔπειθε
1096 1673 1295 1728 βασιλίδα
1323 1673 1396 1715 καί
1418 1673 1516 1724 τούς
1550 1670 1705 1723 ἄλλους

259 1738 485 1791 πρεσβείαν
522 1741 733 1780 ποιεῖσθαι
772 1738 879 1795 πρὸς
915 1738 987 1781 τὸν
1031 1742 1224 1793 βασιλέα.
1286 1741 1357 1781 καί
1391 1738 1568 1796 ᾑροῦντο
1597 1742 1708 1796 πρέ-.
1748 1734 1751 1736 v

259 1804 376 1854 σβεις
426 1804 472 1843 ἐκ
511 1803 727 1857 βασιλίδος
755 1807 834 1857 μὲν
873 1807 947 1846 καί
985 1807 1057 1861 τῆς
1095 1803 1323 1860 συγκλήτου
1356 1806 1396 1846 Γ
1393 1803 1564 1860 εώργιός
1598 1821 1643 1847 τε
1672 1802 1698 1846 ὅ

262 1869 580 1922 Πεπαγωμένος
606 1872 678 1912 καί
705 1867 727 1910 ὃ
762 1869 1019 1926 Συναδηνὸς,
1047 1869 1093 1920 ὃς
1119 1872 1193 1913 καί
1216 1868 1411 1927 πρότερον
1440 1868 1542 1926 πρὸς
1567 1871 1758 1914 Διδυ-25

255 2009 492 2047 illiciebatur.
551 2011 643 2056 Ergo
676 2022 804 2045 rursus
837 2011 975 2045 bellum
1012 2011 1189 2053 sumitur,
1226 2014 1263 2045 et
1293 2020 1439 2055 magnus
1467 2010 1540 2044 dux
1565 2011 1700 2044 iterum

255 2056 499 2102 gubernacula
532 2058 708 2101 capessit:
743 2069 818 2091 non
851 2064 974 2091 tamen
997 2057 1213 2091 monarchae
1238 2058 1379 2098 instar,
1410 2062 1449 2090 ut
1475 2062 1602 2097 antea,
1635 2058 1699 2091 scd
1738 2068 1740 2071 ·

255 2103 444 2148 aliquanto
470 2102 703 2142 moderatius,
753 2104 922 2138 Timebat
952 2104 1050 2138 enim
1075 2105 1148 2137 iarn
1172 2103 1322 2148 collegas
1349 2103 1544 2144 offendere,
1569 2102 1699 2136 videns

253 2149 330 2182 illis
360 2150 537 2194 paulatim
562 2161 617 2183 res
643 2151 810 2185 submitti
835 2155 873 2183 et
897 2149 1185 2184 Cantacuzenum
1210 2159 1458 2190 crescere‚n‹·,
1479 2150 1509 2182 si
1535 2151 1698 2195 asperius

254 2196 469 2241 imperaret,
501 2197 539 2229 in
572 2196 696 2229 odium
727 2197 891 2238 caderet,
923 2202 960 2229 et
993 2196 1051 2229 illi
1078 2196 1300 2240 imperatori,
1319 2207 1425 2241 quam
1450 2196 1541 2237 sibi,
1549 2196 1698 2229 subesse

251 2246 524 2287 praeoptarent,
570 2242 678 2277 Porro
701 2253 781 2276 cum
809 2243 854 2276 de
877 2243 1030 2288 pristina
1054 2243 1268 2275 auctoritate
1291 2253 1365 2274 non
1391 2252 1516 2286 parum
1543 2253 1580 2275 se
1605 2243 1700 2275 ami·

256 2288 345 2321 sisse
369 2294 553 2328 cerneret,
583 2293 620 2321 et
643 2300 680 2322 se
706 2290 745 2321 in
769 2294 954 2334 posterum
978 2293 1039 2322 aut
1063 2299 1152 2333 pace
1177 2288 1394 2328 conciliata,
1433 2293 1497 2321 ant
1520 2288 1601 2321 aliis
1628 2298 1695 2321 suo

255 2334 339 2367 loeo
362 2333 625 2379 imperantibus
652 2334 881 2375 damnatum,
906 2334 1070 2368 funditus
1096 2334 1298 2378 periturum
1323 2334 1554 2375 formidaret,
1579 2334 1696 2379 impe-
1734 2344 1737 2347 ·

254 2381 654 2426 rat1ici,pat1iarcl1ae
680 2386 717 2414 et
739 2382 819 2415 aliis
845 2381 1061 2426 persuadere
1086 2381 1299 2420 constituit,
1325 2382 1378 2413 uti
1405 2380 1632 2424 legationem
1649 2379 1706 2413 ad·

256 2427 510 2470 imperatorem
548 2438 655 2471 super
686 2429 838 2473 imperio
878 2425 1095 2471 deponendo
1129 2426 1242 2472 (quod
1267 2425 1440 2460 videlicet
1465 2428 1533 2470 ipsi
1559 2426 1696 2470 promi-

257 2473 377 2518 sisset)
413 2473 618 2507 mitterent:
660 2485 731 2519 quo
767 2475 907 2507 interea
931 2473 1126 2518 temporis,
1152 2478 1333 2518 tamquam
1361 2474 1399 2506 in
1425 2473 1596 2512 induciis,
1611 2483 1694 2505 cum

255 2519 471 2562 quibusdam
507 2530 572 2564 pro
606 2521 821 2565 imperatore
858 2519 987 2552 vinctis
1022 2524 1146 2563 ageret
1183 2520 1227 2552 de
1265 2519 1550 2559 conditionibus,
1583 2523 1635 2559 ut,
1660 2521 1692 2552 si

255 2570 340 2607 post
369 2565 585 2608 legationem
626 2577 744 2599 rursus
781 2575 919 2598 summa
955 2576 1071 2599 rerum
1098 2566 1131 2597 ei
1158 2570 1194 2598 et
1218 2577 1289 2598 una
1319 2565 1458 2598 bellum
1489 2566 1692 2603 committe,-

257 2615 368 2649 retur,
400 2612 521 2654 (norat
553 2612 649 2644 enim
682 2611 777 2644 nihil
801 2623 838 2645 se
866 2622 990 2644 sanum
1015 2611 1178 2654 dixisse‚)
1202 2612 1299 2645 nihil
1323 2616 1526 2645 moveretur
1549 2608 1688 2652 θοι-ιω»,

258 2665 353 2700 quae
388 2658 583 2689 constituta
621 2663 757 2698 essent,
796 2658 859 2691 sed
883 2657 1007 2697 bello,
1043 2661 1085 2690 ut
1114 2657 1159 2689 ab
1185 2658 1305 2697 initio,
1318 2658 1421 2691 daret
1443 2667 1606 2702 operam:
1631 2657 1690 2690 sin

259 2707 381 2734 autem
415 2702 614 2736 ludibnium
650 2705 752 2737 fieret
777 2710 813 2737 et
845 2703 1158 2736 administratione
1184 2704 1326 2748 imperii
1351 2704 1590 2748 spoliat-‚etur
1615 2705 1688 2735 im-

259 2747 419 2792 peratori
455 2748 625 2781 studmct.
689 2750 769 2782 Tali
797 2750 947 2783 consilio
968 2748 1070 2782 dicta
1104 2750 1335 2783 confirmabat
1368 2754 1404 2783 et
1428 2749 1688 2794 imperatricem

260 2804 302 2827 ac
324 2803 488 2839 proceres
508 2795 553 2828 ad
576 2794 792 2838 legationem
817 2794 1041 2830 inflectebat·
1084 2795 1224 2831 Delecti
1251 2796 1357 2841 legati
1390 2794 1436 2827 ab
1462 2794 1589 2830 iisdem
1613 2795 1690 2830 Ge-
