1812 3146
280 155 392 227 48ss
737 169 752 174 ”
814 143 1186 220 CANTAcqum

88 273 170 321 AC.
188 286 274 330 ¹3⁴⁴
290 281 583 335 ἐπηγγέλλοντο
611 278 724 332 σφᾶς
755 277 912 328 αὐτοῦς
939 281 1012 320 καὶ
1039 278 1113 334 τὴν
1141 275 1262 319 πόλιν
1290 270 1591 334 παραδιδόναι,
1612 271 1725 320 ὀὔτε

279 345 383 400 πρὸς
413 343 488 398 τὴν
516 346 721 386 εἰωθυῖαν
750 338 1048 398 ἀναισχυντίαν
1090 341 1317 399 ἐτράποντο
1345 342 1419 385 καὶ
1445 342 1521 391 τὰς
1550 335 1692 398 ὕβρεις
1709 375 1722 396 ,

248 410 383 454 nam?
400 409 605 465 εὐφήμως
632 410 705 451 καί
730 410 961 465 σωφρόνως
983 411 1208 451 α’πείπαντο
1237 401 1325 464 τήν
1345 410 1582 464 πρεσβείαν.
1609 409 1725 461 νομί-

281 492 360 524 σας
390 477 435 516 δὲ
476 474 498 516 ὁ
524 472 727 528 βασιλεύς
757 473 892 529 ἀρχὴν
920 473 1252 530 προσχωρήσεως
1280 470 1388 515 εἶναι
1414 472 1490 527 τὴν
1517 474 1723 527 εὔγνωμο-

282 541 411 596 σύνην
424 574 436 594 ,
469 537 689 596 (συνεώρα
724 538 803 596 γὰρ
838 538 1135 593 ὗπενδιδόντας
1165 539 1270 595 πρὸς
1297 537 1371 589 τὰς
1398 543 1590 591 συνεχεῖς
1618 532 1747 593 &pb-5

284 610 384 657 δους
427 608 499 648 καί
523 605 600 660 τὴν
628 603 809 648 κάκωσιν
819 606 855 663 ,)
885 603 989 660 ἔγνω
1018 607 1104 647 δεῖν
1135 605 1209 659 τὴν
1235 603 1431 664 στρατιοὶν
1450 596 1623 658 ἀπάγειν
1648 600 1726 656 τὴν

284 674 507 727 ταχίστην,
535 670 603 713 ἵνα
631 670 735 726 μήτε
762 670 789 725 ἦ
816 669 940 726 χώρα
969 670 1259 726 διαφθείροιτο
1287 671 1497 723 μέλλουσα
1534 670 1727 729 γίνεσθαι

284 741 377 789 μετ’
396 733 532 790 ὀλίγον
556 734 630 777 ὕπ’
649 734 801 788 αὐτὸν,
841 735 967 777 αὐτοί
987 751 1031 777 τε
1063 732 1255 788 τυχόντες
1306 735 1452 782 ἀδείας
1497 732 1548 775 τὰ
1577 734 1726 774 δέοντα

282 801 580 855 βουλεύσαιντο
612 799 711 856 περὶ
737 802 879 856 σφῶν,
914 799 987 842 καί
1011 799 1263 855 ἀνέστρεφεν
1289 800 1347 847 εἷς
1364 794 1551 854 ’Ἀπρων.

155 880 272 916 P.6·25
394 864 468 911 σθ’.
525 861 655 908 ’Ένθα
693 867 944 921 διατρίβοντι
981 867 1136 918 Ἀμζᾶς
1180 880 1244 913 τις
1281 858 1411 916 ὄνομα
1461 860 1782 916 προσελθών,ῐο

243 944 268 976 Β
297 931 489 986 ἐμήνυεν,
520 930 577 980 ὥς
595 928 681 984 ἅμα
708 932 793 973 τινί
819 928 942 987 ἑτέρῳ
959 930 1159 986 Σκαράνῳ
1183 929 1577 984 προσαγορευομένῳ
1606 928 1729 984 ὀλίγῳ

283 996 481 1051 πρότερον
531 998 576 1038 ἐκ
623 998 861 1048 Βυζαντίου
898 997 1171 1051 προσέλθοιεν
1219 992 1417 1051 φυγάδες.
1484 993 1616 1035 αὐτὸν
1653 994 1730 1046 μὲν

287 1059 362 1116 οὖν
391 1062 553 1111 ἀδόλως
597 1064 844 1118 προσελθεῖν
877 1060 949 1102 καὶ
985 1060 1280 1116 α’πανούργως,
1316 1059 1528 1114 ,Σκαροὶνον
1575 1059 1620 1100 δὲ
1651 1057 1731 1111 οὐχ

284 1127 443 1180 ὅμοίως
466 1159 477 1178 ,
527 1124 634 1168 ἄλλά
665 1131 837 1176 πολλαῖς
864 1127 1116 1180 ὑποσχέσεσι
1156 1126 1228 1168 καί
1253 1127 1430 1180 δωρεαῖς
1458 1123 1573 1179 παρὰ
1601 1122 1732 1176 μεγά-

284 1198 360 1235 λου
388 1181 531 1242 δουκὸς
560 1194 810 1245 πεισθέντα,
839 1192 879 1233 εἰ
905 1191 1033 1234 αὐτὸν
1060 1193 1214 1233 α’νέλοι.
1269 1191 1499 1243 νομίσαντα
1542 1190 1589 1230 δὲ
1614 1191 1781 1233 Eua-15

284 1257 411 1314 ράνον
439 1255 731 1313 ξυλλήψεσθαι
759 1258 879 1314 αὐτῷ»
902 1255 972 1298 διὰ
1001 1259 1076 1298 τοῦ
1102 1259 1245 1310 γένους
1272 1255 1349 1310 τήν
1379 1253 1483 1309 πρὸς
1510 1253 1587 1303 τοὶς
1614 1269 1730 1310 σφα-

284 1322 362 1378 yde
389 1325 463 1365 καί
488 1321 586 1372 τούς
611 1323 764 1378 φόνους
790 1319 1036 1376 ἑτοιμότητα
1057 1354 1069 1374 ‚
1104 1324 1169 1376 (ἐκ
1182 1322 1364 1376 Περσῶν
1390 1319 1470 1374 γὰρ
1496 1319 1656 1372 Ἀμζᾶς
1682 1316 1731 1360 τὸ

285 1391 400 1443 γένος
427 1383 524 1444 ἧν,)
575 1387 809 1440 ἐκκαλύψαι
849 1386 896 1427 τό
938 1386 1183 1442 α’πόρᾞητον.
1252 1385 1324 1427 τὸν
1373 1386 1419 1426 δὲ
1473 1376 1732 1439 ἡγησάμενον

289 1452 427 1494 δεινὸν
463 1452 538 1507 τήν
576 1452 683 1495 κατὰ
723 1455 929 1506 βασιλέως
970 1449 1247 1507 συγκρύπτειν
1289 1449 1535 1505 ἐπιβουλὴν,
1572 1450 1645 1491 τόν
1683 1465 1731 1507 τε

289 1513 514 1574 ἄνθρωπον
545 1517 718 1572 μηνύειν
745 1519 818 1558 καί
842 1515 916 1570 τήν
942 1516 1121 1572 γνώμην.
1165 1517 1377 1571 Σκαράνος
1404 1513 1482 1568 μὲν
1510 1511 1585 1557 οὖν
1617 1516 1787 1559 adri-20

287 1601 340 1625 κα
381 1581 745 1636 συνελαμβάνετο,
788 1580 1060 1632 κελεύσαντος
1102 1583 1330 1636 βασιλέως·
1384 1574 1658 1634 ἆγόμενονδὲ
1693 1579 1734 1622 οἱ

288 1648 386 1706 περὶ
413 1649 592 1703 βασιλέα
625 1644 815 1708 ὥρμηντο
844 1648 1005 1690 οἷνελεῖν
1022 1681 1035 1702 ,
1064 1646 1262 1704 βασιλεὺς
1289 1649 1334 1691 δὲ
1364 1647 1604 1703 ἠπείλησεν,
1634 1647 1734 1691 ἄπι-

380 1759 412 1795 9.
435 1746 583 1795 ’Ἀπρον
609 1746 657 1783 Μ,

289 1834 529 1869 vastationem
573 1844 610 1867 se
654 1831 839 1866 dederent.
906 1832 1096 1875 Bizyenses
1142 1843 1263 1878 neque
1297 1842 1335 1866 se
1369 1833 1495 1867 urbem
1543 1832 1732 1867 dedituros

290 1880 467 1925 spondere
488 1905 497 1919 ,
516 1890 637 1925 neque
662 1879 709 1912 ad
736 1880 923 1913 solennem
959 1879 1224 1923 impudentiam
1257 1884 1294 1913 et
1329 1879 1564 1912 contumelias
1599 1879 1733 1911 confu-

291 1939 396 1971 gere,
430 1926 494 1959 sed
529 1926 750 1971 legationem
784 1925 936 1960 honeste
976 1926 1212 1971 modesteque
1260 1927 1421 1959 reiicere.
1479 1926 1588 1958 Batus
1612 1929 1734 1959 autem

293 1978 505 2018 imperator,
539 1972 761 2017 agnitionem
786 1972 954 2005 beneficii
979 1972 1198 2017 principium
1232 1972 1426 2005 deditionis
1455 1970 1555 2011 fore,
1592 1970 1734 2016 (obser-

290 2020 400 2055 vabat
424 2019 520 2051 enim
544 2023 691 2063 propter
715 2019 963 2051 assiduitatem
1010 2019 1256 2052 incursionum
1297 2019 1604 2063 vexationumque
1639 2028 1733 2061 pau-

290 2068 393 2099 latim
422 2076 482 2098 eos
512 2066 555 2098 (le
582 2066 779 2108 pertinacia
806 2066 988 2098 remittere
1012 2076 1053 2096 ac
1077 2065 1232 2110 cedere,)
1261 2066 1456 2097 exercitum
1482 2074 1589 2109 quam
1614 2064 1733 2097 celer-

293 2115 385 2145 rime
422 2111 679 2145 removendum
715 2112 876 2152 censuit,
912 2117 954 2144 ut
986 2122 1105 2156 neque
1130 2112 1227 2155 regio
1266 2115 1467 2143 vastaretur
1513 2111 1620 2154 paulo
1652 2114 1736 2154 post

292 2161 332 2192 in
359 2169 459 2191 suam
482 2158 658 2191 ditionem
696 2162 866 2198 ventura,
893 2162 930 2190 et
965 2158 1037 2201 ipsi
1061 2159 1288 2191 securitatem
1315 2157 1439 2201 adepti
1478 2156 1637 2190 salubria
1661 2156 1734 2190 sibi

294 2205 579 2243 meditarentur,
607 2209 643 2237 et
667 2204 780 2248 Apros
806 2204 963 2236 revertit.
1604 2243 1609 2246 -

388 2263 444 2296 79.
490 2251 594 2295 Apris
627 2250 815 2295 degentem
850 2251 975 2283 Amzas
1014 2247 1159 2295 quidam
1197 2248 1342 2288 adiens,
1382 2260 1420 2282 se
1459 2259 1540 2281 cum
1575 2247 1735 2295 quodam

296 2297 452 2331 Scarano
483 2297 665 2342 appellato
701 2296 812 2340 paulo
848 2301 930 2329 ante
967 2295 1136 2338 Byzantio
1169 2295 1371 2339 profugisse
1392 2295 1563 2333 nuntiat.
1620 2297 1670 2328 Ac
1695 2305 1734 2329 se

298 2344 449 2387 quidem
485 2344 574 2376 citra
609 2342 732 2375 dolum
759 2348 796 2375 et
817 2342 1050 2375 calliditatem
1079 2341 1269 2383 advenire,
1307 2341 1498 2375 Scaranum
1525 2352 1598 2375 non
1623 2343 1731 2381 item,

298 2390 361 2423 sed
395 2390 518 2422 multis
559 2389 886 2434 pollicitationibus
918 2398 959 2419 ac
992 2387 1201 2421 muneribus
1227 2399 1247 2420 a
1273 2399 1401 2432 magno
1436 2388 1526 2420 duce
1555 2388 1732 2430 illectum,

298 2436 330 2467 si
364 2437 482 2480 ipsum
529 2437 784 2480 imperatorem
825 2435 1025 2468 occidisset.
1104 2434 1266 2468 Eundem
1302 2435 1494 2468 Scaranum
1532 2438 1734 2479 sperantem

298 2482 416 2524 ipsum
440 2482 510 2515 sibi
535 2482 580 2515 ad
604 2481 749 2515 caedem
775 2481 957 2525 intrepide
983 2480 1186 2514 obeundam
1215 2486 1364 2525 propter
1401 2481 1540 2526 generis
1573 2490 1732 2513 commu-

299 2527 446 2559 nionem
484 2527 575 2572 (erat
611 2527 708 2560 enim
742 2527 865 2561 Amzas
892 2537 1037 2573 quoque
1063 2528 1181 2570 Persa)
1205 2527 1408 2560 adiutorem
1432 2526 1531 2567 fore,
1565 2537 1735 2559 arcanum

301 2573 496 2616 aperuisse.
553 2574 616 2613 Se,
651 2573 750 2618 quod
774 2573 924 2607 insidias
949 2578 1075 2607 contra
1102 2573 1353 2618 imperatorem
1378 2574 1574 2607 intentatas
1598 2572 1745 2617 haberer

299 2620 427 2651 tacitas
462 2621 702 2662 periculosum
736 2621 933 2660 iudicaret,
967 2619 1148 2652 hominem
1184 2626 1220 2652 et
1243 2620 1545 2654 machinationem
1572 2618 1650 2651 eius
1675 2619 1735 2651 in-

302 2664 423 2697 dicare
447 2666 610 2699 voluisse.
660 2665 835 2699 Scaranus
859 2666 1085 2710 imperatoris
1114 2667 1211 2698 iussu
1238 2667 1419 2710 extemplo
1456 2662 1732 2709 comprehendi·

305 2716 382 2744 tur:
408 2711 469 2757 qui
503 2722 580 2743 cum
612 2711 816 2753 duceretur,
850 2713 914 2757 qui
939 2712 1139 2752 adstabant,
1165 2713 1209 2745 ad
1235 2723 1315 2746 eum
1341 2711 1592 2745 trucidandum
1617 2711 1736 2754 prosi-

302 2757 410 2796 l'nmt.
458 2756 553 2793 Tum
579 2758 772 2805 imperator
794 2759 1061 2798 interfectorem
1087 2758 1200 2795 hostis
1226 2759 1281 2794 sui
1314 2758 1393 2793 loco
1426 2757 1633 2795 habiturum
1667 2757 1735 2793 mi·
