1800 3132
290 152 366 220 44
820 173 1189 216 CANTACUZENJ

97 273 179 308 ΑΒ.
199 274 411 325 ι34ιτιάς,
455 271 596 315 δίκαιά
632 289 676 315 τε
722 272 833 326 ὁμοῦ
868 274 942 316 καὶ
973 277 1110 335 σαυτῇ
1155 291 1200 334 τε
1227 274 1301 317 καὶ
1323 275 1421 328 ἐμοὶ
1453 269 1724 333 συμφέροντα

258 339 530 390 Οὲβουλεύσω
558 340 632 380 καί
654 339 759 381 πᾶσι
785 336 1105 393 τοῖςΔῬωμαίων
1131 339 1349 396 πράγμασι
1379 344 1518 398 κοινῇ,
1552 342 1624 385 καί
1645 340 1725 384 αὖ-

286 401 357 450 τός
385 404 456 457 τῆς
485 403 726 458 διοικήσεως
752 402 928 459 ἔχεσθαι
956 407 1156 458 πείθομαι
1183 408 1267 447 τῶν
1294 407 1449 450 κοινῶν.
1481 407 1521 448 εἰ
1547 408 1594 449 δὲ
1621 407 1726 463 πρὸς

286 470 419 510 ταῦτα
448 466 524 523 τήν
551 468 697 524 ψυχήν
726 469 828 526 ὅρᾷς
861 471 1150 513 ἀδυνατοῦσαν
1185 474 1260 513 καί
1299 468 1564 527 ἀμφιβόλους
1601 470 1726 523 δόξας

286 532 469 588 ἔχουσαν
497 535 596 589 περὶ
617 536 720 588 ἐμοῦ
737 570 750 590 ,
789 538 834 578 τί
862 538 932 578 δεῖ
954 537 1076 592 σφίσι
1117 552 1160 578 τε
1189 538 1329 586 αὐτοῖς
1348 537 1478 589 κοΐμοί
1502 535 1751 593 πράγματαό

289 599 512 653 παρέχειν,
553 596 659 642 ἄλλα
688 601 747 657 μὴ
789 603 1067 654 πειθομένους
1094 601 1191 654 ἐμοὶ
1207 601 1259 644 τὰ
1287 603 1436 655 βελτάο
1461 591 1725 656 συμβουλεύ-

289 679 400 718 οντι,
432 667 506 718 ἐμὲ
533 667 610 718 μὲν
637 668 711 723 έᾷν
739 665 845 708 οἴκοι
872 669 1088 722 καθῆσθαι
1115 666 1192 722 τήν
1221 664 1542 722 ἀπραγμοσύνην
1567 667 1726 724 ᾑρημέ-

289 745 358 772 νον
374 763 386 783 ,
416 729 546 786 αὐτὴν
563 733 602 773 δ’
622 729 710 784 ἅμα
734 731 973 789 πατριάρχῃ
998 734 1072 774 καί
1094 738 1180 781 τοῖς
1209 728 1363 785 ἄλλοις,
1394 736 1558 781 πολλοῖς
1583 748 1627 774 τε
1653 731 1728 774 καί

287 797 460 849 α’γαθοῖς
482 793 591 850 οὖσι,
613 796 664 839 τά
696 799 811 854 κοινῇ
833 800 1102 854 συμφέροντα
1124 798 1348 852 Ῥωμαιόις
1374 795 1570 852 πράττειν
1579 814 1593 849 ,·
1624 797 1724 839 οῦδὲ

288 861 368 916 γάρ
408 859 603 917 α’νόητος,
649 864 739 904 οὐδ’
779 859 913 913 οὕτως
949 861 1027 914 ἔξω
1057 865 1222 920 φρενῶν
1249 862 1355 917 ἐγώ,
1381 861 1480 906 ὥστ’
1508 863 1567 912 εἰς
1593 857 1779 919 προῦ-ιο

289 943 389 969 πτον
434 927 623 970 κίνδυνον
671 927 893 982 ἐμβάλλειν
920 927 1122 982 ἐμαυτὸν,
1166 927 1237 971 καί
1272 931 1404 971 ταῦτα
1431 931 1626 982 μέλλων,
1664 926 1727 982 μὴ

286 993 512 1048 χρημάτων
550 991 679 1046 μόνον
705 995 790 1035 τῶν
811 995 930 1036 ἰδίων
957 993 1063 1048 ὑπὲρ
1086 997 1180 1036 ’τῶν
1207 997 1324 1052 κοινῇ
1358 986 1581 1047 Ῥωμαίοις
1619 1009 1727 1046 συμ-

291 1056 500 1114 φερόντων
521 1092 533 1112 ,
577 1055 669 1100 ἀλλ’
713 1059 803 1101 οὔδ’
847 1060 1003 1115 αὐτῆς,
1031 1062 1072 1103 εἰ
1097 1058 1263 1115 δεήσει,
1303 1061 1528 1115 φείδεσθαι
1561 1060 1726 1114 ψυχῆς,

293 1123 476 1179 (πάντως
515 1126 562 1166 δὲ
596 1122 737 1179 δεήσει
778 1123 850 1166 καί
875 1124 1073 1175 πολλάκις
1086 1127 1117 1182 ‚)
1159 1127 1369 1180 μηδεμίαν
1399 1125 1444 1166 δὲ
1474 1120 1620 1180 ἑτέραν
1645 1126 1727 1166 τῶν

244 1187 425 1230 Βπόνων
451 1189 525 1231 καί
548 1191 630 1232 ταῖν
656 1190 859 1233 κινδύνων
885 1190 959 1232 καί
984 1193 1068 1233 τῶν
1096 1191 1300 1233 τοσούτων
1342 1187 1622 1242 ἀναλωμάτων
1652 1187 1785 1245 τὴνιό.

291 1255 560 1308 ἀντιμισθίαν
590 1252 798 1309 ἀπαιτεῖν,
839 1251 868 1311 ἢ
905 1258 1072 1311 πρῶτον
1109 1258 1189 1309 μὲν
1217 1254 1263 1298 τὸ
1295 1252 1445 1311 ἀπαθῆ
1471 1258 1607 1298 κακῶν
1635 1256 1731 1296 δια-ζ

288 1324 510 1376 τηρεῖσθαι
527 1356 539 1374 ,
569 1321 761 1378 δεύτερον
792 1323 839 1363 δὲ
865 1321 940 1377 τὴν
968 1321 1040 1364 ἐπὶ
1063 1328 1150 1371 τοῖς
1170 1318 1348 1376 οἷγαθοΐς
1375 1320 1511 1376 ἔργοις
1538 1315 1728 1362 εὔκλειαν

290 1386 364 1427 καί
403 1383 621 1439 εὐδοξίαν,
670 1382 720 1443 ἧς
746 1386 790 1429 τὸ
836 1387 894 1442 μή
937 1387 1141 1443 ἡττῆσθαι
1181 1388 1232 1428 ού
1273 1389 1357 1429 τῶν
1385 1384 1493 1428 πάνυ
1525 1389 1726 1440 λαμπρῶν

289 1454 363 1494 καί
402 1451 660 1508 περιδόξων,
700 1452 805 1494 ἀλλὰ
843 1455 924 1495 ταῖν
956 1451 1133 1509 φαύλως
1179 1451 1252 1494 καί
1293 1453 1452 1504 α’τίμως
1491 1450 1564 1493 καί
1604 1451 1727 1492 ου’δὲν

290 1514 458 1568 ἄμεινον
487 1520 570 1560 τῶν
598 1519 759 1561 πολλῶν
783 1521 903 1572 βιοῦν
929 1519 1241 1576 προῃρημένων.
1296 1518 1395 1571 ἐμοὶ
1429 1519 1507 1570 μὲν
1534 1511 1608 1558 οὖν
1633 1531 1779 1563 ons-20

289 1583 466 1641 ’φαμένῳ
481 1617 494 1637 ,
521 1586 693 1626 τοιαῦτα
737 1583 851 1635 ἔδοξε
881 1583 986 1640 πρὸς
1013 1582 1199 1636 ἐμαυτὸν
1238 1584 1324 1641 ἰδίᾳ
1352 1598 1395 1624 τε
1422 1582 1544 1637 ἡμῶν
1569 1579 1726 1639 ἑκάστῳ

290 1651 363 1690 καί
388 1653 517 1691 πᾶσιν
544 1649 654 1702 ὁμοῦ
681 1652 927 1705 συμφέρειν.
987 1652 1035 1691 σὲ
1064 1651 1110 1690 δὲ
1138 1648 1336 1704 προσήκει
1364 1651 1438 1691 καί
1461 1649 1580 1703 κοινῇ
1616 1645 1725 1701 μετὰ

289 1717 371 1757 τῶν
426 1709 563 1757 ἄλλων
608 1717 685 1757 καί
723 1715 810 1772 ἰδίᾳ
859 1715 1123 1770 σκεψαμένην
1167 1710 1277 1770 περὶ
1304 1716 1386 1756 ταῖν
1433 1710 1595 1765 αὐτῶν,
1653 1708 1726 1755 ἅτ-

389 1825 441 1870 ι4.
456 1825 610 1862 πάντων
630 1827 669 1861 Β.
767 1829 821 1864 18.
851 1825 1038 1869 ἡττᾶσθαι
1060 1827 1110 1862 Μ.

290 1941 386 1973 iuste
412 1943 450 1973 et
473 1939 572 1985 quod
597 1938 669 1973 tibi
695 1949 736 1973 ac
760 1938 850 1973 mihi
875 1938 1082 1984 pariterque
1107 1936 1272 1970 Romanis
1295 1935 1430 1980 prosit,
1465 1935 1653 1970 statuerisz
1690 1940 1728 1970 et

289 1986 359 2019 hac
381 1986 590 2020 conditione
618 1986 860 2032 gubernacula
885 1985 1067 2029 recipiam,
1115 1983 1178 2016 Sin
1208 1989 1328 2016 autem
1355 1982 1402 2014 ad
1424 1980 1514 2015 haec
1535 1987 1727 2026 praestan-

292 2032 337 2064 da
363 2033 609 2066 infirmitatem
631 2033 805 2077 perspicis
832 2031 943 2064 animi
969 2030 1023 2063 tui
1049 2041 1088 2062 ac
1121 2028 1165 2063 de
1193 2040 1249 2062 me
1272 2028 1450 2061 fluctuant
1487 2030 1728 2073 cogitationes

290 2085 389 2118 tuae,
414 2079 504 2124 quid
529 2090 619 2123 opus
648 2084 702 2111 est
726 2077 816 2111 mihi
839 2088 878 2110 ac
900 2076 1003 2110 vobis
1030 2075 1156 2108 facessi
1181 2073 1391 2119 negotium?
1415 2074 1490 2108 Cur
1514 2086 1587 2108 non
1604 2076 1728 2119 potius

289 2125 380 2158 mihi
408 2124 501 2159 bene
525 2125 688 2158 monenti
713 2124 982 2167 obtemperatur
1006 2126 1043 2154 et
1073 2132 1137 2166 ego
1165 2123 1311 2166 quidem
1330 2121 1426 2153 domi
1452 2121 1591 2158 solutus
1620 2133 1729 2156 occu-

289 2171 522 2218 pationibus,
548 2171 647 2216 quod
674 2172 799 2210 volui,
831 2170 1039 2215 relinquor:
1067 2174 1103 2201 tu
1130 2179 1214 2201 vero
1239 2179 1318 2200 cum
1348 2167 1549 2211 patriarcha
1572 2167 1652 2202 aliia
1682 2178 1729 2202 ue

290 2218 415 2252 multis
443 2224 480 2251 et
513 2217 618 2251 bonis
641 2218 727 2251 viris
764 2216 944 2249 communi
973 2215 1211 2247 Romanorum
1247 2214 1432 2247 commodo
1469 2213 1606 2248 servis?
1644 2179 1727 2248 laon

292 2265 390 2297 enim
424 2270 500 2300 tam
531 2264 707 2308 insipiens
740 2274 843 2303 sum,
881 2272 948 2295 nec
983 2266 1056 2294 tam
1097 2272 1117 2292 a
1149 2265 1246 2294 recta
1286 2260 1427 2293 ratione
1463 2259 1581 2301 disto,
1615 2259 1656 2293 ut
1686 2260 1728 2294 in

291 2312 426 2344 malum
464 2316 548 2344 ante
581 2310 703 2343 oculos
738 2309 895 2354 positum
930 2319 985 2340 me
1016 2306 1269 2351 praecipitem:
1308 2306 1419 2351 idque
1455 2316 1529 2339 non
1564 2307 1728 2352 pecuniis

293 2358 382 2389 meis
410 2358 596 2392 dumtaxat
619 2367 682 2401 pro
707 2355 868 2389 utilitate
892 2354 1035 2399 publica
1052 2379 1061 2393 ‚
1088 2353 1150 2386 sed
1174 2364 1240 2386 nec
1264 2353 1333 2397 ipsi
1363 2354 1482 2393 vitae,
1519 2353 1550 2386 si
1579 2363 1635 2386 res
1660 2362 1728 2386 vo-

293 2403 393 2436 cabit
426 2404 589 2447 (omnino
625 2408 743 2436 autem
773 2406 810 2435 et
841 2401 984 2445 saepius
1009 2400 1167 2445 vocabit)
1192 2399 1267 2432 ullo
1292 2398 1399 2432 modo
1423 2409 1606 2443 parsurus.
1651 2397 1730 2432 Nec

293 2450 403 2482 ullam
427 2450 533 2483 aliam
557 2449 722 2483 laborum
746 2447 1063 2492 periculorumque
1086 2451 1123 2480 et
1148 2451 1328 2479 tantorum
1353 2449 1535 2489 sumptum
1559 2454 1729 2478 remuneo

294 2497 472 2528 rationem
498 2507 674 2540 exposco,
711 2502 819 2539 quam
854 2499 895 2527 ut
929 2493 1083 2537 primum
1121 2491 1267 2537 quidem
1298 2497 1398 2525 tutus
1436 2492 1504 2524 sim
1539 2502 1561 2523 a
1598 2490 1727 2532 malis,

295 2541 428 2575 deinde
460 2549 607 2587 propter
639 2541 819 2587 praeclara
852 2539 946 2573 facta
983 2539 1230 2572 celebritatem
1265 2543 1303 2571 et
1327 2538 1499 2582 gloriam,
1535 2535 1637 2570 cuius
1663 2536 1727 2571 de-

295 2588 428 2621 siderio
459 2599 534 2621 nou
564 2589 679 2629 vinci,
721 2586 820 2620 haud
861 2585 966 2618 valde
1005 2585 1202 2628 insignium
1251 2585 1619 2629 conspicuorumque,
1661 2582 1727 2616 sed

295 2646 417 2668 eorum
454 2639 531 2674 est,
569 2636 632 2680 qui
666 2636 775 2668 vitam
814 2633 975 2675 ignavam
1018 2636 1055 2664 et
1088 2631 1302 2664 inhonoram
1343 2631 1594 2676 vulgaremque
1642 2630 1727 2673 pla-

293 2693 339 2715 ne
373 2682 493 2714 vivere
526 2681 773 2714 instituerunt.
822 2679 915 2712 Mihi
948 2679 1080 2723 igitur,
1122 2688 1159 2710 re
1200 2678 1450 2716 considerata,
1490 2680 1527 2708 et
1558 2675 1727 2719 privatim

294 2729 425 2772 cuique
461 2731 625 2761 nostrum
677 2731 714 2759 ct
758 2725 867 2759 simul
914 2723 1080 2759 omnibus
1131 2723 1219 2757 haec
1262 2724 1462 2757 conducere
1509 2722 1583 2755 visa
1631 2725 1725 2754 sunt.

294 2774 456 2808 Tuan-um
486 2773 645 2822 partium
679 2773 770 2815 erit,
802 2783 839 2807 re
870 2783 941 2806 una
970 2782 1049 2805 cum
1089 2770 1170 2804 aliis
1213 2775 1250 2804 et
1291 2770 1367 2804 sola
1402 2775 1521 2803 tecum
1555 2777 1724 2808 excussa,
