1800 3132
278 184 350 256 54
813 203 1180 246 CANTACUZEM

81 316 258 361 A.C.2341
277 306 513 363 ὁμοφύλων.
582 304 650 346 τὸν
690 304 818 347 αὐτὸν
861 305 910 359 δὴ
952 302 1103 361 τρόπον
1135 303 1209 346 καὶ
1234 305 1306 347 νῦν
1333 306 1537 358 Σίσμανος
1564 302 1699 359 ἱκέτης

240 376 411 427 Βγέγονε
440 373 514 425 τῆς
536 370 755 422 Ῥωμαίων
785 372 1021 424 βασιλείας,
1067 371 1120 410 ου’
1146 367 1249 425 πρὸς
1275 367 1347 424 τὴν
1375 370 1528 411 οἰκείαν
1555 368 1699 422 δεόμε-

137 449 176 483 V.
192 450 258 482 302
271 454 336 486 νος
355 441 599 490 καταγαγεῖν
615 468 627 488 ,
656 433 762 476 ἄλλα
790 440 983 490 προνοίας
1010 433 1122 484 τινὸς
1149 440 1301 488 τυχεῖν,
1332 435 1603 488 κακοπραγῶν
1627 434 1700 476 καί

272 505 343 558 τῆς
380 503 514 557 ἀρχῆς
554 502 858 555 ἐκβεβλημένος.
926 501 1197 555 Ἀλέξανδρος
1224 502 1269 542 δὲ
1299 500 1319 541 ὁ
1349 499 1548 554 ὑμέτερος
1575 502 1699 553 βασι-

272 566 392 620 λεὺς,
434 565 491 615 ὡς
529 563 661 618 ἔοικε,
707 565 777 607 διὰ
818 566 894 620 τὴν
928 566 1132 619 βασιλέως
1167 564 1360 620 τελευτὴν
1397 563 1448 606 τά
1482 565 1725 618 Ῥωμαίων5

272 631 497 687 πράγματα
532 628 770 673 παντάπασι
806 629 983 684 νομίζων
1020 629 1282 685 διεφθάρθαι
1317 630 1389 671 καί
1424 630 1583 684 μηδένα
1626 628 1700 671 τὸν

271 697 603 752 προστησόμενον
620 699 840 750 κεκτῆσθαι
860 728 872 749 ,
900 699 1054 738 ἐκεῖνον
1073 697 1307 737 ἀπέστειλεν
1330 697 1455 737 αἰτῶν
1482 693 1586 748 μετὰ
1602 699 1699 737 πολ..

271 765 342 818 λῆς
359 765 430 817 τῆς
452 760 689 818 παρ’ῥησίας
715 762 786 803 καί
812 758 858 803 rc)
891 761 1154 815 κελευόμενον
1175 767 1318 815 ποιεῖν,
1333 763 1463 816 μηδὲν
1485 765 1698 817 πολυπρα,

269 828 521 882 γμονοῦντας
549 828 683 876 ιῖξιῶν.
721 826 765 869 τὰ
794 829 832 868 δ’
846 829 1038 875 ἐναντίως
1065 821 1197 882 ἔχειῆ
1228 827 1387 884 ῳῖἦθητε
1417 822 1550 871 αὐτοί.
1576 830 1699 880 βασι-

269 893 364 942 λεύς
382 909 425 934 τε
443 893 523 948 γὰρ
545 892 605 934 ἔτι
628 891 795 948 περιών,
824 893 924 947 ἡμῖν
940 893 1155 947 χρώμενος
1186 891 1281 940 τούς
1309 893 1465 933 α’ὸίκεῖν
1481 893 1753 940 ε’θέλονταςιο

269 959 504 1013 ἐτιμωρεῖτο
524 989 536 1010 ,
566 959 637 999 καί
662 959 735 998 νῦν
764 959 806 1007 ἐξ
832 957 1065 1012 ἀνθρώπων
1093 959 1246 999 ἐκείνου
1265 958 1556 1012 γεγενημένου,
1579 957 1700 1013 ἡμεῖς

270 1020 549 1076 ἀμυνούμεθα
576 1022 681 1077 ὑπὲρ
712 1022 828 1076 ἡμῶν
858 1022 1021 1076 αὐταῖν,
1066 1018 1116 1064 ἄν
1154 1039 1217 1072 τις
1246 1026 1359 1080 ἐπίῃ,
1402 1021 1483 1064 ὑπὸ
1520 1025 1700 1076 βασιλέα

268 1087 342 1130 τὸν
375 1089 531 1129 ἐκείνου
567 1091 696 1129 παῖδα
730 1091 963 1142 τεταγμένοι
985 1121 997 1139 ,
1029 1091 1100 1130 καί
1125 1087 1197 1143 τήν
1226 1105 1271 1130 τε
1300 1088 1443 1144 χώραν
1470 1088 1587 1143 ἡμῶν
1615 1105 1700 1144 φυ-

232 1156 440 1210 (ἶλάξομεν
483 1157 628 1211 ἀπαθῆ
666 1157 827 1208 κακῶν,
868 1157 941 1196 καί
977 1156 1080 1210 ὑπὲρ
1119 1158 1355 1211 φιλοτιμίας
1396 1156 1467 1209 τῆς
1496 1154 1699 1196 ἀνέκαθεν

261 1222 484 1274 Ῥωμαίοις
518 1222 803 1276 προσηκούσης
822 1220 1104 1275 πολεμήσομεν
1131 1218 1232 1274 ὑμῖν
1252 1220 1495 1274 προθύμως.
1543 1220 1595 1260 ου’
1617 1217 1750 1275 γὰριό

267 1286 416 1342 μικρὸν
444 1284 568 1328 τοῦτό
596 1303 662 1341 γε,
708 1286 805 1328 οὐδὲ
844 1285 1203 1342 εὐκαταφρόνητον
1241 1286 1338 1341 ἡμῖν
1366 1288 1422 1335 εἰς
1443 1286 1611 1337 α’ὁόξιάς
1627 1285 1699 1326 λό-

266 1368 360 1406 γον,
388 1351 432 1394 τὸ
451 1350 523 1393 τὸν
544 1350 713 1408 φυγάδα
739 1354 840 1407 παρ’
868 1352 964 1407 ἡμῖν
990 1353 1279 1407 γεγενημένον,
1311 1348 1337 1406 ἢ
1363 1352 1480 1404 ὑμῶν
1506 1346 1701 1407 ἢὲτέρων

267 1417 543 1470 κελευόντων,
582 1418 653 1458 ἐπί
682 1417 851 1474 θανάτῳ
880 1414 1137 1471 προδιδόναι.
1193 1412 1244 1459 ἂν
1270 1418 1350 1470 μὲν
1378 1413 1454 1459 οὖν
1482 1419 1554 1458 καί
1579 1415 1701 1458 αὐτοὶ

265 1485 337 1537 τῆς
379 1485 550 1531 α’τοπίας
577 1485 658 1524 τῶν
697 1484 892 1525 τοιούτων
935 1482 1171 1537 ζητημάτων
1211 1482 1488 1535 ἀποστάντες,
1533 1479 1699 1536 εἰρήνην

267 1545 381 1602 ἄγειν
419 1550 491 1589 καί
521 1554 612 1596 ταῖς
642 1550 844 1597 [σπονδαῖς
883 1551 1074 1601 ἐμμένειν
1100 1547 1172 1590 καί
1196 1554 1278 1597 τοῖς
1307 1545 1469 1603 ὅρκοις,
1496 1545 1568 1596 οὓς
1593 1546 1754 1602 πρὸςῖο

265 1616 442 1666 βασιλέα
470 1612 647 1664 ἔθεσθε,
677 1615 872 1668 ἐθέλητε,
914 1611 1200 1668 πειρασόμεθα
1229 1613 1300 1655 καί
1325 1613 1443 1668 ἡμεῖς
1463 1615 1545 1656 τῶν
1571 1616 1696 1654 καθε-

266 1677 434 1719 στώτων
459 1680 590 1733 μηδὲν
620 1683 756 1722 κινεῖν.
814 1674 864 1720 ἂν
895 1681 931 1719 δ”
960 1673 1118 1732 ἄρχητε
1143 1678 1265 1720 αὕτοί
1283 1679 1478 1734 πρότεροι
1496 1679 1693 1731 πολέμου,

223 1741 334 1788 Βτόν
375 1741 473 1785 θεὸν
513 1745 585 1784 καί
620 1742 739 1796 ἡμεῖς
764 1742 957 1798 μάρτυρα
976 1745 1047 1796 τῆς
1075 1743 1236 1792 ἀδικίας
1267 1743 1618 1798 προστησάμενοι,
1649 1740 1697 1783 ὃν

266 1902 455 1936 moderari.
484 1904 679 1938 ‚Similiter
708 1917 803 1939 nunc
829 1906 1011 1939 Sismanus
1037 1906 1272 1939 Romanorum
1296 1905 1516 1939 maiestatem
1542 1903 1694 1948 supplex

265 1950 466 1989 invocavit,
501 1962 574 1984 non
598 1952 662 1984 ille
693 1953 854 1997 quidem,
878 1957 918 1985 ut
944 1952 982 1984 in
1008 1963 1110 1983 suum
1135 1962 1280 1996 regnum
1306 1951 1534 1984 restituatur:
1567 1950 1630 1983 sed
1653 1955 1697 1983 ut

266 2006 285 2028 e
311 2006 418 2040 regno
443 1997 673 2041 profligatuS‚
713 1999 751 2030 in
782 1998 848 2030 hac
873 1999 1000 2030 misera
1034 1997 1176 2030 fortuna
1200 2010 1262 2031 sua
1292 2004 1412 2031 nostra
1447 2008 1531 2030 cura
1563 2007 1695 2040 procu-

266 2043 479 2086 rationeque
513 2049 702 2076 recreetur.
751 2043 951 2077 Alexander
976 2048 1093 2076 autem
1125 2056 1187 2077 rex
1224 2049 1342 2077 vester
1378 2049 1523 2088 propter
1554 2041 1695 2075 obitum

267 2088 493 2132 imperatorIs
529 2089 574 2121 dc
609 2091 847 2122 Romanorum
888 2090 994 2122 rebus
1035 2096 1149 2123 actum
1195 2091 1401 2123 existimaus
1441 2095 1477 2122 et
1512 2089 1694 2122 neminem

266 2134 436 2177 adeptos,
465 2135 527 2179 qui
554 2146 612 2167 eas
638 2145 759 2180 regere
789 2136 919 2180 possit,
955 2136 1090 2180 legatos
1113 2137 1225 2169 multa
1250 2148 1328 2169 cum
1354 2135 1523 2169 libertate
1558 2134 1693 2168 Sisma-

266 2192 352 2212 num
384 2181 603 2223 postulatum
635 2182 750 2223 misit3
783 2192 954 2220 censens,
995 2194 1058 2215 nos
1094 2193 1186 2228 quae
1219 2183 1282 2215 ille
1311 2183 1401 2216 velit
1441 2182 1529 2213 citra
1570 2181 1692 2214 detre-

269 2227 461 2267 ctationem
490 2227 638 2272 exsequi
664 2232 839 2269 oportere.
889 2230 934 2260 At
959 2230 1055 2261 enim
1086 2229 1190 2272 longe
1215 2229 1396 2261 fallimini.
1444 2228 1534 2260 Nam
1560 2233 1596 2260 et
1620 2227 1694 2260 im-

267 2278 411 2316 perator
437 2272 553 2305 adhue
585 2274 749 2317 spiritum
789 2273 941 2314 ducem,
974 2280 1095 2308 nostra
1123 2286 1229 2318 opera
1270 2274 1463 2308 iniuriosos
1497 2271 1695 2318 puniebat:

269 2324 305 2351 et
332 2330 427 2351 nunc
451 2330 493 2351 eo
520 2331 539 2352 e
563 2319 774 2352 mortalibus
803 2320 965 2360 sublato,
999 2331 1064 2354 nos
1088 2321 1163 2353 filio
1190 2322 1267 2354 eius
1292 2322 1500 2364 imperatori
1527 2319 1694 2358 subiecti,

265 2369 425 2403 nosmet,
461 2367 490 2396 si
513 2365 597 2443 Huis
623 2367 814 2406 invaserit,
848 2366 1080 2400 ulciscemur:
1115 2373 1151 2400 et
1175 2379 1254 2400 cum
1287 2368 1466 2410 regionem
1493 2370 1649 2398 nostram
1674 2375 1696 2398 a

266 2410 485 2444 vastitudine
540 2412 788 2456 ireptioneque
819 2411 1021 2455 tuebimur3
1057 2419 1131 2446 tum
1164 2414 1296 2457 gloriae
1320 2413 1462 2452 studio,
1501 2411 1599 2457 quod
1623 2412 1695 2445 Ro-

267 2457 363 2489 mani
387 2468 406 2488 a
434 2458 630 2491 maioribus
667 2460 769 2502 quasi
804 2457 1041 2492 hereditatem
1075 2459 1253 2504 quandam
1289 2461 1513 2502 accepimus,
1562 2457 1694 2502 cupide

212 2511 214 2513 '
268 2502 452 2536 vobiscum
480 2504 579 2548 signa
604 2504 837 2538 conferemus.
886 2505 989 2538 Haud
1015 2507 1109 2537 enim
1144 2507 1222 2540 leve
1256 2505 1324 2538 hoc
1354 2515 1438 2537 sane
1474 2514 1540 2538 nec
1568 2513 1694 2548 parum

269 2547 374 2581 nobis
409 2549 642 2592 probrosum,
682 2551 878 2596 supplicem
911 2556 1072 2584 nostrum
1106 2551 1207 2584 vobis
1252 2558 1315 2585 aut
1358 2552 1438 2584 aliis
1484 2548 1693 2594 petentibus

269 2594 558 2628 interficiendum
576 2596 728 2630 tradere.
779 2597 1018 2641 Quamobrem
1034 2598 1063 2630 si
1088 2598 1167 2630 istis
1193 2598 1302 2631 stulte
1322 2596 1545 2642 requirendis
1571 2606 1696 2639 super-

270 2640 454 2681 sedentes,
481 2653 603 2686 pacem
629 2644 746 2676 colere
768 2648 804 2676 et
818 2644 944 2676 foedus
970 2655 1048 2676 cum
1074 2644 1259 2676 demortuo
1283 2646 1497 2689 imperatore
1516 2642 1693 2674 sancitum

266 2697 474 2721 conservare
498 2689 684 2722 volueritis
700 2714 709 2729 ‚
733 2700 799 2722 nec
822 2700 887 2723 nos
911 2689 1107 2734 quidquam
1130 2692 1406 2724 constitutorum
1429 2686 1588 2722 volentes
1613 2699 1693 2720 mo-

267 2733 440 2767 vehimus.
490 2734 552 2767 Sin
577 2745 637 2767 vos
662 2737 759 2779 prius
791 2735 838 2767 ad
862 2736 995 2769 bellum
1023 2737 1278 2780 proruperitis,
1312 2737 1428 2769 Deum
1453 2734 1596 2768 sceleris
1629 2743 1692 2765 ve-

271 2781 334 2814 stri
362 2785 488 2814 testem
514 2780 747 2823 adhibentes,
775 2793 880 2827 quem
906 2794 967 2818 vos
1001 2782 1068 2816 ista
1103 2783 1254 2826 perfidia
1285 2782 1450 2822 laeditis,
1483 2780 1691 2814 docebimus
