1754 3146
725 153 873 194 me
904 155 977 195 111.
1554 155 1583 210 7

132 259 266 294 multas
289 258 327 294 ei
359 257 592 294 conditiones
611 257 834 303 praescribit
859 265 894 291 et
919 268 942 290 a
967 267 1005 292 se
1029 256 1196 302 affectati
1230 252 1376 303 imperii
1407 257 1589 303 suspicio-

133 319 213 340 nem
230 314 392 340 removet
415 306 504 350 (53).
552 303 848 349 Didymotichum
870 311 1027 338 vocatus
1058 313 1255 339 venturum
1273 304 1466 350 promittit.
1509 306 1589 346 Quo

132 365 240 399 scopo
264 352 504 397 Apocauchus
535 360 570 387 et
601 352 730 385 Crales
762 351 965 385 convenire
988 351 1193 384 voluerint.
1242 351 1349 385 Illius
1375 352 1417 385 in
1443 351 1588 385 Canta-

133 399 324 434 cuzenicos
363 398 572 432 crudelitas.
627 400 750 442 Quare
793 397 1013 443 imperatrix
1038 396 1365 442 stratopedarcleae
1390 398 1588 432 consilium

133 446 312 492 respuerit
339 445 425 489 (54).
472 443 531 478 Ad
546 444 728 477 Pheraeos
744 442 788 477 de
807 442 995 478 deditione
1018 443 1277 478 Cantacuz-eno
1290 436 1479 490 facienda
1497 446 1590 478 Cra-

131 492 181 525 tis
207 491 428 526 cohortatio.
476 490 689 536 Praefi=acte
714 491 884 524 abnuunt
907 488 1137 535 eiusdemque
1159 491 1414 525 Cantacuzeni
1427 492 1588 537 legatum

132 539 312 572 atrociter
328 546 505 575 mactant.
552 537 740 572 Militibus
766 535 1063 578 Didymotichum
1088 535 1350 571 anhelantibus
1374 537 1590 583 obsequitur

130 586 346 630 Imperator.
395 587 531 629 Agrum
555 584 806 618 Pheraeorum
822 583 949 618 Crales
966 582 1227 628 depopulatur.
1282 584 1444 617 'Iriballi
1477 585 1590 618 auxi-

129 631 245 664 liares
268 631 310 663 in
335 630 534 664 Thraciam
559 638 750 676 sequentes
785 630 916 676 quales
949 629 1106 674 fuerint.
1156 631 1229 663 Pro
1256 631 1404 665 meliori
1437 633 1586 665 auxilio

130 678 270 711 reverti
295 678 478 712 volentem
512 679 772 724 Imperatorem
806 675 859 709 ad
883 677 1028 710 Cralem
1072 676 1206 709 milites
1231 685 1366 723 cogunt
1408 677 1588 721 Didymo-

129 723 268 758 tichum
282 722 430 758 vadere.
482 724 593 758 Circa
616 724 763 757 litteras
782 721 1042 766 Didymoticho
1071 721 1124 756 ad
1146 734 1224 755 eum
1250 724 1477 769 perscriptas
1497 736 1588 770 pro-

129 768 278 816 digium.
326 769 386 804 Ad
410 770 446 804 T
441 770 594 806 riballos
617 768 767 805 reditus.
815 769 1071 804 Protostrator
1092 771 1437 815 praevaricationis
1461 783 1587 816 suspe-

130 824 209 851 ctus
229 827 266 850 se
278 826 424 862 purgat.
475 817 767 862 Byzantinorum
782 815 834 850 ad
847 816 1096 851 reversionem
1132 816 1345 860 Apocauchi
1361 818 1585 863 gratulatio.

128 863 184 897 De
210 862 470 898 Cantacuzeno
505 863 664 898 mendax
694 874 832 898 rumor.
879 861 1122 909 Apocauchus
1146 861 1322 907 quosdam
1348 863 1508 897 includit
1541 864 1584 897 in

129 907 335 943 custodiam
365 910 451 956 (55).
500 911 625 946 Irenes
657 910 910 955 imperatricis
945 910 1080 946 oratio.
1138 907 1195 943 Ad
1219 910 1427 943 Moesorum
1465 922 1586 956 regem

128 955 173 989 de
200 957 374 991 societate
398 957 536 1003 legatio
561 965 596 990 et
619 957 698 990 eius
712 955 792 990 ludi
825 957 935 993 catio.
985 958 1170 999 Quantam
1196 956 1227 989 is
1247 955 1492 990 calliditatem
1514 956 1584 990 ad-

127 1002 291 1036 hibuerit
313 1004 354 1038 in
382 1004 499 1049 copiis
528 1002 823 1047 Didymotichum
847 1003 974 1037 missis.
1022 1004 1231 1037 Moesorum
1254 1001 1384 1036 ducum
1403 1004 1585 1038 versutia.

127 1050 305 1094 Episcopi
339 1050 546 1084 cohortatio
581 1058 617 1083 et
647 1048 934 1095 praedictiones.
992 1049 1126 1083 Persae
1161 1047 1404 1083 advenientes
1437 1052 1584 1083 Moesos

124 1095 272 1141 fugant.
320 1096 466 1130 Amuris
505 1104 660 1140 satrapa
696 1105 737 1129 ut
760 1105 932 1143 exceptus
960 1097 1006 1130 ab
1041 1096 1276 1141 imperatrice
1301 1098 1434 1135 Irene,
1460 1098 1586 1130 illius-

128 1153 198 1187 que
219 1143 260 1175 in
278 1144 539 1188 Imperatorem
561 1142 716 1176 eximius
744 1155 868 1184 amor,
896 1141 949 1176 ad
965 1154 1070 1188 quem
1086 1143 1439 1189 p1·oJicisc1'tur(56).
1489 1143 1585 1178 Phe—

127 1199 300 1222 raeorum
338 1190 379 1222 in
404 1189 661 1224 commentitiis
683 1191 820 1224 litteris
836 1213 846 1231 ,
889 1189 1022 1236 quibus
1047 1188 1236 1232 decipitur
1259 1190 1431 1222 Amurius
1458 1198 1493 1223 et
1519 1188 1586 1224 do-

127 1245 222 1267 mum
256 1233 377 1277 redit,
409 1237 600 1281 pessimum
634 1235 798 1278 facinus.
854 1236 1010 1281 Frigore
1043 1237 1164 1269 enecti
1196 1236 1330 1269 Persae
1362 1248 1438 1269 una
1476 1245 1584 1271 nocte

124 1281 332 1327 quingenti.
382 1282 722 1326 Didymotichemes
733 1281 978 1327 praedatores
1001 1282 1129 1327 algore
1149 1283 1376 1316 semimortui
1397 1281 1450 1315 ad
1466 1282 1587 1317 hostes

126 1328 347 1372 confligium
369 1337 404 1362 et
431 1328 612 1375 quomodo
646 1330 692 1364 ab
716 1329 765 1363 iis
789 1329 919 1363 habiti.
969 1327 1111 1375 Oppida
1137 1329 1244 1363 Irene
1270 1329 1501 1374 imperatrici
1516 1328 1582 1364 de-

126 1372 212 1407 dere
247 1386 285 1408 se
325 1376 495 1410 volentia
533 1388 602 1411 cur
634 1388 711 1410 non
758 1385 920 1421 recepta.
985 1376 1085 1410 Mire
1131 1376 1284 1408 anxium
1322 1376 1584 1420 Imperatorem

125 1420 314 1462 Arbernus,
339 1421 444 1456 homo
469 1423 664 1462 obscurus,
702 1424 859 1457 consilio
895 1423 1000 1456 levat
1046 1420 1090 1456 de
1126 1421 1315 1456 Ber-rhoea
1353 1422 1582 1467 occupanda.

129 1467 257 1500 Crales
281 1479 383 1512 opem
406 1471 603 1514 promittit.
649 1469 720 1504 Per
745 1470 887 1514 legatos
918 1470 1123 1504 accersitur
1142 1469 1368 1515 Imperator,
1403 1470 1464 1503 cui
1492 1470 1583 1505 Cra,-

125 1513 236 1547 laena
263 1526 347 1548 suos
370 1516 504 1551 milites
531 1517 732 1550 Germanos
755 1517 928 1550 attribuit
950 1515 1037 1560 (57).
1085 1518 1118 1550 A
1145 1515 1378 1549 Berrhoeotis
1399 1514 1583 1560 plauden-

126 1559 223 1592 tibus
240 1561 449 1606 excipitur:
475 1574 498 1595 a
520 1563 783 1597 Thessalonica
809 1563 1012 1597 obtinenda
1036 1574 1105 1607 per
1125 1562 1265 1607 plebem
1289 1570 1324 1596 et
1341 1563 1494 1596 Zelotas
1511 1563 1580 1596 im-

124 1603 283 1651 peditur.
332 1607 453 1641 Cralis
474 1607 646 1653 perfidia.
696 1611 960 1644 Germanorum
985 1610 1026 1642 in
1045 1609 1272 1655 Imperatore
1293 1607 1431 1642 tuendo
1449 1607 1581 1655 fideli-

127 1660 197 1686 tas.
246 1653 299 1686 De
331 1655 427 1687 Axio
441 1655 601 1701 flumine
637 1656 876 1691 transeundo.
933 1657 1099 1690 Duorum
1117 1655 1292 1701 filiorum
1326 1655 1583 1689 Cantacuzeni

125 1701 330 1732 encomium
360 1701 447 1745 (58).
494 1703 660 1740 Agrestis
695 1702 844 1746 quidam
873 1703 1125 1736 Triballorum
1150 1700 1311 1734 insidias
1335 1699 1450 1734 eidem
1475 1701 1579 1735 indi-

127 1753 190 1778 cat
202 1753 237 1778 et
251 1745 446 1789 adslumen
465 1746 566 1780 vado
581 1749 844 1782 transeundum
857 1749 994 1792 praeit.
1045 1749 1223 1782 Germani
1237 1748 1443 1782 Berrhoeae
1458 1746 1580 1782 dona-

125 1792 241 1824 tivum
273 1794 476 1836 accipiunt.
525 1792 771 1827 Insidiatores
797 1793 848 1826 ad
873 1795 1015 1828 cratem
1041 1794 1286 1839 deferuntur:
1320 1806 1476 1841 quorum
1509 1794 1579 1829 du-

125 1848 183 1871 ces
206 1838 430 1882 Imperatori
457 1838 510 1871 ad
533 1852 689 1885 poenam
718 1839 928 1879 deduntur,
954 1841 1086 1887 quibus
1115 1841 1288 1885 ignoscit.
1336 1841 1578 1886 Apocauchus

125 1883 270 1917 Cralem
297 1893 428 1918 contra
453 1887 711 1931 Imperatorem
735 1887 926 1920 incendit:
952 1889 1122 1920 simulate
1151 1888 1253 1930 ugit:
1286 1887 1348 1920 cui
1371 1887 1579 1933 Imperator

123 1930 272 1964 uberius
288 1930 525 1975 respondens,
551 1934 780 1967 eiusscelera
800 1935 947 1978 carpit,
969 1934 1173 1977 periculum
1187 1932 1436 1973 demonstrat,
1464 1936 1576 1979 igna-

125 1978 226 2009 viam
267 1976 411 2010 deridet
447 1977 536 2023 (59).
593 1980 836 2025 Apocauchus
870 1981 1064 2012 consilium
1091 1980 1250 2025 quaerit.
1310 1981 1577 2014 Monomachus

126 2023 381 2057 Cantacuzeni
410 2025 630 2069 felicitatem
661 2025 884 2071 praedicat,
922 2027 1087 2059 timorem
1113 2026 1263 2066 iniicit,
1294 2038 1421 2070 pacem
1444 2027 1577 2060 suadet

123 2070 210 2113 (60).
248 2070 373 2103 Crales
388 2071 433 2103 ab
452 2071 673 2116 Apocauclto
692 2073 913 2117 instigatus,
941 2073 1240 2105 Cantacuzenum
1257 2071 1310 2105 ad
1327 2074 1574 2106 consultatio-

124 2127 204 2149 nem
218 2115 342 2150 dolose
358 2118 513 2157 invitat,
537 2131 559 2152 a
573 2131 646 2165 quo
661 2117 862 2153 deluditur.
886 2118 986 2152 Idem
1002 2119 1249 2153 Berrltoeotas
1268 2117 1322 2151 ad
1334 2118 1574 2162 desectionem

122 2163 355 2199 sollicitans,
392 2165 648 2199 acerbissimas
672 2166 817 2198 litteras
844 2166 991 2211 accipit.
1044 2167 1250 2209 Imperator
1282 2166 1393 2197 etiam
1425 2169 1574 2199 tertium

122 2219 146 2241 a
177 2210 375 2253 sagittario
400 2210 504 2244 laedi
527 2225 603 2246 non
634 2213 778 2248 notuit.-
809 2213 874 2244 cui
900 2213 1049 2245 veniam
1083 2212 1224 2257 petenti
1253 2212 1409 2255 ignoscit
1434 2221 1469 2246 et
1492 2224 1573 2246 cnm

121 2253 230 2288 donis·
260 2254 411 2289 dimittit
434 2258 521 2301 (6¹).
570 2259 810 2303 Apocauclzus
845 2260 1045 2296 consultat.
1095 2258 1249 2291 Gemina
1276 2260 1460 2292 sententia
1485 2261 1575 2293 Mo-

121 2302 301 2336 nomachi.
349 2303 481 2339 Denuo
507 2305 654 2350 vafrum
672 2305 831 2339 eiusdem
848 2305 1059 2339 consilium.
1105 2306 1303 2339 Persarum
1322 2304 1375 2338 ad
1391 2306 1573 2339 Ber-rhoe-

121 2359 181 2380 am
210 2349 424 2384 latrocinia.
486 2351 723 2397 Apocauchus
748 2354 789 2386 in
814 2352 1100 2397 l’epagomenum
1125 2351 1247 2384 saevit
1269 2350 1354 2394 (62).
1414 2354 1444 2384 A
1474 2353 1572 2385 Can-

121 2402 298 2428 tacuzeno
339 2407 384 2430 ex
417 2400 506 2431 Asia
539 2409 724 2433 evocatur
757 2399 939 2436 Amurius,
1004 2399 1108 2432 Ficte
1145 2398 1279 2431 nuntio
1314 2400 1572 2432 contristatur.

119 2439 295 2475 Eiusdem
323 2441 482 2488 insignis
504 2447 650 2485 oratio,
681 2456 754 2490 qua
783 2457 897 2479 causa
921 2443 1192 2491 expeditionis,
1224 2442 1383 2478 studium
1408 2445 1573 2480 iuvandi

123 2488 389 2529 Cantacuzeni‚
418 2502 522 2524 amor
542 2500 578 2524 et
600 2490 815 2525 sollicitudo
831 2500 983 2537 propter
1002 2503 1081 2524 eum
1100 2490 1340 2524 declaratur.-
1365 2494 1499 2526 milites
1522 2491 1572 2525 ad

115 2534 283 2566 tabor-em
307 2535 589 2578 inflammantur
604 2551 616 2570 .·
645 2538 783 2572 exustis
803 2538 965 2571 navibus
981 2549 1048 2582 per
1065 2537 1309 2571 continentem
1322 2537 1569 2582 gradiendum

119 2583 308 2613 suadetur.
363 2582 476 2616 Vento
501 2583 661 2617 secundo
688 2585 818 2618 classis
839 2592 916 2617 tota
944 2586 985 2616 in
1004 2582 1265 2617 Macedoniam
1289 2583 1457 2629 defertur
1479 2586 1567 2628 (63).

119 2626 254 2659 Persae
288 2626 644 2663 Thessalonicensem
677 2642 806 2675 agrum
839 2638 1000 2664 vastant.
1058 2630 1282 2663 Provinciae
1310 2631 1434 2664 Gratis
1458 2639 1569 2665 cavet

120 2674 349 2716 Imperator.-
375 2685 454 2708 cum
477 2678 592 2721 copiis
609 2676 904 2712 Thessalonicam
920 2675 1074 2712 accedit.
1111 2677 1256 2710 Amurii
1270 2689 1452 2711 occursus.
1499 2679 1569 2711 Ze-

119 2719 279 2753 lotarum
300 2721 345 2752 in
377 2720 691 2757 Cantacuzenicos
713 2722 928 2758 crudelitas.
978 2722 1203 2757 Perithe'orii
1225 2722 1379 2757 obsidio.
1431 2727 1475 2756 In
1502 2735 1566 2757 ca-

118 2766 263 2810 ptivum
290 2767 530 2812 Imperatoris·
549 2769 773 2805 humanitas.
821 2770 953 2816 Legati
963 2796 966 2799 ,
986 2769 1170 2804 amborum
1211 2767 1263 2804 ad
1298 2770 1567 2816 imperatricem
