1820 3152
290 179 402 245 564
822 190 1192 234 CANTAcUzENi

95 302 449 357 Δ.0.ι346ξε’νους,
479 295 734 348 κατέστησαν
761 293 805 334 ἐν
833 294 924 349 χρῷ
952 289 1159 334 κινδύνου.
1211 285 1324 342 ὅμως
1354 288 1393 330 οἱ
1423 290 1629 342 βασιλέως
1656 288 1726 331 εὖ-

291 364 461 420 ραίστως
508 358 788 413 ἀμυνόμενοι,
836 354 1053 410 ἐβιάσαιτό
1090 372 1134 397 τε
1161 353 1258 404 τούς
1294 353 1626 411 Ἱερείουςπρὸς
1648 353 1725 409 τῆν

291 425 436 471 ἄνοδον
478 428 550 467 καί
589 425 848 474 διεξέπιπτον
881 421 962 463 ἀπὸ
992 423 1073 463 τῶν
1105 423 1279 474 τειχῶν,
1319 415 1346 477 ᾖ
1374 422 1545 469 ἕκαστος
1572 420 1725 462 συντύ-

246 503 358 550 Βγοι
394 487 795 540 διακινδυνεύοντες,
835 487 908 529 καὶ
950 488 975 542 ἦ
1018 487 1136 535 πόλις
1172 487 1431 538 μὲν-τοῦτον
1471 483 1544 527 τὸν
1571 483 1726 541 τρόπον
1767 523 1787 538 ,,

286 541 494 612 διεσώθη·
526 558 606 597 τῶν
634 555 859 607 βασιλικῶν
881 555 926 595 δὲ
965 549 1025 601 εἷς
1052 553 1128 605 μὲν
1157 550 1276 594 ἔνδον
1308 549 1429 593 ἔπεσε
1458 549 1748 604 μαχόμενος,5

286 627 425 680 ἕτερος
469 623 514 663 δὲ
554 626 638 669 τοῖς
678 615 819 667 ἄλλοις
873 618 1160 670 συνεκπεσὼν,
1207 615 1252 658 τὸ
1292 616 1436 664 σκέλος
1481 613 1723 670 ἐτελεύτησε

285 687 549 736 συνθλάσας·
584 684 621 727 οἱ
651 679 818 726 δ’ἄλλοι
846 683 991 732 πάντες
1020 682 1295 737 διεσώθησαν.
1314 680 1512 735 βασιλεὺς
1541 682 1600 733 δὲ,
1631 682 1726 722 ἐπεὶ

286 756 483 811 διέφυγεν
506 753 529 806 ἦ
551 751 691 801 πόλις,
723 746 855 798 οὕτως
884 749 1003 803 ἐγγύς
1026 747 1181 790 ἁλῶναι
1199 750 1417 803 γενομένη,
1439 749 1598 789 ἐκεῖθεν
1619 746 1723 788 οἰνα-

287 821 474 876 στρέψας
505 818 706 870 ἐπανῆκεν
737 817 796 863 εἰς
827 814 1179 869 Ἀδριανούπολιν.
1351 865 1355 868 ⁵
1551 860 1554 862 μ

161 892 196 925 Ρ.
208 891 276 935 670
399 884 463 937 ‘113'
471 915 482 925 .
532 880 689 924 Ἐδόκει
731 882 778 922 δὲ
805 875 884 935 ἤδη
913 879 984 921 καί
1008 879 1076 921 τὸν
1109 882 1188 921 τῶν
1218 881 1423 934 βασιλέων
1449 877 1602 936 τρόπον
1631 880 1780 921 στέ-ιο,

290 954 471 1008 φεσθαι,
500 947 594 992 ἐπεὶ
618 949 691 988 καί
717 944 976 1002 πατριάρχης
1005 943 1025 986 ὃ
1057 947 1139 987 τῶν
1160 942 1458 1001 Ἱεροσολύμων
1481 946 1618 1000 παρῆν
1645 941 1726 986 αὖ-

280 1019 339 1074 τῷ
389 1017 461 1056 καί
501 1015 583 1055 τῶν
626 1013 859 1068 οἷρχιερέων
905 1007 1022 1053 ἄλλοι
1069 1008 1144 1052 οὐκ
1173 1011 1318 1066 ὀλίγοι.
1375 1012 1447 1053 καί
1470 1010 1724 1067 χρυσοχόοις

242 1083 514 1136 Βέπιτρέψας
542 1079 759 1131 στέμματα
783 1074 1151 1130 κατασκευάζειν,,
1174 1079 1247 1119 καὶ
1286 1071 1415 1119 τᾶλλα
1454 1073 1534 1118 ὅσα
1581 1075 1723 1130 ἐπιτή-

283 1149 376 1188 δεια
404 1144 507 1201 πρὸς
532 1143 606 1199 την
632 1141 820 1198 τελετήν,
851 1144 942 1184 ἐπεὶ
957 1140 1090 1184 πάντα
1113 1139 1222 1197 ἦσαν
1237 1137 1317 1198 ἤδη
1334 1144 1719 1198 παρεσκευασμένα,

285 1213 482 1267 ἐστέφετο
528 1208 609 1251 ὑπὸ
667 1206 874 1263 Λαζάρου
928 1209 1005 1248 τοῦ
1049 1209 1132 1249 ταῖν
1176 1206 1474 1263 Ἱεροσολύμων
1517 1203 1776 1262 πατριάρ-ιό

156 1290 276 1326 v.535
290 1293 369 1332 χου
403 1274 508 1318 κατά
537 1277 649 1330 μῆνα
678 1271 848 1326 Μάϊον,
886 1270 1007 1327 ἡνίκα
1045 1271 1119 1314 καί
1144 1275 1471 1321 Κωνσταντίνού
1491 1274 1569 1314 τοῦ
1594 1270 1726 1326 μεγά-

281 1347 356 1384 λου
400 1343 473 1383 καί
505 1341 666 1394 Ἑλένης
703 1341 774 1393 τῆς
811 1337 968 1393 μητρὸς
1006 1341 1089 1380 τῶν
1131 1339 1413 1380 ἰσαποστόλων
1451 1340 1658 1391 βασιλέων
1695 1338 1722 1392 ἧ

279 1405 422 1462 μνήμη
453 1408 628 1460 γίνεται.
681 1402 830 1458 ἔστεφε
860 1405 907 1445 δὲ
935 1405 1007 1444 καί
1040 1400 1166 1451 αὐτὸς
1195 1401 1300 1444 κατὰ
1330 1396 1377 1444 τό
1408 1401 1505 1452 ἔθος
1543 1403 1721 1459 Εἰρήνην

279 1473 479 1526 βασιλίδα
509 1469 584 1524 τὴν
611 1466 819 1523 γαμετήν,
866 1469 938 1509 καί
968 1468 1105 1509 πάντα
1136 1464 1212 1509 ὅσα
1244 1467 1391 1510 εἴωθεν
1416 1470 1592 1510 ἐτελεῖτο
1621 1464 1720 1510 ὅσον

278 1537 459 1591 μάλιστα
497 1536 602 1589 ἐξῆν.
659 1530 901 1585 ἀπόδεσμοιῖ,
927 1549 971 1574 τε
1008 1532 1089 1588 γὰρ
1133 1531 1379 1589 ἐρ’ῥίπτοντο
1419 1532 1606 1590 ἀργύρου
1648 1532 1775 1575 naim

276 1603 472 1658 χρυσοῦ,
506 1602 577 1642 καί
603 1599 723 1641 πότοι
751 1598 823 1639 καί
837 1597 1093 1654 φιλοτησίαι
1122 1601 1192 1641 ἐπὶ
1217 1601 1414 1648 πλείστας
1439 1597 1605 1655 ’ἡμέρας
1632 1600 1719 1640 ἐτε-

279 1668 435 1708 λοῦντο.
489 1661 617 1707 ὅντων
647 1667 686 1705 δ’
705 1666 795 1706 ἐκεῖ
810 1662 879 1705 διά
910 1663 986 1718 τήν
1013 1660 1157 1720 ἑορτὴν
1185 1667 1505 1719 συνειλεγμένων
1531 1667 1612 1707 ταῖν
1640 1664 1718 1719 ἄρ·-

281 1732 458 1786 χιερέων
486 1729 558 1770 καί
583 1729 703 1783 λόγου
743 1731 841 1784 περί
878 1727 1141 1784 πατριάρχου
1169 1732 1247 1771 τοῦ
1273 1729 1462 1773 Ἰωάννου
1501 1730 1717 1785 γεγενημέ-

248 1809 276 1843 c
293 1811 366 1838 νου
386 1828 398 1851 ,
435 1795 475 1838 εἷ
499 1795 586 1851 χρη
613 1795 724 1851 αὐτῷ
764 1793 867 1836 κατὰ
898 1793 972 1849 τὴν
999 1794 1228 1851 ἱερωσύνην
1254 1792 1360 1837 εἶναι
1387 1796 1606 1845 κοινωνοὺς
1633 1813 1718 1838 τοι-

374 1901 406 1945 4.
434 1899 595 1946 συντύχῃ
621 1901 658 1933 Ρ.
753 1901 784 1934 8-
811 1897 906 1933 οὕτω
935 1900 970 1936 Ρ.
1065 1902 1118 1944 24.
1147 1891 1190 1933 τὰ
1208 1899 1290 1935 add.
1318 1901 1351 1934 Ρ.
1378 1906 1462 1935 ante
1486 1894 1563 1944 τὴν.

279 1993 392 2026 muris
429 1992 539 2025 scalas
579 1990 773 2025 confractas
802 1989 1000 2032 deficiunt,
1026 2002 1067 2025 ac
1093 1992 1215 2037 plures
1241 1994 1279 2026 in
1316 2003 1463 2037 paucos,
1496 1990 1712 2039 incolaeque
1753 2019 1756 2023 -

278 2041 317 2072 in
346 2038 498 2072 advenas
532 2039 734 2077 irruentes,
770 2037 815 2070 ad
847 2039 1176 2081 praesentissimum
1209 2051 1268 2073 eos
1299 2039 1490 2072 discrimen
1531 2039 1710 2084 redigunt-¹

276 2085 404 2118 Nihilo
443 2086 559 2118 minus
599 2085 823 2128 imperatorii
849 2084 1053 2117 resistentes
1079 2085 1236 2126 fortiter,
1273 2085 1318 2117 ad
1348 2096 1466 2118 muros
1492 2086 1709 2131 repellendis

277 2131 514 2164 Hierensibus
542 2136 798 2176 pervenerunt:
827 2130 912 2163 inde
938 2142 987 2171 se,
1013 2142 1084 2176 qua
1109 2133 1240 2177 cuique
1264 2143 1338 2164 sors
1366 2131 1509 2176 obtigit,
1534 2144 1608 2166 non
1629 2133 1707 2167 sine
1751 2163 1753 2166 .

276 2177 439 2222 periculo
474 2177 694 2211 deiecerunt.
750 2176 840 2208 Urbs
878 2177 947 2208 hoc
985 2177 1092 2210 modo
1117 2183 1254 2211 servata
1279 2183 1341 2212 est.
1393 2179 1441 2211 Ex
1466 2180 1707 2223 imperatoriis

277 2235 370 2256 unus
410 2224 604 2268 pugnando
638 2223 734 2256 intus
771 2223 960 2255 occubuit:
994 2225 1084 2256 alter
1108 2234 1185 2256 cum
1211 2225 1291 2257 aliis
1317 2225 1511 2266 desiliens,
1545 2225 1705 2259 diffracto

279 2280 380 2303 crure
406 2271 539 2314 periit:
565 2270 697 2314 reliqui
724 2281 844 2301 omnes
872 2269 1069 2303 incolumes
1094 2277 1291 2304 evaserunt.
1332 2272 1528 2316 Imperator
1551 2271 1707 2307 ut·vidit

278 2317 404 2349 urbem
429 2328 544 2361 paene
573 2322 711 2361 captam
738 2327 810 2359 non
836 2317 995 2360 potuisse
1021 2317 1117 2361 capi,
1140 2316 1411 2360 Adrianopoliin
1439 2330 1477 2351 se
1505 2318 1650 2363 recepit.

370 2375 425 2406 92.
475 2364 547 2394 lam
577 2373 659 2398 vero
685 2363 823 2406 placuit
847 2364 957 2401 etiam
980 2363 1234 2406 imperatorum
1262 2375 1358 2398 more
1383 2366 1564 2405 coronari,
1589 2375 1705 2410 quan-

277 2406 472 2452 doquidem
498 2416 534 2442 et
556 2408 757 2453 patriarcha
787 2407 1113 2451 Hierosolymorum
1154 2415 1190 2442 et
1231 2411 1391 2455 episcopi
1420 2410 1618 2456 complures
1644 2422 1704 2445 co-
1743 2444 1746 2446 .

277 2464 350 2486 ram
377 2455 552 2488 adessent.
602 2455 764 2500 Cumque
790 2454 992 2487 mandasset
1015 2456 1231 2496 artificibus,
1268 2462 1307 2489 ut
1335 2468 1522 2497 coronam,
1561 2462 1598 2491 et
1624 2459 1704 2492 aliis

277 2505 319 2532 ut
345 2501 416 2533 alia
439 2501 484 2534 ad
509 2512 587 2533 eam
627 2502 873 2534 celebritatem
908 2503 1218 2547 ceremoniamque
1256 2504 1520 2536 accommodata
1553 2505 1704 2537 confice-

277 2551 375 2586 rent,
410 2549 542 2590 paratis
580 2548 745 2580 omnibus
772 2557 790 2578 a
820 2548 946 2580 Lazaro
981 2548 1182 2592 patriarcha
1211 2549 1558 2594 Hierosolymitauo‚
1582 2562 1702 2584 mense

275 2591 397 2632 Maio,
425 2594 569 2636 qnando
596 2593 822 2626 Constantini
848 2595 966 2637 magni
993 2600 1027 2627 et
1057 2595 1213 2628 Helenae
1240 2599 1361 2630 matris
1397 2599 1494 2637 eius,
1528 2597 1700 2642 apostolis

275 2641 592 2682 comparandorum
624 2641 795 2672 memoria
828 2640 982 2680 colitur,
1024 2652 1144 2674 corora
1179 2642 1353 2676 induitur.
1404 2645 1558 2676 Coronat
1581 2650 1700 2676 autem
1735 2649 1740 2654 “

274 2689 311 2716 et
347 2686 440 2728 ipse,
475 2692 513 2717 nt
538 2697 611 2718 mos
636 2686 806 2726 tenebat,
831 2687 959 2719 irenen
985 2689 1172 2731 coniugem
1198 2700 1295 2721 suam
1312 2715 1321 2730 ‚
1363 2692 1556 2734 omniaque
1581 2689 1700 2723 solitis

274 2730 404 2763 ritibus
438 2742 545 2775 quam
577 2734 729 2765 maxime
755 2733 831 2765 fieri
862 2733 1001 2776 potuit,
1042 2740 1183 2777 peracta
1219 2741 1312 2769 sunt.
1360 2735 1449 2769 Nam
1474 2741 1510 2768 et
1533 2733 1699 2780 argentea

272 2781 383 2823 atque
418 2788 524 2811 aurea
560 2778 772 2812 numismata
808 2778 1085 2824 spargebantur:
1130 2787 1166 2815 et
1207 2783 1369 2819 convivia
1414 2782 1698 2828 poculorumque
