1800 3132
281 164 351 237 78
811 186 1183 230 CANTAGUZENI

85 289 262 340 A.c.1341
280 290 421 343 γμένα.
479 285 543 329 ἔτι
571 288 618 329 δὲ
646 285 840 342 ἐχόμενοι
869 288 985 341 ὁδοῦ,
1018 288 1179 346 κήρυκα
1201 292 1532 347 προπέμψαντες,
1562 291 1736 349 ἐδήλουν

278 354 500 408 γράμμασι
537 355 596 410 τῷ
632 351 797 412 μεγάλῳ
827 356 1077 414 δομεστίκῳ,
1119 359 1254 411 μηδὲν
1292 357 1393 411 περὶ
1419 355 1575 399 ἑαυτοῦ
1605 364 1734 400 κινεῖν

274 420 356 460 τῶν
387 416 690 471 καθεστώτων,
718 421 827 475 μηδὲ
854 421 1049 477 πράττειν
1076 424 1233 477 μηδὲν,
1261 423 1366 477 μήτε
1389 425 1472 464 τῶν
1500 424 1734 466 δοκούντων

273 483 496 539 βελτιόνων
532 480 561 540 ἢ
583 482 815 541 χειρόνων,
843 483 895 529 ἂν
925 486 983 542 μή
1012 490 1178 543 παρῶσι
1206 491 1280 530 καί
1297 489 1444 530 αὐτοί·
1498 489 1663 537 πάντως
1683 490 1732 531 δὲ

276 551 532 605 παρέσονται
565 546 662 592 ὅσον
679 548 862 594 οὖδέπω.
917 554 1076 595 δίκαιον
1106 555 1153 594 δὲ
1180 551 1287 595 εἶναι
1316 555 1542 596 πείθεσθαι
1574 550 1760 613 αὖτοῖς,5

281 615 332 656 ου’
360 614 491 668 μόνον
515 617 562 658 ἐν
588 619 674 667 τοῖς
702 617 883 673 πρώτοις
909 620 991 660 τῶν
1017 620 1152 674 φίλων
1189 621 1472 673 τεταγμένοις,
1514 615 1622 661 ἀλλὰ
1659 620 1735 660 καί

151 685 186 719 P.
202 687 270 722 386
281 684 380 737 παρ’
407 678 562 737 ἑτέρων
589 678 762 737 ἥκουσιν
790 682 957 736 ὁμοίων.
1013 686 1364 739 παραγενομένοις
1395 686 1456 737 δὲ,
1486 683 1515 725 ἃ
1547 680 1599 725 ἂν
1627 686 1734 726 πᾶσι

282 745 416 796 δόξειε
456 749 573 805 κοινῇ
610 752 867 803 λυσιτελεῖν,
916 751 1051 791 ταῦτα
1096 747 1303 805 πράττειν.
1360 751 1452 791 έπεί
1479 750 1525 791 δὲ
1554 750 1736 803 γένοιντο

279 810 405 866 ε’γγύς
449 814 759 867 Διδυμοτείχου
777 846 788 868 ,
832 811 959 856 πάλιν
1004 816 1144 869 ἕτερον
1186 816 1523 871 προπέμψαντες,
1570 814 1646 869 τήν
1689 828 1734 855 τε

279 873 424 934 ἄφιξιν
463 876 642 933 ἐμήνυον
676 880 819 921 αὐτῶν
846 878 919 920 καί
945 881 1248 935 προετρέποντο
1281 881 1432 931 ἐξιέναι
1462 881 1520 928 εἰς
1546 877 1788 933 ὖπάντη-ῐᾶ

277 959 347 987 σιν
393 943 546 986 αὕτῶν.
616 947 675 1002 τῷ
715 946 762 986 δὲ
803 945 976 987 ἐδόκουν
1018 943 1173 1000 ἀνόητα
1203 936 1360 995 ἀξιοῦν.
1417 947 1471 987 ου’
1495 944 1572 1001 γὰρ
1608 939 1738 986 αὖτόν

278 1025 372 1052 τινα
401 1006 625 1064 προσήκειν
640 1009 736 1059 τούς
752 1011 1083 1065 ἐντυγχάνοντας
1099 1014 1221 1069 τιμᾷν
1239 1009 1609 1067 προσαναγκάζειν,
1642 1007 1732 1052 ἀλλ’

277 1076 460 1124 ἐκείνους
487 1073 649 1118 οἴκοθεν
680 1077 822 1127 ἀξίους
850 1077 1065 1134 κρίνοντας
1091 1078 1365 1133 ἐπιψηφίζειν
1382 1076 1458 1132 τήν
1475 1075 1612 1133 τιμήν.
1649 1078 1734 1128 ἒξε-

277 1139 441 1192 τάζοντι
463 1142 510 1183 δὲ
526 1139 627 1197 πρὸς
645 1138 796 1184 ἑαυτὸν
813 1142 885 1185 τὸν
897 1141 1028 1198 λόγον,
1052 1142 1122 1184 διὰ
1143 1141 1216 1199 τήν
1236 1145 1444 1184 δοκοῦσαν
1459 1143 1635 1185 ἀτοπίαν
1653 1159 1735 1185 πα-

283 1206 453 1263 ρίστατο
475 1212 582 1249 νοεῖν
597 1204 697 1264 ὅπερ
716 1202 779 1263 ἦν,
809 1206 866 1257 ὥς
886 1210 937 1250 ου’
954 1211 1160 1266 σφετέρας
1177 1210 1295 1251 ἕνεκα
1312 1209 1448 1251 αὐτῶν
1458 1210 1581 1264 τιμῆς
1594 1205 1791 1264 ἤξίουνῐό

279 1274 477 1326 τοιαῦτα,
519 1272 608 1314 ἀλλ’
635 1273 703 1315 ἴνα
733 1272 1058 1329 ὑπαντήσαντος,
1086 1277 1166 1317 ταῖν
1193 1276 1330 1316 ἳππων
1355 1273 1586 1328 ἀποβάντες
1614 1271 1738 1316 αὐτοὶ

145 1340 187 1375 V.
200 1341 266 1376 313
282 1336 409 1392 τιμήν
425 1337 614 1379 ἀποδῶσι
626 1337 700 1393 τήν
711 1339 921 1394 μεγίστην.
949 1339 972 1380 ὅ
983 1341 1063 1392 μὲν
1079 1335 1153 1381 οὖν
1165 1341 1339 1381 τοιαῦτα
1352 1341 1560 1394 ἐννοήσας,
1578 1337 1736 1393 ἔμεινεν

249 1406 277 1440 Β
290 1401 407 1445 οἴκοι.
436 1408 522 1452 τοῖς
542 1404 580 1444 δ’
608 1404 701 1445 ἐπεὶ
718 1405 792 1445 οὔκ
810 1406 1010 1459 ἐξεγένετο
1031 1403 1109 1460 τὴν
1129 1405 1314 1447 ἐπίνοιαν
1333 1406 1390 1454 εἰς
1410 1405 1528 1461 ἔργον
1550 1407 1734 1460 ἀγαγεῖν,

283 1468 407 1527 δλίγῳ
440 1465 618 1524 ὕστερον
637 1469 783 1525 καιρὸν
813 1472 1135 1527 ἐπιτηρήσαντες
1158 1473 1231 1512 καί
1251 1470 1523 1526 συντυχόντες
1551 1473 1734 1530 ἑφίππῳ,

282 1536 366 1577 τῶν
385 1535 522 1576 ἳππων
540 1535 772 1589 ἀποβάντες
784 1534 1080 1591 προσεκύνουν.
1122 1532 1192 1579 εἶτ’
1212 1537 1326 1594 αὐτῷ’
1341 1536 1442 1578 οἴκοι
1462 1536 1790 1587 συνελθόντεςὶϋ

285 1600 338 1641 ου’
351 1598 457 1641 κατά
481 1597 527 1642 τὸ
549 1599 748 1657 πρότερον
767 1599 863 1650 ἔθος
889 1600 1156 1659 σννεισήεσαν
1173 1601 1347 1657 ἔφιπποι
1363 1599 1439 1656 τήν
1468 1600 1618 1658 αὕλῆν,
1642 1602 1732 1644 ἀλλ’

283 1664 361 1716 ἔξω
377 1667 693 1719 καταλιπόντες,
718 1668 925 1723 παρέθεον
945 1670 1062 1725 πεζῇ.
1090 1667 1110 1709 ὃ
1134 1670 1181 1710 δὲ
1206 1665 1484 1723 ἠγανάκτησεν
1508 1666 1734 1724 ἐφ’ἑκατέ-

285 1748 373 1788 ροις
402 1731 452 1773 οὔ
475 1733 667 1788 μετρίως.
694 1731 829 1775 ἔπειθ’
857 1731 994 1790 ἑαυτῷ
1010 1732 1382 1791 περιστησάμενος,
1412 1731 1632 1790 κατηγόρει
1657 1734 1734 1790 τήν

379 1823 411 1845 2.
435 1803 537 1855 παρά
566 1811 727 1847 fortasse.
799 1812 834 1847 5.
859 1810 1002 1846 δίκαιοι
1027 1813 1060 1847 P.
1153 1815 1205 1849 ¹8-
1234 1811 1345 1857 ἄγειν
1369 1813 1405 1845 Ρ.
1496 1825 1552 1849 21·
1579 1819 1732 1848 συνεισ-

378 1865 484 1892 ιεσαν
497 1858 529 1891 P.
557 1863 594 1891 et
626 1858 675 1892 M.

287 1916 416 1949 sticum
441 1916 659 1957 mittuntur,
683 1921 724 1949 ut
747 1916 792 1949 ei'
808 1917 1045 1950 communiter
1070 1915 1213 1949 decreta
1238 1916 1431 1956 nuntient,
1465 1921 1502 1950 et
1530 1928 1574 1950 ex
1599 1918 1731 1952 itinere

285 1973 503 2008 praeconem
539 1973 620 1996 cum
655 1963 787 1997 litteris
825 1965 1063 2008 praemittunt
1088 1964 1196 2008 eique
1232 1962 1456 2004 significant,
1490 1975 1536 1996 ne
1571 1964 1662 2008 quid
1685 1964 1731 1998 de

287 2010 377 2054 ipsis
403 2009 685 2043 constitutorum
714 2015 868 2051 moveat,
893 2021 960 2043 nec
978 2010 1064 2053 ipsis
1087 2008 1298 2042 absentibus
1324 2009 1536 2055 quidquam,
1557 2012 1631 2043 sive
1652 2022 1731 2044 me-

288 2056 360 2089 lius
395 2056 468 2089 sive
511 2055 671 2090 deterius
706 2059 843 2098 visum,
891 2056 1065 2100 occipiat:
1102 2066 1186 2088 mox
1209 2059 1329 2088 autem
1360 2061 1396 2088 et
1424 2058 1572 2089 omnino
1600 2061 1734 2091 affutu-

288 2113 358 2136 ros.
407 2103 571 2147 Aequum
597 2113 704 2147 porro
730 2114 825 2142 esse,
851 2114 890 2137 se
915 2102 1055 2135 audiri:
1081 2113 1155 2135 non
1181 2103 1298 2135 solum
1332 2106 1373 2134 ut
1396 2113 1440 2135 ex
1466 2104 1590 2137 amicis
1625 2111 1732 2149 prae-⁴

290 2149 430 2194 cipuis‚
471 2148 535 2181 sed
569 2150 678 2182 etiam
716 2151 893 2183 sociorum
925 2150 1034 2182 missu
1072 2149 1271 2186 venientes,
1327 2148 1396 2181 Ubi
1432 2150 1622 2191 affuerint,
1653 2152 1732 2184 tum'

292 2201 386 2241 quae
412 2195 520 2229 simul
545 2206 667 2229 omnes
692 2198 892 2236 senserint,
918 2206 959 2228 ea
990 2195 1225 2240 aggrediatur.
1277 2194 1571 2238 Didymotichum
1597 2208 1733 2241 appro-

293 2244 541 2289 pinquantes,
565 2253 704 2276 rursum
729 2244 839 2276 alium
867 2243 1160 2287 praemittentes,
1188 2241 1380 2274 adventum
1416 2254 1518 2275 suum
1554 2243 1732 2284 indicant,

289 2289 577 2334 hortanturque,
601 2293 642 2322 ut
665 2289 808 2323 obviam
834 2290 922 2334 ipsis
945 2290 1106 2335 prodeat.
1155 2290 1241 2324 Visa
1270 2289 1378 2321 stulta
1410 2289 1623 2332 postulatio:
1657 2296 1732 2325 non'

292 2338 391 2368 enim
423 2335 476 2368 fas
502 2346 604 2375 esse,
630 2346 650 2368 a
675 2347 859 2382 quoquam
883 2347 920 2369 se
947 2336 1140 2381 compelli,
1173 2340 1213 2367 ut
1246 2335 1420 2368 adeuntes
1460 2336 1632 2371 honoret:
1667 2337 1732 2371 sed

294 2383 340 2414 iis
368 2388 498 2426 sponte
522 2382 694 2416 honorem
719 2382 922 2423 decernere,
958 2383 987 2415 si
1019 2383 1154 2416 honore
1191 2382 1316 2425 dignos
1356 2383 1611 2421 aestimaverit,
1658 2384 1732 2416 Ex—

291 2429 470 2473 pendenti
494 2435 618 2462 autem
642 2440 762 2463 secum
786 2429 918 2469 verba,
945 2432 1114 2474 quoniam
1141 2428 1294 2462 absurda
1320 2429 1569 2473 apparebant,
1601 2429 1732 2463 incidit

231 2498 235 2502 -
291 2475 333 2508 id
370 2475 469 2521 quod
510 2480 610 2515 erat,
643 2487 716 2510 non
751 2477 910 2521 ipsorum
942 2476 1089 2509 honoris
1128 2475 1239 2519 gratia
1276 2476 1367 2509 istuc
1402 2475 1495 2519 peti:
1534 2486 1655 2509 verum
1691 2481 1734 2510 ut

291 2521 363 2556 sibi
403 2528 648 2556 occurrentem
682 2523 726 2556 de
751 2525 853 2569 equis
891 2523 1148 2556 descendentes
1184 2531 1322 2554 summe
1356 2527 1620 2556 venerarentur.
1668 2523 1734 2557 Hic

299 2579 420 2602 secum
445 2569 632 2613 cogitatis,
670 2570 768 2604 domi
785 2571 933 2604 mansit.
981 2570 1040 2602 1111
1065 2580 1142 2602 cum
1175 2569 1324 2613 exsequi
1352 2568 1524 2602 meditata
1549 2580 1622 2602 non
1645 2579 1732 2613 pos-

297 2621 396 2655 sent,
432 2617 540 2659 panio
577 2622 657 2661 post
692 2622 833 2662 captato
868 2622 1054 2661 tempore,
1090 2617 1269 2661 equitanti
1308 2621 1498 2649 occurrunt
1525 2625 1565 2648 ac
1587 2616 1632 2649 de
1657 2615 1734 2648 suis·

299 2663 473 2695 iumentis
499 2662 718 2705 defluentes,
745 2676 826 2697 eum
855 2663 1080 2697 adorabundi
1105 2663 1272 2696 salutant.
1329 2661 1470 2695 Deinde
1500 2661 1643 2697 domum
1669 2673 1728 2695 co·-

299 2709 489 2748 mstantes,
527 2720 601 2742 non
635 2711 787 2754 pristino
827 2722 925 2745 more
957 2709 1230 2755 adequitnnies‚
1270 2709 1333 2741 sed
1359 2710 1444 2742 foris
1472 2719 1582 2754 equos
1618 2708 1731 2741 relin-

303 2761 455 2799 quentes
494 2761 530 2788 ct
567 2758 666 2790 iuxta
701 2758 855 2802 pedibus
892 2757 1143 2798 ambulantes,
1180 2756 1298 2788 aulam
1333 2756 1440 2788 simul
1464 2756 1611 2801 ingressi
1636 2759 1731 2797 suut.

301 2802 368 2836 lile
401 2807 592 2848 utrumque
627 2806 842 2849 permoleste
874 2806 972 2839 tulit.
1032 2803 1112 2837 Post
1150 2804 1187 2836 in
1213 2802 1336 2838 orbem
1368 2814 1405 2838 se
1433 2803 1737 2837 circumsistentes
