1820 3138
508 187 885 235 msTomARUM
926 191 997 231 111.
1024 192 1095 237 67.
1434 165 1472 233 4
1485 185 1502 220 ι
1522 183 1540 220 1

118 293 280 343 εὔνοιἀς
306 288 460 341 πολλὰς
488 289 690 343 ὦμολόγει
716 286 895 344 χάριτας
914 305 926 317 ·
969 282 1244 340 συνεβούλευε
1276 285 1338 338 δὲ,
1363 282 1458 326 ἐπεὶ
1486 278 1544 336 μὴ
1560 294 1640 330 Ac.
1658 293 1745 339 1343

118 360 277 401 πειθειν
316 353 450 400 οἷόστε
501 357 682 409 ἐγένετο,
740 354 964 409 πρεσβείαν
992 351 1096 406 πρὸς
1134 348 1334 405 βασιλίδα
1372 350 1583 402 πέμπεινΒ

117 425 177 473 εἰς
204 420 436 475 Βυζάντιον
471 420 543 463 καί
572 419 742 474 ὁμοίους
775 426 860 468 τοῖς
890 421 1106 473 προτέροις
1138 418 1236 472 περὶ
1272 417 1345 471 τῆς
1385 411 1553 470 εἰρήνης

118 491 331 531 ποιεῖσθαι
373 486 521 541 λόγους
548 485 620 529 καί
656 484 733 541 τήν
776 485 976 538 ἅβουλιαν
1020 482 1238 534 ὀνειδίζειν
1279 482 1448 533 αὐτοῖς,
1490 476 1554 521 ὅτι

95 551 192 598 ὄδιοὶ
221 551 369 608 ταύτην
395 554 447 609 τῇ
473 552 692 605 Ῥωμαίων
721 550 920 608 ἡγεμονίᾳ
958 551 1112 603 πολλῆς
1150 547 1274 590 αἴτιοι
1320 547 1555 600 γεγένηνται

120 620 314 676 φθορᾶς,
360 618 434 659 καί
471 615 532 659 ἔτι
574 618 786 670 πλείονος,
828 611 880 657 ἂν
906 614 965 670 μή
995 615 1249 666 πείθωνται,
1298 611 1555 667 γενήσονται.

118 688 336 740 παραινεῖν
366 699 412 726 τε
440 677 567 733 αὖθις
594 681 666 724 τὸν
694 681 871 734 πόλεμον
899 678 1144 730 καταλύειν,
1189 680 1260 719 καί
1284 678 1343 732 μὴ
1379 674 1450 718 διὰ
1482 691 1555 732 φι-

117 749 323 792 λονεικίαν
353 748 535 803 ἔχουσαν
557 744 681 790 οὐδὲν
707 746 821 802 ὑγιὲς
857 748 1053 802 περιορᾷν
1095 744 1302 800 ὁσημέραι
1328 741 1427 791 τούς
1456 739 1554 795 ὃμο-

119 813 281 872 φύλους
308 815 785 870 ἐξανδραποδιζομένους
811 812 885 854 καί
908 813 1190 864 κτεινομένους
1217 811 1290 852 καί
1315 807 1369 851 τὰ
1398 807 1555 862 ἔσχατα

70 881 409 934 ιοῦηομένοντας.
446 881 591 922 ἐκεῖνοι
623 881 670 921 δὲ
701 881 791 936 (καί
823 878 900 934 γὰρ
940 874 1090 920 οὐδένα
1120 870 1266 928 αὖθις,
1316 871 1558 930 ὥσπερκαί

117 945 336 1001 πρότερον,
354 944 598 1000 ποιήσονται
623 946 697 1000 τῆς
728 943 894 1000 εἰρήνης
922 941 1042 998 λόγον
1056 945 1087 999 ,)
1118 941 1188 984 ἐπὶ
1213 939 1259 982 τὸ
1290 942 1452 981 πείθειν
1479 939 1595 980 aii-C

115 1010 185 1053 τὸν
211 1009 363 1053 αὐτίκα
393 1011 621 1067 τρέψονται
662 1010 928 1066 α’φίστασθαι
969 1009 1154 1058 ἐκείνου,
1199 1007 1271 1048 καί
1317 1008 1558 1059 πέμψαντες

118 1073 352 1133 ἀξιόχρεών
395 1093 514 1131 τινα,
556 1074 604 1118 ὃν
642 1076 853 1130 οἰήσονται
893 1076 1018 1117 τοῦτο
1060 1072 1392 1127 κατεργάσεσθαι
1430 1070 1557 1125 δυνή-

116 1145 294 1196 σεσθαι,
333 1143 582 1198 παρέξονται
618 1141 692 1183 καί
723 1139 927 1196 χρήματα
964 1138 1095 1181 πολλὰ
1134 1140 1206 1193 τῆς
1249 1136 1557 1191 ἀναχωρήσεως

69 1207 272 1261 ι5μισθὸν
297 1209 370 1249 καί
391 1209 508 1261 ναῦς,
530 1204 598 1257 αἷς
622 1204 826 1264 χρήσεται
853 1206 959 1261 πρὸς
984 1205 1059 1260 τὴν
1087 1202 1294 1258 διάβασιν.
1339 1202 1410 1244 καί
1435 1205 1485 1259 τῇ
1512 1217 1558 1244 τε

115 1274 293 1331 στρατιᾷ
323 1271 370 1315 τὸ
406 1271 746 1326 σπουδαζόμενον
773 1271 893 1314 ἔσται
931 1270 1119 1326 ἦνυκώς,
1166 1268 1238 1310 καί
1262 1267 1312 1311 τοὶ
1350 1268 1554 1324 χρήματα

115 1337 256 1392 λαβών
285 1340 510 1391 α’μείψεται
528 1337 623 1387 τούς
647 1339 880 1392 προθύμως
906 1336 1362 1391 συστρατευσαμένους.
1392 1333 1440 1374 οὗ
1468 1331 1552 1387 γάρ

117 1406 279 1446 δίκαιον
307 1402 458 1456 ὁμοίως
499 1405 629 1446 πᾶσιν
663 1404 907 1459 ὀργίζεσθαι
936 1404 1008 1444 καί
1033 1402 1150 1450 δίκας
1177 1402 1367 1441 α’παιτεΐν
1384 1431 1396 1452 ,
1445 1396 1552 1440 α’λλιὶ
1563 1404 1683 1451 v.465

116 1467 216 1516 τούς
244 1469 323 1520 μὲν
353 1468 513 1516 αἰτίους
545 1470 619 1521 τῆς
662 1468 897 1516 αὕθαδειας
939 1469 1090 1522 μέτρια
1129 1463 1344 1517 κολάζειν,
1383 1464 1452 1506 ἵνα
1495 1461 1555 1518 μή

63 1531 381 1587 αοπαράδειγμα
413 1539 498 1580 τοῖς
524 1529 664 1581 ἄλλοις
689 1534 882 1585 γίνωνται
912 1532 1239 1584 ἀναισχυντίας,
1268 1529 1369 1577 τους
1397 1531 1444 1570 δὲ
1471 1533 1557 1570 λοι-

115 1596 221 1646 πούς
251 1597 377 1648 ἀξίως
404 1596 659 1650 (inefficaciae
696 1599 780 1638 τῶν
820 1596 980 1648 πόνων,
1026 1596 1094 1636 ἵνα
1120 1597 1170 1651 τῇ
1195 1611 1239 1636 τε
1268 1593 1435 1635 κολάσει
1475 1597 1558 1636 τῶν

114 1660 365 1717 ἀγνωμόνων
404 1663 592 1719 ἐκφοβῇ,
636 1664 708 1704 καί
748 1664 799 1717 τῇ
832 1664 930 1716 περὶ
957 1659 1031 1709 τὰς
1058 1661 1296 1715 εὐεργεσίας
1338 1660 1556 1717 φιλοτιμίᾳ

113 1727 221 1785 πρὸς
248 1724 413 1770 εἷῖνοιαν
441 1730 678 1783 ἐφέλκηται.
733 1725 754 1769 ὃ
780 1728 858 1779 μὲν
887 1722 964 1768 οὖν
988 1727 1177 1768 ἐπείθετο
1206 1723 1356 1766 αὐτίκα
1384 1724 1457 1766 καί
1482 1728 1594 1779 τῆςῑ)

115 1796 398 1850 παραινέσεως
425 1792 736 1850 εὐχαριστήσας
771 1794 972 1846 βασιλέα,
1009 1791 1234 1848 πρεσβείαν
1264 1788 1420 1843 ἔπεμπε
1447 1788 1555 1846 πρὸς

207 1879 238 1913 5.
267 1879 424 1916 πολλοῖς
446 1879 482 1913 Ρ.

113 1958 372 1999 inflammatos,
400 1962 441 1991 ut
463 1957 626 1991 cohiberi
653 1967 727 1990 non
756 1961 923 2002 possent,
956 1955 1105 1989 Amurio
1132 1953 1176 1988 de
1203 1957 1275 1987 tam
1299 1953 1442 1998 prolixa
1468 1963 1551 1997 erga

114 2017 153 2038 se
175 2006 359 2039 voluntate
384 2006 513 2051 gratias
538 2004 612 2049 agit
638 2003 877 2048 amplissimas
904 2003 1103 2046 suasitque,
1128 2006 1182 2042 ut,
1196 2001 1368 2046 quoniam
1391 2000 1551 2034 militem

112 2063 216 2085 nuum
239 2052 382 2086 flectere
406 2051 630 2097 nequivisset
646 2076 656 2091 ,
681 2055 841 2084 oratores
866 2050 1077 2092 Byzantium
1102 2047 1148 2080 ad
1172 2047 1437 2092 imperatricem
1462 2048 1551 2080 mit-

113 2102 218 2139 teret,
239 2099 303 2143 qui
337 2098 516 2138 similiter,
536 2103 578 2132 ut
599 2096 766 2138 antehac,
785 2096 831 2130 de
864 2105 953 2140 pace
980 2094 1198 2128 dissererent
1225 2093 1374 2137 illisque
1399 2093 1551 2126 demen-

112 2145 202 2177 tiam
233 2143 517 2188 exprobrarent,
545 2154 610 2188 per
635 2155 740 2190 quam
767 2144 924 2176 Romano
948 2140 1171 2186 principatui
1197 2140 1349 2172 exitium
1381 2150 1561 2184 magnum·

114 2190 322 2224 invexerint
344 2201 386 2224 ac
408 2191 479 2224 nisi
505 2191 545 2223 in
567 2191 663 2223 viam
683 2188 853 2229 redeant,
877 2189 994 2221 maius
1019 2185 1196 2220 invecturi
1232 2186 1315 2220 sint.
1376 2185 1552 2219 Hortare-

115 2241 175 2270 tur
209 2242 331 2270 autem
373 2247 512 2277 rursus,
555 2234 693 2269 benum
728 2238 877 2269 missum
908 2234 1090 2273 facerent,
1124 2243 1195 2266 neu
1232 2232 1279 2265 ob
1314 2232 1549 2277 insipientem

114 2282 221 2316 istam
259 2283 528 2316 contentionem
573 2281 740 2328 quotidie
781 2292 867 2314 suae
902 2281 1017 2324 gentis
1058 2279 1227 2313 mortales
1260 2278 1300 2310 in
1337 2278 1548 2312 servitutem

115 2329 257 2374 abripi,
289 2329 462 2362 trucidari
493 2334 531 2362 et
565 2328 612 2361 ad
651 2339 837 2362 aerumnas
872 2327 987 2371 redigi
1022 2327 1192 2358 sinerent.
1251 2325 1338 2358 Illos
1372 2335 1482 2366 vero,
1509 2329 1552 2365 ut

115 2376 230 2416 alias,
254 2375 395 2408 nullum
432 2374 476 2409 de
498 2385 587 2419 pace
617 2375 766 2409 verbum
798 2374 1007 2412 locuturos,
1039 2372 1102 2405 sed
1126 2370 1344 2415 persuadere
1368 2372 1551 2412 enixuros‚

115 2423 170 2456 uti
204 2423 470 2467 quamprimum
500 2433 521 2455 a
550 2422 802 2456 Cantacuzeno
839 2431 877 2452 se
914 2420 1114 2464 disiungat,
1151 2422 1189 2451 et
1228 2418 1336 2451 misso
1377 2420 1552 2465 quopiam

114 2468 202 2503 huic
228 2467 368 2502 muneri
391 2467 543 2508 idoneo,
571 2478 734 2511 magnam
757 2467 934 2512 pecuniae
957 2467 1042 2506 vim,
1068 2464 1242 2497 discessus
1271 2464 1486 2504 mercedem,
1509 2476 1552 2498 ac

115 2520 303 2561 praeterea
326 2514 473 2548 classem
497 2514 802 2558 suppeditaturus.
849 2514 908 2546 Sic
932 2517 969 2545 et
993 2511 1090 2557 quod
1117 2511 1293 2544 exereitus
1319 2521 1431 2555 usque
1456 2511 1549 2544 adeo

118 2561 379 2601 contenderet,
415 2560 613 2605 perfectum
639 2561 736 2600 fore,
762 2566 799 2594 et
820 2561 923 2592 ilium
950 2563 1094 2601 accepta
1118 2557 1274 2601 pecunia
1297 2556 1456 2590 libenter
1482 2556 1549 2590 sub

119 2619 158 2642 se
194 2608 392 2642 militantes
423 2607 643 2640 remunerari
675 2617 791 2650 posse.
848 2605 928 2638 Non
961 2604 1058 2637 enim
1095 2613 1262 2648 aequum,
1289 2603 1394 2636 irasci
1418 2604 1553 2648 pariter

121 2655 312 2695 omnibus,
346 2652 409 2687 sed
440 2652 631 2697 superbiae
663 2658 700 2687 et
732 2652 979 2685 contumaciae
1003 2651 1207 2683 incentores
1231 2649 1371 2683 modice
1395 2651 1552 2694 punien-

122 2699 185 2733 dos
201 2726 211 2741 ‚
235 2711 281 2734 ne
309 2700 400 2732 alios
427 2698 688 2743 impudentiam
714 2699 878 2743 exemplo
903 2708 968 2730 suo
993 2696 1167 2739 doceant;
1198 2696 1346 2741 reliquis
1382 2697 1552 2729 conveni-

121 2752 225 2780 enter
258 2746 423 2780 laborum
453 2745 592 2779 meritis
616 2747 776 2790 praemia
804 2742 1060 2788 persolvenda,
1093 2747 1134 2776 ut
1157 2748 1194 2776 et
1217 2743 1393 2788 supplicio
1416 2743 1552 2786 impro-

121 2792 251 2830 borum
299 2797 452 2832 terreat,
498 2797 535 2826 et
585 2791 846 2828 beneficentiae
895 2789 1017 2825 studio
1054 2788 1144 2824 alios
1180 2790 1226 2824 ad
1258 2799 1295 2824 se
1328 2788 1552 2834 diligendum
