1754 3146
207 148 244 213 4
768 165 1042 209 PERlocHA

207 267 356 300 mestico
371 265 574 313 honorifice
594 266 723 301 habiti.
770 269 988 314 Apocaucho
1004 270 1262 304 Sennacherim
1277 270 1507 316 subrogatur.
1557 274 1651 308 Con-

207 313 363 357 spiratio
390 321 425 345 et
458 313 596 357 legatio
633 314 903 359 praefectorum
941 314 1143 349 occidentis
1174 317 1258 360 (ιι).
1311 318 1435 351 Crales
1474 318 1651 353 Macedo-

208 359 294 391 niae
320 358 485 400 insestus.
534 360 692 404 Magnus
719 359 936 394 domesticus
959 362 1292 406 Peloponnesiacae
1327 363 1556 408 expeditioni
1581 377 1651 399 an-

208 403 485 444 tevertendum,
519 403 672 450 ideoque
697 407 913 449 Byzantium
939 407 1196 440 revertendum
1221 417 1351 446 censet,
1400 411 1599 455 Excipitur
1625 423 1650 445 a

206 450 450 493 Byzantinis:
478 450 744 495 imperatricem
768 453 869 486 luctu
895 460 928 486 et
952 453 1075 486 morbo
1096 453 1272 496 afflictam
1291 455 1506 489 consolatur
1522 470 1534 488 .·
1557 455 1653 503 quid

207 497 346 541 egerit,
374 495 468 541 quid
490 504 640 530 acturus
665 499 711 530 sit
735 500 886 543 exponit
911 499 996 542 (12).
1045 498 1104 531 Ad
1123 499 1303 542 palatium
1328 502 1468 535 nobiles
1491 511 1526 536 et
1548 503 1649 536 miti-

208 550 262 575 tes
289 542 443 575 clamose
468 554 545 576 cum
571 545 787 587 patriarcha
816 543 859 577 de
883 543 1020 578 honore
1054 543 1243 578 domestici
1277 547 1485 591 iurgantur.
1533 549 1650 593 Impe-

209 589 331 621 ratrix
342 587 591 632 iurgantibus,
606 590 747 634 triplici
758 602 882 623 eorum
893 598 1042 636 peccato
1053 589 1316 632 demonstrato,
1334 595 1476 626 veniam
1488 591 1553 626 dat
1565 595 1651 639 (ιδ).

212 634 266 667 De
291 645 411 678 poena
425 635 637 679 Apocauclzi
662 648 741 669 cum
766 636 960 669 domestico
987 635 1192 670 deliberat:
1215 638 1295 670 eius
1318 639 1464 672 natales
1488 647 1522 673 et
1534 648 1652 673 status

208 679 408 724 pristinus?
451 679 637 722 Quomodo
660 682 754 715 idem
780 681 1025 727 Apocauchus
1049 682 1208 721 Xenam,
1231 684 1465 727 Imperatoris
1487 693 1653 727 matrem,

210 723 393 758 adversus
431 725 662 760 domesticum
697 729 910 762 concitarit.
966 729 1154 761 Invitatus
1182 727 1398 764 domesticus
1422 730 1474 763 ad
1495 742 1653 764 commu-

212 772 362 804 nionem
385 783 574 818 purpurae
600 781 635 806 et
659 775 805 819 imperii
832 781 978 807 recusat
1009 774 1098 816 (14).
1146 775 1248 807 Metu
1276 777 1366 809 mali
1394 777 1656 812 obtrectatores

211 816 400 850 domestici
424 819 464 850 in
488 820 566 852 eius
589 830 624 852 se
649 821 809 864 gratiam
835 822 1027 853 restituere
1056 818 1268 854 desiderant
1294 831 1329 855 et
1352 824 1527 868 imprimis
1551 823 1653 868 Apo-

213 862 397 902 cauchas,
424 864 485 897 cui
508 866 668 909 supplici
692 878 770 899 cum
794 867 894 898 seria
911 865 1161 899 admonitione
1179 865 1392 909 ignoscitur.
1446 871 1522 910 Quo
1539 877 1651 913 pacto

212 909 277 943 ille
309 906 402 941 idem
426 919 576 955 propter
598 913 868 957 praefecturam
889 911 976 957 fisci
1003 923 1079 944 non
1103 912 1285 945 obtentam
1310 915 1592 960 turbas-fecerit
1616 922 1653 949 et

213 956 255 987 in
279 952 507 989 domesticum
529 966 721 1001 praesente
751 958 986 1002 imperatrice
1015 958 1179 991 invectus
1202 960 1248 991 sit
1270 960 1358 1004 (15).
1406 961 1500 994 Eum
1528 969 1562 993 et
1586 961 1654 993 im-

210 1002 428 1045 peratricem
451 1004 597 1046 placat,
623 1004 795 1047 Epibatis
821 1001 948 1048 egredi
972 1015 1047 1035 non
1064 1003 1183 1036 audet.
1233 1005 1433 1039 Domestici
1446 1005 1497 1039 ad
1512 1007 1654 1050 Byzan-

212 1045 351 1080 tios-de
372 1058 462 1092 pace
491 1047 709 1083 cohortatio.
756 1049 890 1083 Filiam
927 1049 1146 1094 Imperatori
1177 1049 1399 1094 despondere
1429 1051 1468 1085 di
1497 1061 1560 1085 ert.
1607 1052 1654 1085 In

212 1094 347 1127 itinere
373 1104 409 1125 se
436 1094 674 1137 Apocauchus
698 1095 733 1128 ei
753 1096 931 1140 permittit
946 1109 956 1128 .·
993 1107 1070 1129 cum
1094 1104 1210 1130 matre
1234 1095 1423 1131 domestici
1441 1099 1654 1139 collocutus,

212 1147 254 1172 ut
278 1150 314 1171 se
339 1140 455 1184 magis
479 1151 534 1179 re,
560 1152 668 1186 quam
688 1138 826 1181 verbis,
853 1141 1068 1175 benevolum
1090 1151 1276 1185 praestet,
1317 1143 1533 1177 admonetur
1564 1145 1652 1187 (16).

213 1185 380 1218 Animum
403 1186 643 1230 patriarchae
665 1187 786 1227 subit,
816 1186 1167 1232 domesticumfizlso
1190 1198 1361 1228 accusat,
1388 1191 1654 1234 imperatricem

163 1241 167 1244 ’
215 1229 393 1264 adversus
418 1230 650 1266 domesticum
677 1232 903 1267 irritandam
929 1232 1060 1266 suadet
1083 1242 1118 1267 et
1130 1236 1309 1268 rationem
1326 1239 1510 1281 proponit.
1542 1234 1655 1270 'Asa-

214 1289 277 1311 nes
306 1288 374 1321 pro
403 1277 503 1323 filiis
535 1280 746 1312 sexennium
781 1291 930 1313 carcere
963 1279 1120 1313 detentis
1150 1289 1259 1325 rogat
1285 1281 1371 1326 (¹7)·
1433 1283 1657 1315 Domesticus

214 1334 361 1368 operam
381 1324 589 1367 pollicetur.
638 1325 808 1358 Socerum
835 1334 966 1359 contra
989 1338 1160 1371 generum
1187 1327 1426 1372 Apocaucbus
1451 1328 1658 1372 inflammat

213 1370 299 1413 (¹9)·
352 1370 547 1403 Coniurati
584 1371 775 1414 sigillatim
807 1370 909 1417 apud
939 1373 1204 1416 imperatricem
1228 1373 1416 1407 domestici
1440 1386 1570 1407 nomen
1594 1373 1658 1407 de-

204 1415 350 1460 ferunt.
399 1416 545 1461 Singuli
568 1417 804 1452 reiiciuntur.
851 1418 1035 1451 Postremo
1065 1430 1107 1451 eo
1133 1418 1319 1464 adigitur.
1361 1429 1399 1452 ut
1423 1419 1562 1453 iudicio
1590 1430 1658 1452 ar·-

214 1459 421 1495 cessendum
442 1470 567 1506 putet,
600 1474 705 1506 quem
729 1463 949 1507 patriarcha
975 1463 1117 1497 indicta
1142 1477 1254 1499 causa
1283 1465 1530 1498 damnandum
1554 1465 1659 1499 arbi-

215 1507 387 1541 trabatur
411 1508 500 1551 (20).
548 1506 650 1541 Idem
677 1510 945 1554 imperatricem
967 1511 1129 1555 periculi
1149 1513 1338 1555 gravitate
1363 1510 1522 1545 deterret
1542 1510 1659 1545 velze-

215 1561 424 1596 menterque
460 1556 700 1598 suspicionem
726 1564 843 1599 auget.
893 1558 1034 1589 Asanes
1060 1560 1333 1591 accusationem
1359 1556 1547 1591 concludit
1566 1557 1655 1602 (αι).

215 1599 326 1633 Dolet
367 1607 401 1630 et
434 1601 586 1644 angitur
623 1602 840 1646 imperatrix
875 1611 984 1645 atque
1021 1604 1063 1635 in
1095 1605 1314 1636 sententiam
1348 1604 1656 1637 calumniatorum

213 1642 471 1690 propendens,
510 1647 558 1678 iis
592 1658 627 1680 se
662 1658 739 1680 cum
764 1648 890 1681 liberis
907 1648 1011 1692 flens
1034 1648 1270 1682 commendat.
1318 1651 1440 1684 Mater
1467 1648 1658 1682 domestici

219 1702 297 1724 cum
313 1690 403 1735 filio
429 1692 578 1724 minimo
610 1701 701 1726 natu
727 1701 761 1726 et
786 1705 897 1727 uxore
923 1695 1077 1728 alterius
1098 1695 1175 1739 filii
1197 1694 1295 1728 domi
1315 1697 1419 1730 velut
1445 1696 1485 1728 in
1509 1704 1657 1729 carcere

219 1735 417 1771 clauditur.
466 1738 705 1782 Apocauchus
729 1739 831 1772 urbis
853 1740 1062 1786 praejectus
1090 1750 1248 1780 creatus,
1272 1741 1411 1784 frustra
1436 1742 1583 1774 militem
1607 1738 1660 1774 ad

224 1781 458 1826 diripiendas
476 1793 510 1815 et
525 1783 744 1818 evertendas
760 1783 949 1819 domestici
977 1785 1084 1819 aedes
1101 1789 1236 1829 mittit,·
1259 1788 1363 1821 cuius
1375 1788 1500 1826 amici,
1516 1788 1582 1832 qui
1591 1799 1658 1831 pe-

224 1829 338 1862 riculi
360 1828 512 1861 vitandi
536 1842 580 1863 esc
605 1830 691 1863 urbe
706 1831 912 1875 fugerant,
939 1833 1167 1876 imperatrici
1187 1845 1222 1866 se
1250 1842 1446 1873 excusant,
1479 1831 1660 1866 redeundi

216 1874 367 1908 veniam
382 1882 503 1907 orant.
555 1876 716 1909 Gabalas
732 1879 1026 1921 praevaricatur
1045 1879 1128 1921 (22).
1181 1879 1252 1919 Qui
1263 1881 1442 1921 Byzantio
1457 1879 1658 1924 fugerant,

221 1919 473 1962 Didymotichi
496 1932 591 1963 quae
614 1931 700 1955 acta
725 1924 800 1956 sint
827 1932 996 1957 narrant.
1046 1924 1192 1968 Legatis
1214 1926 1332 1957 missis
1357 1924 1535 1959 iudicium
1560 1923 1603 1957 de
1621 1935 1660 1958 se

225 1966 442 1999 domesticus
468 1968 651 2010 postulat.-
678 1980 701 2000 a
721 1971 899 2002 ministris
914 1971 1126 2014 Apocauclti
1149 1972 1241 2004 male
1267 1973 1505 2016 accipiuntur
1561 1968 1660 2004 Idem

223 2011 440 2046 domesticus
466 2012 579 2046 hostis
604 2012 821 2048 declaratur
845 2015 931 2059 (23).
980 2016 1051 2049 Per
1065 2017 1211 2049 litteras
1227 2018 1475 2062 Imperatr-icis
1490 2017 1661 2050 vicaria-

225 2066 265 2092 tu
287 2058 433 2091 iubetur
461 2059 576 2092 abire.
627 2059 726 2100 Quid
749 2060 928 2104 agendum
953 2061 1015 2101 sit,
1043 2062 1220 2096 militibus
1233 2063 1363 2097 bellum
1376 2062 1660 2108 flagitantibus,

226 2105 429 2149 quaeritur.
492 2105 619 2138 Oratio
659 2106 892 2149 longiuscula
922 2106 1130 2147 domestici,
1167 2120 1242 2154 qua
1277 2111 1414 2143 crimen
1454 2105 1663 2153 occupandi

226 2151 335 2195 regni
355 2149 501 2192 refellit.
550 2149 608 2182 Ad
621 2150 886 2193 imperatricem
908 2154 1114 2198 profectus,
1139 2155 1217 2188 eius
1238 2166 1275 2188 se
1294 2155 1496 2188 arbitratui
1507 2153 1662 2198 permit-

227 2203 303 2229 tere
334 2198 473 2240 cogitat
507 2195 593 2240 (24).
651 2197 822 2231 Proceres
854 2201 989 2233 rectius
1021 2200 1127 2234 rebus
1155 2202 1402 2234 consulturum
1427 2208 1594 2238 censent,
1626 2199 1662 2232 si

227 2253 427 2286 purpuram
447 2240 590 2275 induat.
619 2243 669 2276 Iis
684 2245 869 2284 renitens,
897 2245 1044 2279 tandem
1061 2248 1119 2280 rei
1136 2248 1308 2291 publicae
1328 2258 1440 2280 causa
1457 2257 1579 2279 eorum
1593 2256 1662 2278 vo·

229 2288 369 2320 luntati
388 2287 599 2333 obsequitur
617 2291 690 2331 (25.
702 2290 771 2332 26).
805 2289 1055 2332 Didymoticlti
1066 2293 1190 2337 palam
1203 2294 1302 2336 capit
1319 2301 1488 2326 ornatum
1506 2293 1663 2335 impera-

230 2334 366 2365 torium
381 2345 457 2366 cum
469 2334 615 2378 fitustis
627 2336 965 2370 acclamationibus.
1017 2337 1202 2381 Quaedam
1221 2338 1431 2381 futurorum
1451 2339 1662 2382 praesagia.

229 2379 409 2424 Episcopi
440 2379 769 2424 Didymotichensis
803 2383 921 2415 visum
954 2393 988 2418 et
1019 2386 1097 2418 eius
1121 2386 1200 2418 viri
1221 2385 1303 2418 laus
1327 2385 1412 2428 (27).
1461 2386 1662 2429 Imperator

230 2436 359 2458 rursus
393 2425 437 2457 ab
475 2438 510 2458 se
539 2427 777 2471 suspicionem
801 2429 1013 2471 tyrannidis
1045 2438 1235 2472 removet‚·
1260 2431 1435 2463 militibus
1460 2441 1592 2463 uxores
1615 2439 1661 2462 ac

231 2470 367 2504 liberos
396 2470 612 2506 habentibus
637 2473 840 2507 missionem
872 2473 961 2518 dat‚·
986 2484 1146 2509 retentos
1182 2478 1223 2509 in
1254 2487 1381 2522 agrum
1418 2477 1661 2518 Byzantinum

231 2518 366 2555 mittit,
393 2516 515 2551 eodem
539 2518 647 2552 brevi
663 2528 840 2554 venturus
853 2521 1046 2566 urbemque
1060 2523 1270 2556 invasurus.
1315 2522 1498 2555 Narratio
1513 2521 1663 2565 longior

232 2561 277 2597 de
294 2563 415 2604 malis,
436 2575 529 2611 quae
554 2564 801 2610 Adrianopoli
826 2579 870 2600 ex
895 2566 1075 2601 seditione
1100 2568 1143 2602 ob
1169 2580 1303 2602 novum
1325 2569 1581 2609 Imperatorem
1597 2578 1661 2600 ex·-

232 2609 407 2642 stiterint.
455 2611 543 2643 Item
561 2612 787 2647 calamitates
806 2625 873 2659 per
898 2614 1091 2647 Romanum
1116 2615 1303 2659 imperium
1326 2622 1475 2660 propter
1509 2611 1660 2646 eundem

231 2655 318 2698 (28).
368 2653 705 2701 Adrianopolitani
720 2658 938 2698 Alexandri,
964 2661 1169 2694 Moesorum
1192 2661 1303 2705 regi-v,
1337 2671 1435 2705 opem
1458 2659 1659 2692 invocant.-

234 2702 338 2734 cuiu's
362 2699 542 2735 adventus
572 2703 829 2739 Cantacuzeno
852 2706 1001 2739 multum
1029 2706 1137 2739 obest.
1185 2707 1304 2740 Moesi
1330 2703 1530 2746 praedones
1550 2716 1572 2738 a
1590 2704 1664 2737 Ro-

233 2748 351 2782 manis
370 2748 505 2794 partim
529 2747 734 2784 caeduntur
748 2777 757 2794 ‚
779 2753 916 2798 partim
947 2753 1145 2797 capiuntur
1176 2751 1261 2798 (29).
1310 2754 1398 2798 Opes
1415 2750 1665 2786 Cantaouzeni
