1800 3146
260 199 375 267 468
795 212 1165 255 οΑΝΤΑουΖΕΝι

60 319 423 373 Δ.(Ξ.ι343ε’θεντο,
466 314 523 363 ὥς
560 308 611 354 ἂν
659 314 830 365 πέμψας
868 310 978 366 κοῖγώ
1021 311 1195 352 κωλύσω
1236 309 1335 359 τούς
1359 309 1601 365 βαρβάρους
1635 310 1700 364 μὴ,

98 397 100 400 ’
222 381 549 436 Βπεραιοῦσθαι
582 376 686 431 πρὸς
715 376 790 432 τὴν
820 376 1014 434 Θρᾴκην·
1071 377 1449 430 παρεσκευασμένοι
1475 375 1553 430 γάρ
1581 376 1700 418 εἰσιν.

257 444 434 500 ὕστερον
475 445 522 485 δὲ
560 444 632 499 ἐφ’
660 439 836 484 οἷστισιν
864 443 890 497 ἦ
923 437 1066 495 εἰρήνη
1087 439 1203 481 ἔσται
1226 439 1448 495 θησόμεθα
1467 439 1698 494 συμβάσεις

260 511 366 566 πρὸς
405 506 618 564 ἀλλήλους.
689 509 729 549 εἰ
770 509 808 548 δ’
848 503 976 555 αὖθις
1015 504 1306 561 ψηφισάμενοι
1343 509 1533 558 πολεμεῖν
1566 506 1699 560 μηδὲν

267 574 587 630 ἀποκρινοῦνται
615 575 762 625 πλέον,
797 571 875 626 ἐγώ
902 574 979 625 μὲν
1007 569 1116 624 μετὰ
1144 568 1218 624 την
1244 573 1504 626 προθεσμίαν
1531 569 1726 619 ου’δενὸς5

236 635 315 683 -ὦν
354 639 512 694 ἔγνωκα
553 642 784 680 λυσιτελεῖν
823 638 992 693 ἐμαυτῷ
1037 637 1270 691 ἀφέξομαι,
1309 638 1382 677 καί
1405 635 1509 678 θεὸν
1535 652 1698 691 μαρτυ-

259 704 431 761 ρόμενος
468 704 543 745 καί
582 701 862 757 ἀνθρώπους,
907 702 964 750 ὥς
1008 697 1118 742 ἄκων
1154 702 1214 749 εἰς
1238 698 1310 742 τὸν
1350 698 1530 753 πόλεμον
1568 700 1701 756 χωραῖ

256 773 330 813 καί
356 772 440 811 τῶν
481 770 688 822 ἐσομένων
730 769 867 809 κακῶν
906 765 1074 816 ούδενὸς
1100 763 1146 808 τό
1172 781 1218 820 γε
1246 768 1308 814 εἰς
1333 768 1410 819 ἐμὲ
1435 762 1535 822 ἧκον
1563 765 1698 817 αἴτιός

255 838 359 889 εἰμι.
432 833 557 876 αὐτοὶ
586 835 624 874 δ’
660 835 701 875 εἰ
725 833 785 887 μή
817 850 854 875 τι
895 828 1020 884 ἄλλο,
1068 833 1151 873 τῶν
1182 832 1283 886 γοῦν
1313 831 1473 874 πόλεων
1500 831 1698 888 πρόνοιάν

254 917 349 942 τινα
390 899 675 941 ποιείσθωσαν
714 900 795 940 ταῖν
825 898 967 946 αὐτοῖς
994 898 1318 952 προσεχουσῶν,
1360 898 1430 939 ἴνα
1456 895 1515 952 μή
1545 897 1750 942 nand-10

252 982 356 1007 πασι
380 965 679 1021 διαφθαρῶσιν
707 960 789 1004 ὑπὸ
819 966 900 1004 τῶν
927 963 1179 1017 βαρβάρων·
1207 960 1282 1018 τὸν
1311 961 1390 1018 γάρ
1411 963 1578 1004 ἐκείνων
1596 980 1697 1016 συμ-

251 1029 390 1087 φοράν
427 1031 473 1072 ἐν
502 1027 682 1085 τοσαύτῃ
711 1029 902 1084 φροντίδι
930 1030 1116 1080 τίθεμαι,
1150 1023 1251 1083 ὅσην
1277 1029 1353 1069 καί
1379 1031 1463 1071 τῶν
1488 1026 1694 1081 ὕπ’ὲμέ.”

251 1094 443 1150 τοιαύτην
466 1094 490 1135 ὅ
512 1092 712 1148 βασιλεὺς
747 1091 854 1148 πρὸς
873 1092 972 1142 τούς
1000 1093 1194 1148 πρέσβεις
1214 1092 1322 1147 ὑπὲρ
1352 1088 1410 1135 ὧν
1441 1093 1461 1135 ὃ
1489 1091 1696 1149 πατριάρ-

126 1173 241 1208 Rem
253 1177 333 1215 χης
361 1159 582 1215 κατηγόρει
612 1157 686 1213 τὴν
718 1159 942 1212 ἀπολογίαν
960 1159 1150 1211 θέμενος,
1181 1156 1323 1199 ἔπειτα
1345 1157 1514 1213 γράψας
1543 1158 1615 1200 καί
1642 1157 1694 1201 τοὶ

250 1225 324 1267 ἴσα
353 1226 456 1280 πρός
483 1241 528 1266 τε
555 1221 821 1278 πατριάρχην
851 1222 925 1264 καί
947 1222 1046 1271 τούς
1079 1219 1254 1274 ἄλλους,
1287 1223 1362 1264 καί
1390 1226 1748 1279 Χρυσοβέργηνιό
1789 1251 1791 1254 <

252 1288 325 1331 τὸν
348 1290 540 1344 Ἰωάννην
574 1290 881 1340 συνεξέπεμπεν
913 1288 1052 1336 αὐτοῖς
1082 1290 1141 1338 εἰς
1167 1291 1366 1342 βασιλίδα
1387 1287 1660 1344 πρεσβευτήν.

360 1353 426 1397 οε’.
473 1351 564 1395 '‘Eu
603 1357 641 1394 δ’
667 1355 712 1395 ἐν
749 1354 1041 1410 Διδυμοτείχῳ
1081 1354 1161 1394 τῶν
1201 1357 1414 1407 πρέσβεων
1458 1350 1697 1408 διατριβόν-

215 1432 354 1472 Βτων,
389 1414 490 1474 ἧκον
529 1422 574 1460 ἐκ
604 1419 754 1472 Φερῶν
791 1415 896 1472 πρὸς
925 1416 1101 1470 βασιλέα
1131 1421 1408 1471 πρεσβευταί,
1446 1421 1591 1472 πρῶτα
1616 1420 1696 1470 μὲν

122 1482 584 1544 ν,49ιπαραιτούμενοι
623 1485 693 1537 ἐφ’
712 1480 774 1530 οἷς
802 1480 907 1536 πρὸς
935 1478 1068 1523 αὐτὸν
1099 1480 1438 1537 η’γνωμονὴκασι,
1477 1482 1538 1538 μὴ
1566 1482 1696 1536 μόνον

248 1551 300 1591 οὕ
328 1549 566 1602 πειθόμενοι
583 1547 634 1589 τὰ
660 1550 811 1600 βελτίω
830 1545 1181 1599 συμβουλεύοντι,
1207 1547 1315 1589 α’λλοὶ
1348 1548 1421 1590 καί
1445 1548 1517 1590 τὸν
1546 1545 1748 1604 ἦκοντααο

246 1618 347 1671 παρ’
368 1614 499 1655 αὐτοῦ
526 1611 785 1668 πρεσβευτὴν
813 1612 1096 1664 ἀπεκτονότες,
1139 1610 1279 1655 ἔπειτα
1310 1615 1356 1654 δὲ
1381 1612 1455 1654 καί
1482 1613 1559 1662 τὰς
1584 1631 1695 1667 συμ-

247 1678 382 1736 φορὰς
410 1677 735 1735 ἐξετραγῴδουν,
779 1673 845 1726 αἷς
884 1677 1244 1732 περιπεπτώκασιν
1271 1679 1316 1730 ἐξ
1355 1675 1584 1732 ἀβουλίας,
1623 1678 1697 1721 καὶ

247 1744 409 1785 ἐδέοντο
431 1746 553 1799 σφίσι
584 1746 768 1797 βοηθεῖν,
791 1741 861 1794 ὦς,
893 1742 933 1782 εἰ
955 1741 1014 1796 μη
1046 1744 1148 1797 παρ’
1175 1743 1310 1785 αὐτοῦ
1328 1760 1435 1793 τινος
1453 1746 1694 1800 ἐπικουρίας

248 1807 418 1862 τύχοιεν
436 1842 447 1860 ,
482 1804 615 1863 ἄρδην
635 1806 922 1860 ἀπολούμενοι.
951 1807 1055 1859 μετὰ
1083 1808 1163 1863 γάρ
1197 1808 1273 1863 τὴν
1298 1812 1503 1863 βασιλέως
1535 1812 1694 1853 ἐκεῖθεν

1178 1871 1191 1885 C

249 1873 523 1929 ἀναχώρησιν
571 1869 1129 1930 περιστρατοπεδευσάμενος
1173 1891 1194 1916 ο
1248 1873 1442 1931 Κροίλης,
1502 1874 1576 1932 τήν
1612 1878 1744 1931 μὲν25

248 2012 443 2046 Thraciam
467 2013 711 2046 transmittere
733 2023 779 2045 ne
806 2012 935 2049 sinam.
984 2013 1039 2046 De
1064 2013 1334 2047 conditionibus
1363 2019 1488 2058 postea
1512 2015 1608 2048 inter
1623 2024 1689 2048 nos

254 2059 457 2092 conveniet.
516 2058 581 2091 Sin
617 2069 791 2092 renovare
826 2058 963 2092 bellum
1000 2061 1181 2093 mavolent
1214 2071 1255 2092 ac
1279 2059 1373 2093 nihil
1406 2060 1691 2105 respondebunt,

247 2104 417 2150 equidem
452 2110 533 2150 post
567 2105 665 2138 diem
697 2105 976 2149 praestitutum,
1010 2106 1109 2150 quod
1134 2107 1173 2139 in
1211 2117 1284 2139 rem
1324 2117 1438 2139 meam
1470 2107 1543 2147 sit,
1593 2107 1689 2141 nihil

247 2152 412 2184 omittam
430 2177 439 2191 ‚
482 2153 596 2184 Deum
634 2151 870 2196 hominesque
895 2156 1070 2192 testatus,
1106 2163 1163 2184 me
1187 2152 1233 2184 ad
1257 2163 1353 2184 arma
1378 2153 1543 2198 ingratiis
1569 2153 1687 2187 redire

249 2203 286 2232 et
314 2198 586 2231 imminentium
612 2197 783 2236 cladium,
811 2197 910 2242 quod
940 2197 985 2230 ad
1015 2209 1073 2231 me
1101 2198 1244 2239 attinet,
1262 2199 1399 2232 nullius
1425 2210 1568 2233 causam
1589 2210 1686 2234 esse:

247 2244 319 2288 ipsi
357 2255 438 2277 vero
472 2245 599 2276 saltem
633 2242 783 2277 urbibus
812 2244 886 2276 suis
911 2250 1085 2282 caveant.
1123 2254 1169 2276 ne
1198 2256 1218 2277 a
1241 2245 1403 2279 barbaris
1428 2247 1573 2292 penitus
1598 2256 1687 2279 con—

247 2296 481 2334 quassentur:
510 2301 659 2334 quarum
685 2290 870 2322 calamitas
895 2300 969 2322 non
992 2290 1123 2330 minus,
1150 2301 1257 2334 quam
1277 2292 1555 2332 mearum‚mihi
1579 2303 1686 2326 curae

246 2346 289 2367 ac
313 2336 553 2368 sollicitudini
581 2341 646 2372 est.
695 2336 792 2368 Haec
817 2335 878 2369 ubi
905 2337 1100 2379 imperator
1127 2336 1252 2380 legatis
1287 2349 1394 2382 super
1425 2338 1686 2372 criminationi-

247 2380 315 2414 bus
347 2382 574 2426 patriarchae
610 2381 820 2426 respondit,
865 2381 911 2414 ad
948 2381 1102 2415 eundem
1145 2388 1182 2415 et
1218 2383 1308 2416 alios
1342 2385 1386 2418 de
1421 2385 1549 2418 iisdem
1575 2385 1682 2418 rebus

247 2427 385 2460 litteras
415 2428 541 2468 dedit,
562 2439 602 2462 ac
629 2429 800 2462 loannem
826 2426 1112 2473 Chrysobergem
1137 2440 1208 2462 una
1235 2442 1314 2474 cum
1337 2431 1464 2475 legatis
1488 2431 1534 2466 ad
1564 2432 1682 2477 impe-

245 2474 410 2507 ratricem
436 2474 548 2511 misit,

341 2522 396 2563 75.
447 2520 569 2566 Legati
615 2520 873 2564 Didymoticho
911 2518 1071 2552 nondum
1098 2528 1344 2563 excesserant,
1369 2533 1449 2556 cum
1471 2522 1533 2555 alii
1558 2520 1680 2555 Pheris

246 2567 530 2608 superveniunt,
558 2568 621 2611 qui
651 2572 733 2599 ante
778 2566 896 2600 omnia
921 2566 1061 2599 veniam
1096 2568 1240 2601 sceleris
1264 2569 1319 2601 sui
1345 2570 1592 2609 imperatorem
1620 2579 1680 2601 ro·-

246 2617 353 2655 gant,
390 2613 486 2657 quod
518 2624 592 2646 non
627 2614 743 2646 solnm
773 2614 924 2646 meliora
949 2612 1153 2646 consulenti
1181 2625 1254 2647 non
1276 2616 1502 2658 paruissent,
1528 2612 1592 2646 sed
1618 2615 1678 2647 in-

245 2667 352 2699 super
381 2657 536 2700 legatum
562 2659 639 2691 eius
666 2660 925 2693 mactavissent.
974 2658 1116 2691 Deinde
1144 2661 1316 2702 miserias,
1341 2661 1380 2694 in
1408 2672 1495 2706 quas
1521 2658 1677 2693 stultitia

243 2712 307 2734 sua
339 2705 661 2747 praecipitassent,
694 2705 824 2750 tragice
862 2711 1164 2740 commemorant:
1213 2718 1318 2749 opem
1352 2708 1531 2752 flagitant,
1567 2716 1676 2750 quam

243 2749 315 2782 nisi
353 2748 398 2781 ab
429 2749 507 2793 ipso
544 2757 836 2795 consequantur,
875 2750 1038 2785 funditus
1076 2755 1266 2796 perituros.
1315 2754 1456 2787 Etenim
1484 2755 1674 2798 postquam

243 2793 330 2829 inde
365 2794 588 2839 discesserit,
622 2796 759 2833 Cralem
795 2800 893 2844 ipsos
927 2797 1099 2841 cinxisse,
1135 2799 1390 2846 regionemque
1417 2799 1511 2834 ferro
1538 2803 1574 2832 et
1597 2798 1674 2844 igni
