1820 3152
541 174 919 217 ms'romARUM
959 175 1031 215 111.
1059 178 1129 223 91.
1441 152 1554 228 559

106 280 259 336 πρᾶξιν
275 273 451 336 ἥδεσθαι
475 276 550 320 καὶ
560 278 788 332 βούλεσθαι
807 275 880 319 καί
898 281 1136 332 συνεργεῖν·
1154 272 1290 318 ἐδεῖτό
1312 289 1357 317 τε
1386 276 1462 318 καί
1479 277 1556 317 αὖ·
1566 288 1647 324 ΑΒ,
1665 285 1755 333 1346

106 349 163 404 τῷ
182 344 235 387 τὰ
258 347 466 402 φάρμακα
479 340 750 386 ἐπιδεικῦναι.
766 339 788 384 ὅ
802 345 841 385 δ’
851 344 1111 385 ἐπεδείκνυεν
1128 338 1293 396 αὗτίκα,
1311 341 1436 385 οῦδὲν
1457 341 1558 398 περὶ

107 414 265 454 ἐκείνου
286 412 451 468 φαῦλον
469 407 767 458 ὖπωπτευκοός.
797 407 892 450 ἐπεὶ
915 410 962 450 δὲ
985 404 1096 463 εἶχεν
1107 409 1152 450 ἐν
1186 406 1335 464 χερσὶν
1368 407 1391 450 ὅ
1412 410 1554 466 Φραγ-
1569 413 1597 447 C

109 477 310 533 γόπουλος
325 475 378 518 τά
401 476 632 533 φάρμακα,
661 475 738 516 οὔκ
755 474 957 516 α’πεδίδου
981 476 1223 516 ἀπαιτοῦντι
1248 491 1258 501 ·
1289 476 1464 528 νομίσας
1494 476 1554 527 δὲ,

87 542 216 600 5ὅπερ
237 540 302 600 ἤν,
335 544 620 598 ἐξηπατῆσθαι
652 540 725 583 καί
753 543 911 594 δείσας,
942 540 1001 595 μή
1036 537 1457 599 ἆλῷ,ἆπεδι’δ”ρασκεν
1481 543 1560 583 αὕ-

107 611 213 654 τίκα.
271 608 597 665 Φραγγόπουλος
628 609 676 650 δὲ
709 606 763 649 τὰ
794 607 1000 664 φάρμακα
1034 606 1173 661 ἔχων,
1216 602 1290 662 ἧκε
1325 605 1433 663 πρὸς
1480 611 1560 662 βα-

111 678 231 719 σιλέα
262 678 335 718 καί
371 673 614 717 ἐπεδείκνυέ
638 689 684 716 τε
715 672 789 715 καί
810 674 1014 728 διηγεῖτο,
1044 670 1114 717 οἷα
1145 673 1244 729 περὶ
1272 675 1351 716 τοῦ
1372 669 1564 728 *πράγμα-

110 757 181 792 τος
209 740 425 797 συμβαίη,
475 736 717 795 ἰσχυρίζετό
743 755 817 792 τε,
867 739 925 788 ὦς
955 735 1210 794 ἀσχοληθείς
1243 742 1343 794 περὶ
1371 737 1423 781 τὰ
1450 741 1563 795 φάρ-

110 824 227 862 μακα
274 807 346 863 τὸν
389 798 844 863 ἐπιβουλεύονταέῴη
885 806 1128 860 διαδρᾶναι.
1167 803 1371 858 βασιλεὺς
1412 806 1459 846 δὲ
1483 804 1563 860 τὴν

63 872 211 929 ιοπερί
236 871 363 916 αὐτὸν
393 874 643 928 κηδεμονίαν
675 871 750 913 τοῦ
775 872 883 912 θεοῦ
910 871 1165 924 θαυμάσας,
1212 867 1275 914 ὅτι
1306 872 1380 913 καί
1410 868 1440 913 ἃ
1470 870 1564 914 ἐδό-

113 934 554 995 κειΠαρασπὸνδυλος
575 936 823 993 δεδρακέναι
855 937 1068 990 ἀπειθῶν,
1101 939 1230 979 ταῦθ’
1246 935 1330 979 ὑπὸ
1359 939 1466 979 θεοῦ
1490 941 1564 994 τῆς

114 1008 175 1056 εἰς
204 1003 335 1048 αὐτὸν
365 1003 486 1046 ἕνεκα
518 1004 713 1061 προνοίας
744 1002 1006 1062 ιιῦκονόμητο,
1038 1006 1113 1046 καί
1142 1003 1299 1054 πολλὰς
1328 1007 1403 1060 τῆς
1430 1021 1564 1059 σωτη-

117 1071 213 1128 ρίας
249 1071 431 1128 χάριτας
463 1067 750 1125 ὁμολογήσας,
796 1069 847 1111 τά
885 1067 1091 1125 φάρμακα
1133 1071 1212 1123 μὲν
1252 1071 1415 1113 ἐκέλευε
1442 1087 1566 1112 κατο-

115 1139 297 1194 ρύττειν,
329 1138 398 1179 ἵνα
427 1136 486 1191 μή
515 1153 578 1186 τις
613 1133 855 1190 ἀνθρώποις
885 1132 911 1192 ἢ
937 1132 1126 1191 κτήνεσιν
1154 1136 1226 1178 ὕπ’
1253 1138 1390 1179 αὐτοῦ
1424 1135 1606 1192 βλάβηι)

66 1203 402 1260 ι5προστριβείη.
459 1201 789 1259 Φραγγόπουλον
821 1203 868 1245 δὲ
912 1203 1106 1258 ἠμείβετο
1135 1198 1414 1260 εὖεργετήσας
1439 1204 1567 1255 ἀξίως

115 1273 187 1326 τῆς
219 1269 400 1319 εὐνοίας.

226 1336 309 1378 (id.
358 1335 492 1391 Ἱέραξ
521 1336 568 1378 δὲ
600 1330 654 1390 ἦν
680 1336 760 1388 μὲν
787 1335 859 1376 αἐἰ
877 1333 1057 1384 δύσνους
1073 1337 1267 1389 βασιλεῖ,
1298 1333 1392 1378 τότε
1423 1337 1469 1378 δὲ
1489 1333 1609 1390 τῆνΡ.
1627 1343 1696 1389 667

117 1397 405 1456 στρατοπέδου
451 1403 805 1456 ἐπιτετραμμένος
842 1399 1061 1457 φυλακὴν,
1095 1399 1192 1443 ἐπεὶ
1231 1402 1342 1454 μετὰ
1380 1403 1458 1444 τοῦ
1496 1402 1608 1446 ὑπ’Β

118 1466 250 1510 αὐτὸν
278 1467 404 1521 λόχου
432 1465 555 1521 ἐγγύς
583 1468 873 1521 διενυκτέρευε
903 1466 1168 1520 Βυζαντίου,
1195 1466 1294 1518 τούς
1320 1469 1399 1521 μὲν
1415 1463 1572 1517 ἄλλους

65 1535 256 1590 αοᾰφῆκε
297 1529 561 1587 στρατιώτας
602 1531 831 1588 φυλάττειν
869 1530 1217 1586 οἷγρυπ-νοῦντας·
1263 1531 1391 1583 αὐτὸς
1421 1535 1468 1575 δὲ
1496 1536 1572 1575 ἕνα

119 1601 204 1641 τῶν
234 1599 404 1640 οἰκετῶν
429 1595 565 1652 ἔχων,
605 1593 722 1646 ὅστις
762 1594 812 1638 τοὶ
854 1595 1071 1652 ἅπόῤῥητα
1109 1597 1225 1654 αὐτῷ
1252 1597 1450 1656 συνῄδει,
1480 1602 1573 1641 Βυ-

123 1666 288 1717 ζαντίου
327 1680 372 1706 τε
411 1665 572 1718 ἐγένετο
613 1661 731 1711 ἐντὸς
785 1664 858 1704 καί
886 1664 1127 1716 διαλεχθεὶς
1153 1669 1240 1712 τοῖς
1268 1658 1452 1719 ἄρχουσι
1499 1669 1575 1708 καὶ

123 1727 479 1786 ἐπαγγειλάμενος
519 1730 776 1772 ἀποκτείνειν
809 1731 1015 1783 βασιλέα,
1053 1723 1184 1780 αὖθις
1222 1728 1433 1786 ἐξελθών,
1461 1730 1570 1786 μετὰ

123 1843 323 1889 aufugeret.
385 1842 446 1876 Sic
483 1842 547 1876 ille
589 1846 728 1876 secreta
771 1852 836 1875 sua
870 1839 1108 1882 enuntiabat,
1145 1841 1246 1888 quod
1278 1842 1572 1889 Phrangopulum

125 1890 212 1925 odio
234 1890 464 1935 imperatoris
488 1893 654 1924 affectum
682 1888 854 1922 crederet.
906 1888 1177 1933 Phrangopulus
1214 1890 1387 1924 simulare
1423 1902 1573 1936 rogare,-

127 1948 226 1984 que,
261 1943 302 1971 ut
337 1941 375 1971 et
405 1936 478 1970 sibi
513 1947 693 1971 venenum
732 1934 962 1969 ostenderet:
992 1935 1055 1980 qui
1082 1935 1275 1970 confestim
1299 1937 1395 1971 nihil
1419 1937 1573 1971 infidum

126 1984 312 2030 suspicans
350 1983 522 2018 ostendit.
580 1983 849 2028 Phrangopulus
881 1982 943 2014 ubi
968 1981 1197 2027 pharmacum
1231 1984 1268 2016 in
1304 1985 1472 2017 manibus
1506 1986 1576 2018 ha-

124 2030 222 2071 buit,
250 2030 452 2076 reposcenti
479 2041 552 2064 non
578 2030 751 2064 reddidit.
799 2029 990 2063 veneficus
1014 2033 1112 2062 ratus
1138 2030 1191 2069 id,
1209 2030 1308 2075 quod
1331 2035 1420 2071 erat,
1444 2043 1482 2064 se
1509 2031 1576 2065 de-

127 2083 285 2123 ceptum,
309 2082 347 2110 et
370 2077 515 2118 timeus,
540 2088 585 2110 ne
609 2081 810 2121 caperetur,
836 2076 1017 2120 extemplo
1042 2076 1127 2120 suga
1154 2087 1192 2109 se
1217 2076 1404 2115 subduxit,
1438 2078 1577 2111 Phraa-

126 2125 280 2169 gopulus
305 2135 483 2158 venenum
509 2124 717 2169 imperatori
743 2122 989 2156 demonstrat:
1022 2121 1114 2168 quid
1142 2123 1365 2168 contigisset,
1387 2126 1577 2165 memorat,

129 2170 333 2212 affirmans,
357 2181 395 2204 se
420 2171 485 2204 illo
512 2170 775 2205 considerando
801 2174 1013 2214 occupatum
1037 2168 1287 2203 insidiatorem
1315 2170 1413 2204 elabi
1439 2172 1576 2205 sivisse.

130 2219 332 2263 Imperator
372 2218 440 2251 Dei
467 2228 550 2262 erga
581 2229 619 2251 se
645 2223 781 2251 tantam
807 2228 926 2250 curam
951 2215 1174 2257 admiratus,
1202 2216 1302 2262 quod
1326 2224 1364 2252 et
1389 2229 1482 2263 quae
1509 2220 1579 2252 Pa-

131 2265 370 2309 raspondylus
395 2265 644 2308 immorigerus
672 2265 799 2298 fecisse
824 2262 1028 2303 videretur,
1053 2262 1178 2296 eadem
1203 2275 1267 2297 sua
1290 2265 1329 2297 in
1354 2266 1471 2310 ipsum
1490 2276 1577 2310 pro-

133 2311 297 2345 videntia
337 2313 388 2343 ita
430 2311 637 2346 moderatus
675 2311 723 2344 sit
768 2321 808 2343 ac
848 2309 1090 2355 dispensarit,
1129 2310 1174 2343 de
1212 2310 1331 2344 salute
1369 2318 1577 2346 conservata

134 2359 267 2405 gratias
292 2358 424 2391 multas
449 2359 523 2403 agit
538 2383 548 2399 ,
570 2364 608 2392 et
631 2358 860 2403 pharmacum
875 2381 886 2396 ‚
911 2368 957 2390 ne
982 2356 1040 2395 cui
1065 2356 1204 2390 homini
1226 2361 1290 2390 aut
1311 2358 1443 2402 pecudi
1468 2360 1581 2403 pesti-

135 2407 192 2440 fer
213 2405 290 2438 eius
316 2409 500 2439 contactus
524 2411 677 2445 noceat,
706 2404 806 2438 humi
832 2403 957 2436 defodi
984 2403 1106 2443 iubet,
1143 2409 1180 2436 et
1207 2404 1246 2437 in
1276 2403 1579 2450 Phrangopulum‚

134 2463 201 2498 pro
227 2462 270 2484 eo
299 2462 340 2484 ac
366 2452 529 2485 eiusdem
556 2452 813 2486 benevolentia
842 2449 1069 2491 merebatur,
1096 2460 1247 2484 munera
1272 2451 1422 2485 confert.

231 2511 288 2544 9¹·
337 2499 383 2532 At
418 2509 502 2532 vero
536 2499 670 2533 Hierax
694 2504 868 2543 perpetua
894 2497 1050 2542 quadam
1075 2497 1114 2530 in
1139 2497 1395 2541 imperatorem
1421 2499 1581 2533 malevo-

138 2546 253 2581 lentia
280 2548 447 2585 suffusus,
473 2549 550 2578 tum
578 2545 756 2578 mandatis
778 2544 847 2578 sibi
877 2549 1074 2577 castrorum
1099 2543 1275 2584 excubiis,
1300 2547 1472 2599 quoniam
1499 2558 1581 2580 cum

140 2592 294 2638 agmine,
316 2602 380 2625 suo
418 2602 532 2636 prope
566 2593 778 2636 Byzantium
817 2591 1080 2635 pernoctabat,
1123 2590 1396 2627 excubitoribus
1432 2593 1582 2633 relictis,

139 2640 232 2684 ipse,
265 2650 337 2672 uuo
366 2638 502 2671 famulo
537 2645 756 2672 secretorum
785 2637 928 2672 conscio
954 2642 1210 2683 prosequente,
1236 2637 1361 2672 urbem
1385 2638 1520 2681 subiit,
1546 2646 1584 2673 et

142 2686 343 2719 collocutus
377 2696 455 2718 cum
489 2685 724 2719 archontibus
767 2683 1027 2728 pollicitusque
1068 2685 1323 2728 imperatorem
1355 2691 1582 2724 necaturum,

141 2743 320 2775 regressus
347 2731 453 2771 inde,
487 2743 566 2764 cnm
591 2732 674 2764 aliis
699 2731 879 2764 militibus
909 2730 985 2763 suis
1008 2731 1045 2763 iu
1069 2737 1183 2764 castra
1205 2733 1319 2766 venit.
1368 2734 1582 2777 Imperatori

142 2779 233 2826 quid
258 2779 390 2814 Hierax
413 2779 562 2820 fecerit,
586 2779 693 2812 amici
717 2789 762 2811 ex
790 2777 877 2812 urbe
902 2778 1067 2822 protinus
1091 2778 1314 2824 significant:
1346 2778 1584 2826 quemadmo-
