1800 3132
543 187 923 233 msTomARUM
962 187 1037 226 ιιι.
1066 189 1107 228 1.
1489 181 1508 214 1
1523 159 1555 215 5

97 300 246 348 σιλέως
272 290 433 349 ’ζῶντος
462 294 561 348 περὶ
587 290 726 333 αὐτῶν
753 290 1001 344 παρέξουσιν
1054 282 1252 334 εὗθύνας.
1282 337 1286 340 ἱ
1309 283 1380 323 καί
1407 274 1747 321 rozzoni-<²³34-

102 365 175 408 τόν
214 363 368 419 τρόπον
407 362 452 403 ἐν
479 359 665 401 πλείοσιν
700 352 727 410 ἢ
758 353 980 410 τριάκοντα
1010 351 1187 407 ἡμέραις
1215 347 1324 403 ὑπὲρ
1352 337 1681 388 murano-935⁰

100 433 196 480 σιάς
222 431 291 486 ἐφ’
318 425 494 482 ἑκάστης
519 425 693 477 πέμπων
724 417 921 477 γραφάς,
951 419 1010 468 εἰς
1035 420 1229 459 τοσοῦτον
1256 413 1454 464 εὐταξίας
1480 409 1555 452 καὶ

101 496 341 544 εὐπειθείας
378 490 456 547 τὴν
482 488 566 532 ὑπὸ
590 488 830 542 Ῥωμαίους,
858 488 999 546 πᾶσαν
1029 484 1276 538 κατέστησεν
1303 478 1550 535 ἡγεμονίαν,

70 561 158 612 ὀαῖς
184 563 318 603 δοκεῖν
346 556 490 601 καινὸν
515 556 648 612 μηδὲν
679 553 985 607 συμβεβηκέναι
1003 580 1023 603 ,.
1043 547 1151 591 α’λλά
1181 549 1252 605 ζῇν
1279 546 1343 589 ἔτι
1372 545 1552 600 βασιλέα

99 630 173 670 καί
201 631 289 675 τοῖς
314 623 558 680 πράγμασιν
584 618 830 678 ἐφεστάναι.
885 617 1011 659 ου’δὲν
1040 614 1120 670 γὰρ
1152 611 1246 656 οὔτε
1272 609 1426 668 μικρὸν
1455 605 1552 652 οὔτε

100 696 211 748 μέγα
234 689 442 749 ἐκινήθη,
475 687 582 744 πλὴν
610 685 647 728 οἱ
676 683 782 727 κατὰ
814 684 1045 727 Θετταλίαν
1075 680 1193 735 μόνοι
1220 678 1436 734 νεμόμενοι
1452 672 1552 720 Ἀλ-

97 760 222 813 βανοί
235 790 248 811 ,
279 754 525 809 αἰσθόμενοι
558 753 636 808 την
662 753 869 806 βασιλέως
887 747 1083 804 τελευτήν
1098 781 1109 799 ,
1141 750 1224 789 τῶν
1245 748 1335 788 ἐκεῖ
1345 746 1553 799 κατέδρα-

94 839 178 877 μον
206 822 367 865 πόλεων
393 821 466 864 καί
492 821 710 876 ἐληΐσαντο
737 817 788 858 οὔ
816 814 958 859 πολλά.
1016 812 1117 869 ὅπερ
1150 811 1170 854 ὃ
1200 815 1331 867 μέγας
1358 813 1552 865 δομέστι-

50 906 170 939 ιοκος
197 886 460 941 πυθόμενος,
491 884 599 928 κατὰ
627 883 752 938 τάχος
784 881 948 936 ἔπεμψε
975 879 1076 930 τούς
1105 876 1378 935 ἆγγελοῦντας
1400 879 1551 931 Ἀλβα-

98 962 206 1009 νοῖς,
237 951 262 1011 ἢ
289 952 363 1010 τὴν
389 955 505 995 λείαν
534 947 783 992 α’ποδιδόναι
812 947 885 991 καί
907 949 1039 1003 μηδὲν
1064 947 1319 1001 νεωτερίζειν
1346 943 1403 987 ἔτι
1422 976 1433 998 ,
1464 941 1488 999 ἢ
1515 946 1555 986 εἰ

96 1021 155 1078 μὴ
192 1024 427 1071 πείθοιντο,
471 1018 721 1071 ἐκδέχεσθαι
761 1013 890 1058 αὐτὸν
921 1011 1184 1070 χρησόμενον
1224 1010 1281 1061 αἶς
1322 1013 1550 1065 πολεμίοις.

99 1090 146 1132 οἲ
179 1086 229 1144 δὴ
269 1086 343 1129 καὶ
379 1082 686 1140 ὕποπτήξαντες
724 1081 801 1137 τήν
846 1078 1052 1136 ἀπειλὴν,
1098 1078 1147 1120 οὔ
1174 1077 1302 1133 μόνον
1329 1076 1406 1133 τήν
1433 1079 1589 1119 λείανΒ

98 1156 311 1197 ἀπέδοσαν
331 1158 416 1203 τοῖς
442 1152 732 1208 ἠδικημένοις,
763 1144 870 1190 ἄλλά
899 1146 973 1191 καὶ
999 1146 1183 1202 ἡσυχίαν
1209 1138 1327 1199 ἄγειν
1363 1141 1556 1199 ἐπηγγεί-

51 1214 224 1268 ι5λαντο
261 1212 339 1263 τοῦ
370 1219 549 1273 λοιποῦ,
597 1218 639 1260 εἰ
675 1216 805 1271 μόνον
834 1216 904 1258 ἐπὶ
937 1219 1026 1263 τοῖς
1064 1212 1372 1269 ἡμαρτημένοις
1399 1208 1554 1265 λήψον-

100 1303 172 1329 ται
209 1285 469 1341 συγγνώμην.
534 1283 642 1326 α’λλά
683 1285 816 1325 ταῦτα
855 1283 935 1336 μὲν
972 1277 1092 1337 ὀλίγῳ
1120 1275 1311 1333 ὕστερον.
1364 1274 1471 1330 μετὰ
1501 1276 1550 1318 δὲ

99 1351 144 1395 τὸ
172 1355 303 1407 μέγαν
332 1353 571 1405 δομέστικον
597 1351 645 1392 ἐκ
671 1351 753 1392 τῶν
771 1345 996 1403 βασιλείων
1024 1344 1165 1388 οἴκαδε
1184 1346 1347 1396 ἐλθεῖν,
1372 1341 1551 1398 κήρυκες

103 1418 431 1476 ἐφοίτωναιῖτοῦ
450 1418 723 1466 κελεύσαντος
749 1417 808 1464 εἷς
835 1413 911 1464 τάς
928 1415 1028 1470 περί
1051 1409 1289 1463 Βυζάντιον
1317 1410 1459 1459 πόλεις
1481 1410 1556 1450 καί

102 1487 266 1539 κώμας,
293 1485 452 1534 πάντας
480 1479 571 1526 ὅσοι
596 1484 672 1526 τοῦ
698 1481 818 1538 ἱεροῦ
845 1480 1078 1535 καταλόγου
1097 1480 1320 1526 καλοῦντες
1342 1475 1448 1533 πρὸς
1473 1473 1552 1530 τὴν

47 1553 422 1598 ΞοΚωνσταντίνου
442 1549 562 1592 πόλιν
580 1551 648 1606 ἐφ’
668 1549 804 1606 ἡμέρᾳ
830 1548 950 1606 ῥητῇ,
970 1544 1027 1598 ὥς
1046 1548 1131 1588 τῶν
1147 1545 1254 1599 ὑπὲρ
1273 1546 1347 1586 τοῦ
1366 1546 1552 1586 τετελευ-

103 1615 272 1672 τηκότος
284 1617 488 1670 βασιλέως
508 1617 870 1671 τελεσθησομένων
881 1613 1085 1668 ἱλασμῶν.
1115 1614 1187 1654 καί
1198 1613 1378 1666 συνῆλθε
1390 1612 1552 1664 πλῆθος

99 1681 246 1738 ἱερέων
260 1682 467 1734 τοσοῦτον,
481 1676 587 1724 ὥστε
595 1679 666 1723 τὸν
677 1679 780 1723 νεών
790 1681 864 1735 τῆς
871 1681 1116 1736 Σοφιῖιςτοῦ
1127 1680 1245 1730 θεοῦ,
1259 1678 1431 1732 μεγέθει
1440 1677 1550 1730 μέγι.

100 1762 195 1791 στον
207 1743 304 1791 ὄντα
316 1750 396 1791 τῶν
407 1746 490 1790 ind
506 1746 580 1790 τὸν
595 1743 712 1803 ἥλιον
725 1744 930 1800 ἁπάντων,
944 1745 1110 1789 ἐλάσσω
1120 1747 1192 1800 τῆς
1202 1748 1351 1800 χρείας
1364 1741 1457 1785 τότε
1469 1744 1541 1785 ‹50-
1554 1750 1583 1785 C

98 1820 186 1857 κεῖν
202 1812 284 1856 ὑπὸ
303 1816 378 1856 τοῦ
387 1811 577 1869 πλήθους
588 1813 772 1870 ἀκριβῶς
784 1812 1104 1868 πεπληρωμένον
1114 1812 1197 1853 τῶν
1208 1809 1369 1867 ἱερέων.
1395 1808 1489 1853 ε’πεί
1500 1810 1548 1851 δὲ

101 1961 198 1996 hunc
237 1959 384 1994 modum
409 1958 540 1994 diebus
564 1958 646 2004 plus
672 1958 822 2003 triginta
846 1957 966 1991 missis
992 1956 1158 2001 epistolis
1181 1955 1336 2000 amplius
1352 1956 1548 2001 ¹quingen-

101 2010 171 2049 tis,
193 2007 240 2041 ad
265 2012 407 2041 tantum
430 2006 596 2042 ordinem
620 2004 940 2050 obedientiamque
966 2004 1163 2039 Romanum
1187 2003 1379 2047 imperium
1403 2003 1550 2035 univer-

101 2064 182 2089 sum
210 2053 369 2099 redegit,
406 2058 450 2087 ut
483 2052 581 2087 nihil
611 2052 696 2086 novi
735 2052 954 2096 contigisse,
999 2050 1060 2084 sed
1087 2052 1284 2094 Imperator
1312 2048 1430 2083 adhuc
1461 2059 1548 2082 aura

102 2102 199 2135 vesci
226 2107 263 2136 et
291 2111 459 2146 praeesse
493 2099 601 2135 rebus
626 2099 822 2133 videretur.
871 2098 974 2132 Nulli
998 2101 1094 2132 enim
1119 2108 1187 2131 nee
1211 2097 1312 2142 parvi
1338 2106 1406 2129 nec
1429 2096 1551 2140 magni

102 2154 223 2183 motus
248 2147 514 2182 audiebantur:
556 2147 626 2180 nisi
653 2145 751 2193 quod
782 2145 916 2180 Albani
939 2146 979 2179 in
1003 2144 1207 2184 Thessalia,
1238 2147 1354 2176 morte
1389 2143 1550 2187 Impera—

103 2196 192 2230 toris
216 2195 428 2236 intellecta,
453 2194 561 2228 urbes
575 2194 652 2227 illic
665 2192 899 2227 incursabant
918 2198 977 2233 et,
1003 2202 1222 2238 quamquam
1246 2202 1319 2224 non
1344 2188 1551 2230 admodum,

104 2242 432 2288 depraedabantur.
493 2241 577 2287 Quo
601 2247 785 2285 comperto
800 2265 810 2281 ,
835 2250 982 2283 magnus
1013 2239 1232 2273 domesticus
1255 2248 1361 2283 quam
1393 2236 1549 2280 primum

102 2300 148 2323 eo
180 2289 350 2323 nuntium
371 2288 530 2333 expedit.
577 2287 728 2322 Albanis
755 2289 934 2333 imperat,
975 2291 1039 2319 aut
1077 2286 1247 2331 praedam
1280 2284 1476 2317 restituant
1508 2294 1550 2316 ac

105 2336 151 2369 de
175 2341 316 2370 caetero
345 2346 383 2368 se
405 2335 636 2369 contineant:
663 2339 728 2368 aut
752 2335 781 2367 si
807 2335 902 2368 iussa
926 2333 1153 2374 detrectent,
1186 2343 1223 2366 se
1247 2330 1344 2377 apud
1364 2331 1481 2375 ipsum
1508 2332 1548 2363 in

103 2381 265 2416 hostium
287 2382 534 2417 locofuturos
559 2382 686 2416 sciant.
735 2381 880 2427 Quibus
904 2381 961 2414 illi
983 2381 1093 2415 minis
1120 2379 1307 2419 exterriti,
1334 2388 1408 2411 non
1431 2378 1549 2411 solum

103 2429 276 2474 praedam
298 2429 464 2474 spoliatis
489 2428 746 2470 reddiderunt,
787 2429 1020 2463 verumetiam
1047 2426 1195 2472 posthac
1220 2425 1315 2460 nihil
1339 2425 1412 2458 tale
1441 2435 1550 2457 ausu-

104 2488 164 2510 ros
189 2477 454 2521 promiserunt,
477 2475 585 2509 modo
610 2475 718 2519 huius
743 2476 883 2520 peccati
906 2476 1021 2520 gratia
1047 2474 1118 2508 sibi
1143 2473 1256 2508 fieret.
1302 2472 1436 2506 Verum
1459 2471 1550 2504 haec

104 2524 216 2568 paulo
247 2527 330 2568 post
359 2521 578 2557 acciderunt.
627 2523 822 2568 Postquam
854 2533 1004 2567 magnus
1038 2520 1253 2554 domesticus
1278 2531 1297 2553 e
1319 2520 1457 2566 palatio
1485 2519 1550 2552 do-

103 2581 202 2603 mum
227 2569 425 2610 concessit,
459 2579 655 2614 praecones
681 2569 758 2602 eius
783 2570 895 2603 missu
922 2569 1021 2603 vicos
1053 2573 1089 2601 et
1122 2566 1256 2612 oppida
1290 2568 1463 2612 Byzantio
1495 2568 1552 2598 vi-

105 2618 190 2651 cina
213 2621 451 2657 concursant,
484 2627 629 2650 omnem
653 2616 789 2649 clerum
817 2615 1173 2659 Constantinopolim
1204 2614 1251 2647 ad
1283 2614 1380 2647 diem
1418 2614 1552 2658 praefi-

103 2675 182 2697 xam
217 2668 364 2708 propter
406 2661 618 2697 defunctum
654 2663 912 2707 Imperatorem
938 2662 1154 2696 funebribus
1190 2663 1297 2695 sacris
1329 2660 1548 2706 expiandum

103 2715 303 2744 evocantes.
353 2709 615 2743 Confluxerunt
637 2710 730 2743 tanti
757 2721 898 2756 greges,
923 2715 964 2742 ut
993 2708 1149 2754 Sophiae
1175 2711 1362 2753 templum,
1388 2709 1550 2741 omnium

103 2768 198 2802 quae
223 2758 278 2790 sol
310 2756 468 2801 adspicit
511 2757 833 2801 spatiosissimum,
869 2757 915 2789 ad
940 2762 1166 2801 praesentem
1198 2767 1300 2789 usum
1335 2754 1433 2788 haud
1463 2755 1549 2787 satis

104 2814 215 2849 capax
242 2808 459 2851 appareret,
492 2813 514 2835 a
539 2803 788 2838 sacerdotibus
817 2803 1007 2838 confertim
1031 2803 1209 2848 repletum
1246 2804 1430 2838 videlicet.
1481 2801 1550 2835 Ubi
