<?xml version="1.0" encoding="UTF-8"?>
<!DOCTYPE html PUBLIC "-//W3C//DTD XHTML 1.0 Transitional//EN"
    "http://www.w3.org/TR/xhtml1/DTD/xhtml1-transitional.dtd">
<html xmlns="http://www.w3.org/1999/xhtml" xml:lang="en" lang="en">
 <head>
  <title>
</title>
<meta http-equiv="Content-Type" content="text/html;charset=utf-8" />
  <meta name='ocr-system' content='tesseract 3.04.00' />
  <meta name='ocr-capabilities' content='ocr_page ocr_carea ocr_par ocr_line ocrx_word'/>
</head>
<body>
  <div class='ocr_page' id='page_1' title='image "./corpusscriptorum24niebuoft_0602.png"; bbox 0 0 1806 3152; ppageno 0'>
   <div class='ocr_carea' id='block_1_1' title="bbox 312 144 1200 219">
    <p class='ocr_par' dir='ltr' id='par_1_1' title="bbox 312 144 1200 219">
     <span class='ocr_line' id='line_1_1' title="bbox 312 144 1200 219; baseline 0.006 -19"><span class='ocrx_word' id='word_1_1' title='bbox 312 144 422 219; x_wconf 84' lang='lat'><em>590</em></span> <span class='ocrx_word' id='word_1_2' title='bbox 831 162 1200 205; x_wconf 79' lang='lat' dir='ltr'>CANTACUZENI</span> 
     </span>
    </p>
   </div>
   <div class='ocr_carea' id='block_1_2' title="bbox 111 258 1789 1822">
    <p class='ocr_par' dir='ltr' id='par_1_2' title="bbox 111 258 1789 908">
     <span class='ocr_line' id='line_1_2' title="bbox 111 258 1738 319; baseline 0.001 -15"><span class='ocrx_word' id='word_1_3' title='bbox 111 269 193 305; x_wconf 60' lang='grc' dir='ltr'><em>ΑΒ.</em></span> <span class='ocrx_word' id='word_1_4' title='bbox 211 271 399 317; x_wconf 70' lang='grc' dir='ltr'><em>ι346των,</em></span> <span class='ocrx_word' id='word_1_5' title='bbox 429 259 719 315; x_wconf 79' lang='grc' dir='ltr'><em>διαλεγόμενον</em></span> <span class='ocrx_word' id='word_1_6' title='bbox 746 263 790 304; x_wconf 75' lang='grc' dir='ltr'><em>ἐν</em></span> <span class='ocrx_word' id='word_1_7' title='bbox 820 258 1058 319; x_wconf 67' lang='grc' dir='ltr'><em>(ἔπορ’ῥὴτῳ.</em></span> <span class='ocrx_word' id='word_1_8' title='bbox 1111 263 1184 304; x_wconf 83' lang='grc' dir='ltr'><em>καί</em></span> <span class='ocrx_word' id='word_1_9' title='bbox 1209 264 1357 305; x_wconf 75' lang='grc' dir='ltr'><em>αὐτίκα</em></span> <span class='ocrx_word' id='word_1_10' title='bbox 1373 265 1621 319; x_wconf 85' lang='grc' dir='ltr'><em>Κοντοφραὶ</em></span> <span class='ocrx_word' id='word_1_11' title='bbox 1643 262 1738 318; x_wconf 78' lang='grc' dir='ltr'><em>ἐδή-</em></span> 
     </span>
     <span class='ocr_line' id='line_1_3' title="bbox 305 325 1739 384; baseline 0.001 -15"><span class='ocrx_word' id='word_1_12' title='bbox 305 332 406 370; x_wconf 88' lang='grc' dir='ltr'><em>λουν</em></span> <span class='ocrx_word' id='word_1_13' title='bbox 436 326 535 382; x_wconf 76' lang='grc' dir='ltr'><em>περὶ</em></span> <span class='ocrx_word' id='word_1_14' title='bbox 558 328 634 369; x_wconf 82' lang='grc' dir='ltr'><em>τοῦ</em></span> <span class='ocrx_word' id='word_1_15' title='bbox 666 325 919 382; x_wconf 71' lang='grc' dir='ltr'><em>ἀνθρώπου,</em></span> <span class='ocrx_word' id='word_1_16' title='bbox 960 327 1171 384; x_wconf 82' lang='grc' dir='ltr'><em>παρῄνουν</em></span> <span class='ocrx_word' id='word_1_17' title='bbox 1198 344 1242 370; x_wconf 92' lang='grc' dir='ltr'><em>τε</em></span> <span class='ocrx_word' id='word_1_18' title='bbox 1274 330 1507 384; x_wconf 72' lang='grc' dir='ltr'><em>ἀνακρίνειν</em></span> <span class='ocrx_word' id='word_1_19' title='bbox 1533 327 1612 383; x_wconf 77' lang='grc' dir='ltr'><em>τὴν</em></span> <span class='ocrx_word' id='word_1_20' title='bbox 1631 331 1739 371; x_wconf 84' lang='grc' dir='ltr'><em>αἰτί-</em></span> 
     </span>
     <span class='ocr_line' id='line_1_4' title="bbox 305 389 1740 449; baseline 0.002 -16"><span class='ocrx_word' id='word_1_21' title='bbox 305 408 356 434; x_wconf 91' lang='grc' dir='ltr'><em>αν</em></span> <span class='ocrx_word' id='word_1_22' title='bbox 387 395 460 447; x_wconf 77' lang='grc' dir='ltr'><em>τῆς</em></span> <span class='ocrx_word' id='word_1_23' title='bbox 490 392 671 448; x_wconf 77' lang='grc' dir='ltr'><em>ἀφίξεως</em></span> <span class='ocrx_word' id='word_1_24' title='bbox 699 393 847 434; x_wconf 66' lang='grc' dir='ltr'><em>αὐτοῦ.</em></span> <span class='ocrx_word' id='word_1_25' title='bbox 902 395 1149 449; x_wconf 85' lang='grc' dir='ltr'><em>Κοντοφραί</em></span> <span class='ocrx_word' id='word_1_26' title='bbox 1172 395 1217 435; x_wconf 81' lang='grc' dir='ltr'><em>δὲ</em></span> <span class='ocrx_word' id='word_1_27' title='bbox 1235 391 1308 435; x_wconf 83' lang='grc' dir='ltr'><em>τὸν</em></span> <span class='ocrx_word' id='word_1_28' title='bbox 1326 389 1547 449; x_wconf 69' lang='grc' dir='ltr'><em>ἄνθρωπον</em></span> <span class='ocrx_word' id='word_1_29' title='bbox 1565 394 1740 449; x_wconf 82' lang='grc' dir='ltr'><em>ἐκπλήτ-</em></span> 
     </span>
     <span class='ocr_line' id='line_1_5' title="bbox 302 455 1736 513; baseline 0 -13"><span class='ocrx_word' id='word_1_30' title='bbox 302 473 386 500; x_wconf 80' lang='grc' dir='ltr'><em>τειν</em></span> <span class='ocrx_word' id='word_1_31' title='bbox 412 459 667 512; x_wconf 81' lang='grc' dir='ltr'><em>βουλομένου</em></span> <span class='ocrx_word' id='word_1_32' title='bbox 696 455 830 507; x_wconf 70' lang='grc' dir='ltr'><em>εϋθύς</em></span> <span class='ocrx_word' id='word_1_33' title='bbox 869 458 943 500; x_wconf 80' lang='grc' dir='ltr'><em>καὶ</em></span> <span class='ocrx_word' id='word_1_34' title='bbox 969 457 1227 513; x_wconf 75' lang='grc' dir='ltr'><em>θρασύτερον</em></span> <span class='ocrx_word' id='word_1_35' title='bbox 1255 460 1338 500; x_wconf 74' lang='grc' dir='ltr'><em>τῶν</em></span> <span class='ocrx_word' id='word_1_36' title='bbox 1365 458 1541 512; x_wconf 86' lang='grc' dir='ltr'><em>ἱματίων</em></span> <span class='ocrx_word' id='word_1_37' title='bbox 1561 459 1736 512; x_wconf 78' lang='grc' dir='ltr'><em>ἁπτομέ-</em></span> 
     </span>
     <span class='ocr_line' id='line_1_6' title="bbox 302 520 1768 582; baseline -0.002 -16"><span class='ocrx_word' id='word_1_38' title='bbox 302 540 377 582; x_wconf 85' lang='grc' dir='ltr'><em>νου</em></span> <span class='ocrx_word' id='word_1_39' title='bbox 408 540 477 565; x_wconf 90' lang='grc' dir='ltr'><em>και</em></span> <span class='ocrx_word' id='word_1_40' title='bbox 506 525 818 578; x_wconf 86' lang='grc' dir='ltr'><em>περιέλκοντος,</em></span> <span class='ocrx_word' id='word_1_41' title='bbox 861 523 1054 579; x_wconf 78' lang='grc' dir='ltr'><em>μάχαιρα</em></span> <span class='ocrx_word' id='word_1_42' title='bbox 1084 520 1237 579; x_wconf 73' lang='grc' dir='ltr'><em>εὕρητο</em></span> <span class='ocrx_word' id='word_1_43' title='bbox 1265 522 1347 565; x_wconf 84' lang='grc' dir='ltr'><em>υπὸ</em></span> <span class='ocrx_word' id='word_1_44' title='bbox 1385 522 1602 577; x_wconf 80' lang='grc' dir='ltr'><em>θοιμάτιον</em></span> <span class='ocrx_word' id='word_1_45' title='bbox 1640 521 1768 579; x_wconf 79' lang='grc' dir='ltr'><em>κρυ-5</em></span> 
     </span>
     <span class='ocr_line' id='line_1_7' title="bbox 301 589 1740 646; baseline -0.001 -14"><span class='ocrx_word' id='word_1_46' title='bbox 301 591 497 645; x_wconf 89' lang='grc' dir='ltr'><em>πτομένη,</em></span> <span class='ocrx_word' id='word_1_47' title='bbox 530 589 724 643; x_wconf 77' lang='grc' dir='ltr'><em>οξύτητος</em></span> <span class='ocrx_word' id='word_1_48' title='bbox 739 590 818 641; x_wconf 79' lang='grc' dir='ltr'><em>μὲν</em></span> <span class='ocrx_word' id='word_1_49' title='bbox 845 606 914 630; x_wconf 92' lang='grc' dir='ltr'><em>και</em></span> <span class='ocrx_word' id='word_1_50' title='bbox 942 589 1075 643; x_wconf 80' lang='grc' dir='ltr'><em>ἀκμῆς</em></span> <span class='ocrx_word' id='word_1_51' title='bbox 1092 591 1294 642; x_wconf 83' lang='grc' dir='ltr'><em>ουδεμιάν</em></span> <span class='ocrx_word' id='word_1_52' title='bbox 1314 589 1594 631; x_wconf 77' lang='grc' dir='ltr'><em>ἀπολείπουσα</em></span> <span class='ocrx_word' id='word_1_53' title='bbox 1611 605 1740 646; x_wconf 87' lang='grc' dir='ltr'><em>υπερ-</em></span> 
     </span>
     <span class='ocr_line' id='line_1_8' title="bbox 299 652 1736 710; baseline -0.001 -13"><span class='ocrx_word' id='word_1_54' title='bbox 299 653 455 710; x_wconf 77' lang='grc' dir='ltr'><em>βολήν,</em></span> <span class='ocrx_word' id='word_1_55' title='bbox 512 653 750 708; x_wconf 87' lang='grc' dir='ltr'><em>κοιλότητας</em></span> <span class='ocrx_word' id='word_1_56' title='bbox 792 656 839 696; x_wconf 86' lang='grc' dir='ltr'><em>δέ</em></span> <span class='ocrx_word' id='word_1_57' title='bbox 878 671 994 704; x_wconf 87' lang='grc' dir='ltr'><em>τινας</em></span> <span class='ocrx_word' id='word_1_58' title='bbox 1021 671 1090 696; x_wconf 85' lang='grc' dir='ltr'><em>και</em></span> <span class='ocrx_word' id='word_1_59' title='bbox 1119 653 1339 708; x_wconf 81' lang='grc' dir='ltr'><em>οἷντιλαβὰς</em></span> <span class='ocrx_word' id='word_1_60' title='bbox 1367 653 1523 708; x_wconf 79' lang='grc' dir='ltr'><em>ἔχουσα</em></span> <span class='ocrx_word' id='word_1_61' title='bbox 1552 653 1658 696; x_wconf 84' lang='grc' dir='ltr'><em>κατὰ</em></span> <span class='ocrx_word' id='word_1_62' title='bbox 1685 652 1736 698; x_wconf 82' lang='grc' dir='ltr'><em>τοὶ</em></span> 
     </span>
     <span class='ocr_line' id='line_1_9' title="bbox 298 716 1737 775; baseline -0.001 -13"><span class='ocrx_word' id='word_1_63' title='bbox 298 718 471 774; x_wconf 75' lang='grc' dir='ltr'><em>πλάγια,</em></span> <span class='ocrx_word' id='word_1_64' title='bbox 502 716 570 768; x_wconf 83' lang='grc' dir='ltr'><em>αἷς</em></span> <span class='ocrx_word' id='word_1_65' title='bbox 599 718 801 775; x_wconf 79' lang='grc' dir='ltr'><em>φάρμακα</em></span> <span class='ocrx_word' id='word_1_66' title='bbox 830 721 1006 762; x_wconf 80' lang='grc' dir='ltr'><em>ἐνέκειτο</em></span> <span class='ocrx_word' id='word_1_67' title='bbox 1033 718 1213 773; x_wconf 80' lang='grc' dir='ltr'><em>τάχιστα</em></span> <span class='ocrx_word' id='word_1_68' title='bbox 1233 721 1498 775; x_wconf 73' lang='grc' dir='ltr'><em>διαφθείρειν</em></span> <span class='ocrx_word' id='word_1_69' title='bbox 1516 718 1589 761; x_wconf 82' lang='grc' dir='ltr'><em>τὸν</em></span> <span class='ocrx_word' id='word_1_70' title='bbox 1609 735 1737 775; x_wconf 87' lang='grc' dir='ltr'><em>προσ-</em></span> 
     </span>
     <span class='ocr_line' id='line_1_10' title="bbox 299 780 1733 841; baseline -0.001 -14"><span class='ocrx_word' id='word_1_71' title='bbox 299 784 547 840; x_wconf 74' lang='grc' dir='ltr'><em>ομιλήσοντα</em></span> <span class='ocrx_word' id='word_1_72' title='bbox 580 784 805 837; x_wconf 82' lang='grc' dir='ltr'><em>δυνάμενα.</em></span> <span class='ocrx_word' id='word_1_73' title='bbox 864 782 1183 841; x_wconf 84' lang='grc' dir='ltr'><em>α’νακρινόμενος</em></span> <span class='ocrx_word' id='word_1_74' title='bbox 1215 785 1261 826; x_wconf 84' lang='grc' dir='ltr'><em>δὲ</em></span> <span class='ocrx_word' id='word_1_75' title='bbox 1303 783 1325 826; x_wconf 81' lang='grc' dir='ltr'>ὅ</span> <span class='ocrx_word' id='word_1_76' title='bbox 1369 780 1614 840; x_wconf 72' lang='grc' dir='ltr'><em>ἅνθρωπος,</em></span> <span class='ocrx_word' id='word_1_77' title='bbox 1658 781 1733 837; x_wconf 77' lang='grc' dir='ltr'><em>3,·τι</em></span> 
     </span>
     <span class='ocr_line' id='line_1_11' title="bbox 299 847 1789 908; baseline 0.001 -16"><span class='ocrx_word' id='word_1_78' title='bbox 299 851 494 907; x_wconf 80' lang='grc' dir='ltr'><em>βούλοιτο</em></span> <span class='ocrx_word' id='word_1_79' title='bbox 522 850 638 906; x_wconf 73' lang='grc' dir='ltr'><em>αὐτῷ</em></span> <span class='ocrx_word' id='word_1_80' title='bbox 666 848 693 905; x_wconf 81' lang='grc' dir='ltr'><em>ἦ</em></span> <span class='ocrx_word' id='word_1_81' title='bbox 719 850 927 906; x_wconf 80' lang='grc' dir='ltr'><em>μάχαιρα,</em></span> <span class='ocrx_word' id='word_1_82' title='bbox 959 853 1004 893; x_wconf 78' lang='grc' dir='ltr'><em>ἐκ</em></span> <span class='ocrx_word' id='word_1_83' title='bbox 1031 852 1112 892; x_wconf 77' lang='grc' dir='ltr'><em>τῶν</em></span> <span class='ocrx_word' id='word_1_84' title='bbox 1138 851 1182 892; x_wconf 77' lang='grc' dir='ltr'><em>ἐν</em></span> <span class='ocrx_word' id='word_1_85' title='bbox 1211 851 1433 908; x_wconf 78' lang='grc' dir='ltr'><em>Βυζαντίῳ</em></span> <span class='ocrx_word' id='word_1_86' title='bbox 1461 849 1640 906; x_wconf 78' lang='grc' dir='ltr'><em>ἔφασκεν</em></span> <span class='ocrx_word' id='word_1_87' title='bbox 1658 847 1789 907; x_wconf 60' lang='lat' dir='ltr'><strong>oio-¹30</strong></span> 
     </span>
    </p>

    <p class='ocr_par' dir='ltr' id='par_1_3' title="bbox 269 913 1788 1557">
     <span class='ocr_line' id='line_1_12' title="bbox 269 913 1738 974; baseline -0.001 -16"><span class='ocrx_word' id='word_1_88' title='bbox 269 931 302 965; x_wconf 89' lang='lat'><em>1)</em></span> <span class='ocrx_word' id='word_1_89' title='bbox 305 916 464 972; x_wconf 81' lang='grc' dir='ltr'><em>χόντων</em></span> <span class='ocrx_word' id='word_1_90' title='bbox 492 915 564 958; x_wconf 73' lang='grc' dir='ltr'><em>ἐπὶ</em></span> <span class='ocrx_word' id='word_1_91' title='bbox 593 918 653 973; x_wconf 77' lang='grc' dir='ltr'><em>τῷ</em></span> <span class='ocrx_word' id='word_1_92' title='bbox 679 918 857 969; x_wconf 83' lang='grc' dir='ltr'><em>βασιλέα</em></span> <span class='ocrx_word' id='word_1_93' title='bbox 882 915 1012 973; x_wconf 79' lang='grc' dir='ltr'><em>ταύτῃ</em></span> <span class='ocrx_word' id='word_1_94' title='bbox 1040 913 1276 972; x_wconf 79' lang='grc' dir='ltr'><em>τιτρώσκειν</em></span> <span class='ocrx_word' id='word_1_95' title='bbox 1303 919 1353 973; x_wconf 84' lang='grc' dir='ltr'><em>τῇ</em></span> <span class='ocrx_word' id='word_1_96' title='bbox 1379 918 1569 974; x_wconf 75' lang='grc' dir='ltr'><em>μαχαίρᾳ</em></span> <span class='ocrx_word' id='word_1_97' title='bbox 1596 932 1738 958; x_wconf 84' lang='grc' dir='ltr'><em>πεπει-</em></span> 
     </span>
     <span class='ocr_line' id='line_1_13' title="bbox 298 979 1735 1038; baseline -0.001 -14"><span class='ocrx_word' id='word_1_98' title='bbox 298 985 449 1035; x_wconf 85' lang='grc' dir='ltr'><em>σμένον</em></span> <span class='ocrx_word' id='word_1_99' title='bbox 493 979 621 1037; x_wconf 77' lang='grc' dir='ltr'><em>ἥκειν.</em></span> <span class='ocrx_word' id='word_1_100' title='bbox 687 984 811 1024; x_wconf 82' lang='grc' dir='ltr'><em>πέντε</em></span> <span class='ocrx_word' id='word_1_101' title='bbox 833 983 899 1023; x_wconf 80' lang='grc' dir='ltr'><em>-δὲ</em></span> <span class='ocrx_word' id='word_1_102' title='bbox 926 980 1086 1036; x_wconf 71' lang='grc' dir='ltr'><em>ἡμέρας</em></span> <span class='ocrx_word' id='word_1_103' title='bbox 1121 982 1192 1023; x_wconf 79' lang='grc' dir='ltr'><em>ε’πί</em></span> <span class='ocrx_word' id='word_1_104' title='bbox 1227 982 1326 1023; x_wconf 87' lang='grc' dir='ltr'><em>δέκα</em></span> <span class='ocrx_word' id='word_1_105' title='bbox 1353 979 1463 1035; x_wconf 77' lang='grc' dir='ltr'><em>ἔχειν</em></span> <span class='ocrx_word' id='word_1_106' title='bbox 1493 982 1735 1038; x_wconf 82' lang='grc' dir='ltr'><em>α’φιγμένον,</em></span> 
     </span>
     <span class='ocr_line' id='line_1_14' title="bbox 298 1042 1732 1105; baseline -0.001 -16"><span class='ocrx_word' id='word_1_107' title='bbox 298 1049 346 1090; x_wconf 76' lang='grc' dir='ltr'><em>ἐν</em></span> <span class='ocrx_word' id='word_1_108' title='bbox 375 1042 442 1096; x_wconf 83' lang='grc' dir='ltr'><em>αἷς</em></span> <span class='ocrx_word' id='word_1_109' title='bbox 480 1044 593 1096; x_wconf 78' lang='grc' dir='ltr'><em>ἅπαξ</em></span> <span class='ocrx_word' id='word_1_110' title='bbox 621 1046 916 1103; x_wconf 68' lang='grc' dir='ltr'><em>εὐπορήσαντα</em></span> <span class='ocrx_word' id='word_1_111' title='bbox 945 1048 1178 1101; x_wconf 79' lang='grc' dir='ltr'><em>ἐπιτηδείου</em></span> <span class='ocrx_word' id='word_1_112' title='bbox 1208 1045 1314 1102; x_wconf 86' lang='grc' dir='ltr'><em>πρὸς</em></span> <span class='ocrx_word' id='word_1_113' title='bbox 1341 1046 1388 1088; x_wconf 89' lang='grc' dir='ltr'><strong><em>τὸ</em></strong></span> <span class='ocrx_word' id='word_1_114' title='bbox 1420 1046 1537 1102; x_wconf 78' lang='grc' dir='ltr'><em>ἔργον</em></span> <span class='ocrx_word' id='word_1_115' title='bbox 1561 1045 1732 1105; x_wconf 84' lang='grc' dir='ltr'><em>χρόνου,</em></span> 
     </span>
     <span class='ocr_line' id='line_1_15' title="bbox 299 1107 1737 1167; baseline 0 -13"><span class='ocrx_word' id='word_1_116' title='bbox 299 1107 431 1162; x_wconf 70' lang='grc' dir='ltr'><em>αὖθις</em></span> <span class='ocrx_word' id='word_1_117' title='bbox 471 1113 736 1167; x_wconf 74' lang='grc' dir='ltr'><em>α’ποσχέσθαι</em></span> <span class='ocrx_word' id='word_1_118' title='bbox 777 1111 972 1154; x_wconf 87' lang='grc' dir='ltr'><em>δείσαντα</em></span> <span class='ocrx_word' id='word_1_119' title='bbox 1009 1110 1083 1166; x_wconf 73' lang='grc' dir='ltr'><em>τὴν</em></span> <span class='ocrx_word' id='word_1_120' title='bbox 1123 1115 1328 1166; x_wconf 81' lang='grc' dir='ltr'><em>βασιλέως</em></span> <span class='ocrx_word' id='word_1_121' title='bbox 1369 1112 1555 1167; x_wconf 72' lang='grc' dir='ltr'><em>ἀπειλήν.</em></span> <span class='ocrx_word' id='word_1_122' title='bbox 1606 1113 1737 1167; x_wconf 88' lang='grc' dir='ltr'><em>μέσης</em></span> 
     </span>
     <span class='ocr_line' id='line_1_16' title="bbox 301 1174 1788 1234; baseline -0.003 -14"><span class='ocrx_word' id='word_1_123' title='bbox 301 1176 382 1233; x_wconf 73' lang='grc' dir='ltr'><em>γὰρ</em></span> <span class='ocrx_word' id='word_1_124' title='bbox 413 1177 571 1234; x_wconf 75' lang='grc' dir='ltr'><em>ἔφασκε</em></span> <span class='ocrx_word' id='word_1_125' title='bbox 599 1176 757 1231; x_wconf 83' lang='grc' dir='ltr'><em>νυκτὸς,</em></span> <span class='ocrx_word' id='word_1_126' title='bbox 785 1179 991 1231; x_wconf 85' lang='grc' dir='ltr'><em>βασιλέως</em></span> <span class='ocrx_word' id='word_1_127' title='bbox 1018 1176 1360 1232; x_wconf 79' lang='grc' dir='ltr'><em>ἐπιδεδημηκότος</em></span> <span class='ocrx_word' id='word_1_128' title='bbox 1387 1180 1636 1231; x_wconf 79' lang='grc' dir='ltr'><em>βασιλείοις,</em></span> <span class='ocrx_word' id='word_1_129' title='bbox 1666 1174 1788 1220; x_wconf 81' lang='grc' dir='ltr'><em>καί15</em></span> 
     </span>
     <span class='ocr_line' id='line_1_17' title="bbox 295 1241 1735 1300; baseline -0.002 -14"><span class='ocrx_word' id='word_1_130' title='bbox 295 1245 381 1286; x_wconf 75' lang='grc' dir='ltr'><em>τῶν</em></span> <span class='ocrx_word' id='word_1_131' title='bbox 414 1242 567 1300; x_wconf 77' lang='grc' dir='ltr'><em>φώτων</em></span> <span class='ocrx_word' id='word_1_132' title='bbox 594 1241 664 1284; x_wconf 70' lang='grc' dir='ltr'><em>ὑπ’</em></span> <span class='ocrx_word' id='word_1_133' title='bbox 691 1245 856 1296; x_wconf 84' lang='grc' dir='ltr'><em>οἲνέμων</em></span> <span class='ocrx_word' id='word_1_134' title='bbox 884 1245 928 1285; x_wconf 81' lang='grc' dir='ltr'><em>ἐν</em></span> <span class='ocrx_word' id='word_1_135' title='bbox 951 1245 1157 1297; x_wconf 77' lang='grc' dir='ltr'><em>χειμῶνος</em></span> <span class='ocrx_word' id='word_1_136' title='bbox 1195 1241 1286 1300; x_wconf 66' lang='grc' dir='ltr'><em>ὥρᾳ</em></span> <span class='ocrx_word' id='word_1_137' title='bbox 1314 1243 1599 1296; x_wconf 81' lang='grc' dir='ltr'><em>ἐσβεσμένων,</em></span> <span class='ocrx_word' id='word_1_138' title='bbox 1637 1241 1735 1291; x_wconf 72' lang='grc' dir='ltr'><em>τοὺς</em></span> 
     </span>
     <span class='ocr_line' id='line_1_18' title="bbox 293 1303 1734 1364; baseline -0.001 -14"><span class='ocrx_word' id='word_1_139' title='bbox 293 1303 447 1358; x_wconf 69' lang='grc' dir='ltr'><em>ἄλλους</em></span> <span class='ocrx_word' id='word_1_140' title='bbox 463 1310 540 1361; x_wconf 81' lang='grc' dir='ltr'><em>μὲν</em></span> <span class='ocrx_word' id='word_1_141' title='bbox 556 1307 654 1363; x_wconf 72' lang='grc' dir='ltr'><em>περὶ</em></span> <span class='ocrx_word' id='word_1_142' title='bbox 666 1305 1097 1364; x_wconf 68' lang='grc' dir='ltr'><em>φώτωνῆσχολῆσθαι</em></span> <span class='ocrx_word' id='word_1_143' title='bbox 1111 1306 1283 1362; x_wconf 66' lang='grc' dir='ltr'><em>κομιδὴν</em></span> <span class='ocrx_word' id='word_1_144' title='bbox 1294 1309 1366 1349; x_wconf 87' lang='grc' dir='ltr'><strong><em>καί</em></strong></span> <span class='ocrx_word' id='word_1_145' title='bbox 1381 1310 1592 1363; x_wconf 76' lang='grc' dir='ltr'><em>θορυβεῖν,</em></span> <span class='ocrx_word' id='word_1_146' title='bbox 1609 1305 1734 1349; x_wconf 69' lang='grc' dir='ltr'><em>αὐτὸν</em></span> 
     </span>
     <span class='ocr_line' id='line_1_19' title="bbox 293 1372 1735 1428; baseline -0.001 -12"><span class='ocrx_word' id='word_1_147' title='bbox 293 1374 341 1416; x_wconf 81' lang='grc' dir='ltr'><em>δὲ</em></span> <span class='ocrx_word' id='word_1_148' title='bbox 362 1372 508 1428; x_wconf 85' lang='grc' dir='ltr'><em>καιρὸν</em></span> <span class='ocrx_word' id='word_1_149' title='bbox 529 1376 758 1426; x_wconf 86' lang='grc' dir='ltr'><em>νομίσαντα</em></span> <span class='ocrx_word' id='word_1_150' title='bbox 782 1372 853 1415; x_wconf 76' lang='grc' dir='ltr'><em>διὰ</em></span> <span class='ocrx_word' id='word_1_151' title='bbox 875 1372 922 1415; x_wconf 85' lang='grc' dir='ltr'><em>τὸ</em></span> <span class='ocrx_word' id='word_1_152' title='bbox 936 1372 1078 1421; x_wconf 86' lang='grc' dir='ltr'><em>σκότος</em></span> <span class='ocrx_word' id='word_1_153' title='bbox 1095 1372 1168 1414; x_wconf 80' lang='grc' dir='ltr'><em>καί</em></span> <span class='ocrx_word' id='word_1_154' title='bbox 1181 1372 1421 1426; x_wconf 78' lang='grc' dir='ltr'><em>προσιόντα,</em></span> <span class='ocrx_word' id='word_1_155' title='bbox 1445 1374 1622 1425; x_wconf 89' lang='grc' dir='ltr'><em>βασιλέα</em></span> <span class='ocrx_word' id='word_1_156' title='bbox 1653 1389 1735 1427; x_wconf 80' lang='grc' dir='ltr'><em>μη-</em></span> 
     </span>
     <span class='ocr_line' id='line_1_20' title="bbox 293 1435 1735 1493; baseline 0 -13"><span class='ocrx_word' id='word_1_157' title='bbox 293 1439 391 1480; x_wconf 86' lang='grc' dir='ltr'><em>δένα</em></span> <span class='ocrx_word' id='word_1_158' title='bbox 411 1440 690 1493; x_wconf 78' lang='grc' dir='ltr'><em>προσεγγίζειν</em></span> <span class='ocrx_word' id='word_1_159' title='bbox 707 1445 959 1493; x_wconf 88' lang='grc' dir='ltr'><em>προσειπεῖν,</em></span> <span class='ocrx_word' id='word_1_160' title='bbox 981 1454 1036 1486; x_wconf 88' lang='grc' dir='ltr'><em>ως</em></span> <span class='ocrx_word' id='word_1_161' title='bbox 1054 1453 1123 1479; x_wconf 88' lang='grc' dir='ltr'><em>και</em></span> <span class='ocrx_word' id='word_1_162' title='bbox 1141 1436 1269 1478; x_wconf 74' lang='grc' dir='ltr'><em>αὐτόν</em></span> <span class='ocrx_word' id='word_1_163' title='bbox 1289 1435 1363 1491; x_wconf 80' lang='grc' dir='ltr'><em>τὴν</em></span> <span class='ocrx_word' id='word_1_164' title='bbox 1382 1436 1601 1492; x_wconf 81' lang='grc' dir='ltr'><em>μάχαιραν</em></span> <span class='ocrx_word' id='word_1_165' title='bbox 1620 1439 1735 1480; x_wconf 83' lang='grc' dir='ltr'><em>κατέ-</em></span> 
     </span>
     <span class='ocr_line' id='line_1_21' title="bbox 294 1500 1788 1558; baseline -0.003 -14"><span class='ocrx_word' id='word_1_166' title='bbox 294 1519 435 1558; x_wconf 85' lang='grc' dir='ltr'><em>χοντα.</em></span> <span class='ocrx_word' id='word_1_167' title='bbox 464 1500 489 1544; x_wconf 78' lang='grc' dir='ltr'><em>ὃ</em></span> <span class='ocrx_word' id='word_1_168' title='bbox 505 1503 737 1555; x_wconf 75' lang='grc' dir='ltr'><em>πυθόμενον</em></span> <span class='ocrx_word' id='word_1_169' title='bbox 757 1502 887 1545; x_wconf 84' lang='grc' dir='ltr'><em>αυτὸν</em></span> <span class='ocrx_word' id='word_1_170' title='bbox 907 1520 975 1544; x_wconf 88' lang='grc' dir='ltr'><em>και</em></span> <span class='ocrx_word' id='word_1_171' title='bbox 971 1502 1188 1545; x_wconf 87' lang='grc' dir='ltr'><em>δείσαντα</em></span> <span class='ocrx_word' id='word_1_172' title='bbox 1211 1502 1475 1556; x_wconf 71' lang='grc' dir='ltr'><em>ἀποσχέσθαι</em></span> <span class='ocrx_word' id='word_1_173' title='bbox 1492 1505 1566 1556; x_wconf 81' lang='grc' dir='ltr'><em>τῆς</em></span> <span class='ocrx_word' id='word_1_174' title='bbox 1577 1504 1735 1557; x_wconf 83' lang='grc' dir='ltr'><em>ἒπιβου-</em></span> <span class='ocrx_word' id='word_1_175' title='bbox 1737 1515 1788 1540; x_wconf 88' lang='lat'><em>20</em></span> 
     </span>
    </p>

    <p class='ocr_par' dir='ltr' id='par_1_4' title="bbox 170 1565 1783 1755">
     <span class='ocr_line' id='line_1_22' title="bbox 170 1565 1783 1624; baseline -0.001 -13"><span class='ocrx_word' id='word_1_176' title='bbox 170 1572 203 1607; x_wconf 83' lang='lat' dir='ltr'><em>P·</em></span> <span class='ocrx_word' id='word_1_177' title='bbox 219 1571 289 1605; x_wconf 86' lang='grc'><em>686</em></span> <span class='ocrx_word' id='word_1_178' title='bbox 304 1572 390 1624; x_wconf 83' lang='grc' dir='ltr'><em>λῆς.</em></span> <span class='ocrx_word' id='word_1_179' title='bbox 406 1570 677 1624; x_wconf 81' lang='grc' dir='ltr'><em>ἐρωτωμένου</em></span> <span class='ocrx_word' id='word_1_180' title='bbox 695 1569 740 1610; x_wconf 85' lang='grc' dir='ltr'><em>δὲ</em></span> <span class='ocrx_word' id='word_1_181' title='bbox 755 1571 971 1622; x_wconf 81' lang='grc' dir='ltr'><em>βασιλέως,</em></span> <span class='ocrx_word' id='word_1_182' title='bbox 984 1584 1018 1610; x_wconf 90' lang='grc' dir='ltr'><em>ει</em></span> <span class='ocrx_word' id='word_1_183' title='bbox 1031 1586 1069 1610; x_wconf 90' lang='grc' dir='ltr'><em>τι</em></span> <span class='ocrx_word' id='word_1_184' title='bbox 1081 1565 1172 1610; x_wconf 87' lang='grc' dir='ltr'><em>τότε</em></span> <span class='ocrx_word' id='word_1_185' title='bbox 1186 1584 1280 1623; x_wconf 89' lang='grc' dir='ltr'><em>περι</em></span> <span class='ocrx_word' id='word_1_186' title='bbox 1295 1570 1367 1622; x_wconf 75' lang='grc' dir='ltr'><em>τῆς</em></span> <span class='ocrx_word' id='word_1_187' title='bbox 1382 1566 1645 1622; x_wconf 65' lang='grc' dir='ltr'><em>ἐπιβουλῆς“</em></span> <span class='ocrx_word' id='word_1_188' title='bbox 1619 1568 1734 1610; x_wconf 79' lang='grc' dir='ltr'><em>υπιό-</em></span> <span class='ocrx_word' id='word_1_189' title='bbox 1780 1606 1783 1610; x_wconf 89' lang='grc'><em>.</em></span> 
     </span>
     <span class='ocr_line' id='line_1_23' title="bbox 295 1630 1732 1690; baseline -0.001 -13"><span class='ocrx_word' id='word_1_190' title='bbox 295 1650 484 1687; x_wconf 82' lang='grc' dir='ltr'><em>πτευκεν,</em></span> <span class='ocrx_word' id='word_1_191' title='bbox 515 1635 634 1674; x_wconf 81' lang='grc' dir='ltr'><em>ου’δὲν</em></span> <span class='ocrx_word' id='word_1_192' title='bbox 651 1630 776 1687; x_wconf 84' lang='grc' dir='ltr'><em>εἶπεν,</em></span> <span class='ocrx_word' id='word_1_193' title='bbox 799 1633 909 1675; x_wconf 69' lang='grc' dir='ltr'><em>’ἀλλὰ</em></span> <span class='ocrx_word' id='word_1_194' title='bbox 938 1637 1018 1676; x_wconf 78' lang='grc' dir='ltr'><em>τῶν</em></span> <span class='ocrx_word' id='word_1_195' title='bbox 1034 1630 1170 1675; x_wconf 71' lang='grc' dir='ltr'><em>ἄλλων</em></span> <span class='ocrx_word' id='word_1_196' title='bbox 1187 1634 1481 1688; x_wconf 75' lang='grc' dir='ltr'><em>θορυβούντων</em></span> <span class='ocrx_word' id='word_1_197' title='bbox 1507 1633 1579 1675; x_wconf 84' lang='grc' dir='ltr'><em>καί</em></span> <span class='ocrx_word' id='word_1_198' title='bbox 1594 1630 1732 1690; x_wconf 70' lang='grc' dir='ltr'><em>ὥσπερ</em></span> 
     </span>
     <span class='ocr_line' id='line_1_24' title="bbox 295 1695 1734 1755; baseline 0 -15"><span class='ocrx_word' id='word_1_199' title='bbox 295 1697 542 1741; x_wconf 83' lang='grc' dir='ltr'><em>δεδοικότων</em></span> <span class='ocrx_word' id='word_1_200' title='bbox 554 1698 651 1753; x_wconf 73' lang='grc' dir='ltr'><em>περί</em></span> <span class='ocrx_word' id='word_1_201' title='bbox 661 1695 801 1751; x_wconf 77' lang='grc' dir='ltr'><em>αὐτοῦ,</em></span> <span class='ocrx_word' id='word_1_202' title='bbox 816 1700 859 1740; x_wconf 80' lang='grc' dir='ltr'><em>ἐν</em></span> <span class='ocrx_word' id='word_1_203' title='bbox 871 1698 1145 1754; x_wconf 77' lang='grc' dir='ltr'><em>ειῖτραπελίας</em></span> <span class='ocrx_word' id='word_1_204' title='bbox 1160 1697 1263 1741; x_wconf 84' lang='grc' dir='ltr'><em>εἴδει</em></span> <span class='ocrx_word' id='word_1_205' title='bbox 1274 1698 1453 1755; x_wconf 69' lang='grc' dir='ltr'><em>θαρῥεῖν</em></span> <span class='ocrx_word' id='word_1_206' title='bbox 1465 1697 1569 1755; x_wconf 85' lang='grc' dir='ltr'><em>πρὸς</em></span> <span class='ocrx_word' id='word_1_207' title='bbox 1579 1698 1734 1748; x_wconf 69' lang='grc' dir='ltr'><em>αὐτούς</em></span> 
     </span>
    </p>

    <p class='ocr_par' dir='ltr' id='par_1_5' title="bbox 163 1761 1731 1822">
     <span class='ocr_line' id='line_1_25' title="bbox 163 1761 1731 1822; baseline -0.006 -7"><span class='ocrx_word' id='word_1_208' title='bbox 163 1775 284 1822; x_wconf 76' lang='lat' dir='ltr'>V.547</span> <span class='ocrx_word' id='word_1_209' title='bbox 296 1767 424 1808; x_wconf 84' lang='grc' dir='ltr'><em>εἰπεῖν</em></span> <span class='ocrx_word' id='word_1_210' title='bbox 443 1766 514 1806; x_wconf 84' lang='grc' dir='ltr'><em>καί</em></span> <span class='ocrx_word' id='word_1_211' title='bbox 533 1761 591 1820; x_wconf 71' lang='grc' dir='ltr'><em>μὴ</em></span> <span class='ocrx_word' id='word_1_212' title='bbox 606 1765 856 1806; x_wconf 85' lang='grc' dir='ltr'><em>δεδοικέναι.</em></span> <span class='ocrx_word' id='word_1_213' title='bbox 879 1763 1097 1820; x_wconf 78' lang='grc' dir='ltr'><em>μάχαιραν</em></span> <span class='ocrx_word' id='word_1_214' title='bbox 1113 1763 1194 1820; x_wconf 73' lang='grc' dir='ltr'><em>γὰρ</em></span> <span class='ocrx_word' id='word_1_215' title='bbox 1217 1765 1408 1818; x_wconf 86' lang='grc' dir='ltr'><em>κατέχειν</em></span> <span class='ocrx_word' id='word_1_216' title='bbox 1427 1765 1501 1806; x_wconf 87' lang='grc' dir='ltr'>καί</span> <span class='ocrx_word' id='word_1_217' title='bbox 1527 1763 1667 1807; x_wconf 73' lang='grc' dir='ltr'><em>αὕτόν.</em></span> <span class='ocrx_word' id='word_1_218' title='bbox 1704 1764 1731 1819; x_wconf 82' lang='grc' dir='ltr'><em>ἢ</em></span> 
     </span>
    </p>
   </div>
   <div class='ocr_carea' id='block_1_3' title="bbox 291 1885 1784 2789">
    <p class='ocr_par' dir='ltr' id='par_1_6' title="bbox 291 1885 1784 2767">
     <span class='ocr_line' id='line_1_26' title="bbox 292 1885 1724 1933; baseline -0.001 -12"><span class='ocrx_word' id='word_1_219' title='bbox 292 1887 482 1931; x_wconf 83' lang='lat' dir='ltr'><strong>mysticum</strong></span> <span class='ocrx_word' id='word_1_220' title='bbox 508 1898 552 1920; x_wconf 81' lang='lat' dir='ltr'><em>ex</em></span> <span class='ocrx_word' id='word_1_221' title='bbox 575 1886 807 1920; x_wconf 81' lang='lat' dir='ltr'>archontibus</span> <span class='ocrx_word' id='word_1_222' title='bbox 838 1897 963 1927; x_wconf 90' lang='lat' dir='ltr'><strong>unum,</strong></span> <span class='ocrx_word' id='word_1_223' title='bbox 988 1891 1125 1920; x_wconf 89' lang='lat' dir='ltr'><strong>secreto</strong></span> <span class='ocrx_word' id='word_1_224' title='bbox 1156 1886 1260 1933; x_wconf 88' lang='lat' dir='ltr'><strong>loqui</strong></span> <span class='ocrx_word' id='word_1_225' title='bbox 1283 1886 1472 1927; x_wconf 83' lang='lat' dir='ltr'><strong>viderunt,</strong></span> <span class='ocrx_word' id='word_1_226' title='bbox 1495 1897 1647 1932; x_wconf 82' lang='lat' dir='ltr'><strong>moxque</strong></span> <span class='ocrx_word' id='word_1_227' title='bbox 1679 1885 1724 1919; x_wconf 87' lang='lat' dir='ltr'><em>ad</em></span> 
     </span>
     <span class='ocr_line' id='line_1_27' title="bbox 294 1933 1723 1978; baseline -0.001 -12"><span class='ocrx_word' id='word_1_228' title='bbox 294 1934 530 1978; x_wconf 85' lang='lat' dir='ltr'><strong>Contophren</strong></span> <span class='ocrx_word' id='word_1_229' title='bbox 572 1933 616 1966; x_wconf 89' lang='lat' dir='ltr'><em>de</em></span> <span class='ocrx_word' id='word_1_230' title='bbox 654 1933 803 1966; x_wconf 88' lang='lat' dir='ltr'><strong>homine</strong></span> <span class='ocrx_word' id='word_1_231' title='bbox 838 1934 1043 1966; x_wconf 78' lang='lat' dir='ltr'><strong>retulerunt</strong></span> <span class='ocrx_word' id='word_1_232' title='bbox 1070 1933 1277 1974; x_wconf 83' lang='lat' dir='ltr'><strong>hortantes,</strong></span> <span class='ocrx_word' id='word_1_233' title='bbox 1309 1934 1361 1966; x_wconf 90' lang='lat' dir='ltr'><em>uti</em></span> <span class='ocrx_word' id='word_1_234' title='bbox 1384 1944 1523 1966; x_wconf 86' lang='lat' dir='ltr'><strong>causam</strong></span> <span class='ocrx_word' id='word_1_235' title='bbox 1548 1933 1723 1966; x_wconf 84' lang='lat' dir='ltr'><strong>adventus</strong></span> 
     </span>
     <span class='ocr_line' id='line_1_28' title="bbox 297 1979 1727 2025; baseline -0.001 -12"><span class='ocrx_word' id='word_1_236' title='bbox 297 1982 375 2014; x_wconf 85' lang='lat' dir='ltr'><strong>eius</strong></span> <span class='ocrx_word' id='word_1_237' title='bbox 403 1981 622 2025; x_wconf 75' lang='lat' dir='ltr'><strong>exquireret.</strong></span> <span class='ocrx_word' id='word_1_238' title='bbox 705 1980 824 2023; x_wconf 88' lang='lat' dir='ltr'><strong>Quem</strong></span> <span class='ocrx_word' id='word_1_239' title='bbox 861 1979 1086 2023; x_wconf 84' lang='lat' dir='ltr'><strong>Contophres</strong></span> <span class='ocrx_word' id='word_1_240' title='bbox 1131 1985 1334 2025; x_wconf 82' lang='lat' dir='ltr'><strong>perterrere</strong></span> <span class='ocrx_word' id='word_1_241' title='bbox 1375 1979 1501 2013; x_wconf 86' lang='lat' dir='ltr'><strong>volens</strong></span> <span class='ocrx_word' id='word_1_242' title='bbox 1538 1980 1660 2012; x_wconf 86' lang='lat' dir='ltr'><strong>statim</strong></span> <span class='ocrx_word' id='word_1_243' title='bbox 1690 1983 1727 2012; x_wconf 85' lang='lat' dir='ltr'><em>et</em></span> 
     </span>
     <span class='ocr_line' id='line_1_29' title="bbox 295 2025 1730 2080; baseline -0.001 -21"><span class='ocrx_word' id='word_1_244' title='bbox 295 2026 466 2059; x_wconf 82' lang='lat' dir='ltr'><strong>audacius</strong></span> <span class='ocrx_word' id='word_1_245' title='bbox 485 2026 595 2080; x_wconf 85' lang='lat' dir='ltr'><strong>pallio</strong></span> <span class='ocrx_word' id='word_1_246' title='bbox 618 2025 881 2071; x_wconf 85' lang='lat' dir='ltr'><strong>apprehensum</strong></span> <span class='ocrx_word' id='word_1_247' title='bbox 900 2025 971 2059; x_wconf 91' lang='lat' dir='ltr'><strong>huc</strong></span> <span class='ocrx_word' id='word_1_248' title='bbox 996 2026 1084 2059; x_wconf 89' lang='lat' dir='ltr'><strong>illuc</strong></span> <span class='ocrx_word' id='word_1_249' title='bbox 1107 2027 1211 2071; x_wconf 84' lang='lat' dir='ltr'><strong>rapit.</strong></span> <span class='ocrx_word' id='word_1_250' title='bbox 1261 2027 1307 2059; x_wconf 88' lang='lat' dir='ltr'><em>Et</em></span> <span class='ocrx_word' id='word_1_251' title='bbox 1331 2035 1411 2058; x_wconf 85' lang='lat' dir='ltr'><strong>ecce</strong></span> <span class='ocrx_word' id='word_1_252' title='bbox 1435 2026 1500 2059; x_wconf 92' lang='lat' dir='ltr'><em>sub</em></span> <span class='ocrx_word' id='word_1_253' title='bbox 1526 2027 1604 2058; x_wconf 90' lang='lat' dir='ltr'><strong>eius</strong></span> <span class='ocrx_word' id='word_1_254' title='bbox 1627 2030 1730 2059; x_wconf 81' lang='lat' dir='ltr'><strong>veste</strong></span> 
     </span>
     <span class='ocr_line' id='line_1_30' title="bbox 295 2071 1728 2118; baseline -0.001 -12"><span class='ocrx_word' id='word_1_255' title='bbox 295 2074 388 2113; x_wconf 83' lang='lat' dir='ltr'><strong>sica,</strong></span> <span class='ocrx_word' id='word_1_256' title='bbox 424 2074 502 2117; x_wconf 83' lang='lat' dir='ltr'><strong>ipsa</strong></span> <span class='ocrx_word' id='word_1_257' title='bbox 537 2075 613 2105; x_wconf 87' lang='lat' dir='ltr'><strong>acie</strong></span> <span class='ocrx_word' id='word_1_258' title='bbox 655 2077 693 2106; x_wconf 87' lang='lat' dir='ltr'><em>ct</em></span> <span class='ocrx_word' id='word_1_259' title='bbox 726 2072 875 2118; x_wconf 84' lang='lat' dir='ltr'><strong>cuspide</strong></span> <span class='ocrx_word' id='word_1_260' title='bbox 902 2073 1008 2115; x_wconf 86' lang='lat' dir='ltr'><strong>longe</strong></span> <span class='ocrx_word' id='word_1_261' title='bbox 1033 2075 1190 2106; x_wconf 89' lang='lat' dir='ltr'><strong>omnium</strong></span> <span class='ocrx_word' id='word_1_262' title='bbox 1220 2072 1444 2111; x_wconf 74' lang='lat' dir='ltr'><strong>acutissima,</strong></span> <span class='ocrx_word' id='word_1_263' title='bbox 1474 2073 1513 2104; x_wconf 91' lang='lat' dir='ltr'><strong>in</strong></span> <span class='ocrx_word' id='word_1_264' title='bbox 1552 2071 1728 2105; x_wconf 80' lang='lat' dir='ltr'><strong>lateribus</strong></span> 
     </span>
     <span class='ocr_line' id='line_1_31' title="bbox 298 2117 1726 2173; baseline -0.002 -21"><span class='ocrx_word' id='word_1_265' title='bbox 298 2119 470 2173; x_wconf 81' lang='lat' dir='ltr'><strong>quasdas</strong></span> <span class='ocrx_word' id='word_1_266' title='bbox 487 2121 657 2152; x_wconf 80' lang='lat' dir='ltr'><strong>cavitates</strong></span> <span class='ocrx_word' id='word_1_267' title='bbox 691 2124 728 2152; x_wconf 88' lang='lat' dir='ltr'><em>et</em></span> <span class='ocrx_word' id='word_1_268' title='bbox 765 2130 868 2152; x_wconf 87' lang='lat' dir='ltr'><strong>ansas</strong></span> <span class='ocrx_word' id='word_1_269' title='bbox 902 2117 1065 2159; x_wconf 84' lang='lat' dir='ltr'><strong>habens,</strong></span> <span class='ocrx_word' id='word_1_270' title='bbox 1099 2119 1236 2173; x_wconf 87' lang='lat' dir='ltr'><strong>quibus</strong></span> <span class='ocrx_word' id='word_1_271' title='bbox 1259 2128 1438 2152; x_wconf 85' lang='lat' dir='ltr'><strong>venenum</strong></span> <span class='ocrx_word' id='word_1_272' title='bbox 1462 2122 1539 2151; x_wconf 83' lang='lat' dir='ltr'><strong>erat</strong></span> <span class='ocrx_word' id='word_1_273' title='bbox 1559 2118 1726 2151; x_wconf 85' lang='lat' dir='ltr'><strong>aliitum.</strong></span> 
     </span>
     <span class='ocr_line' id='line_1_32' title="bbox 297 2164 1784 2218; baseline -0.002 -19"><span class='ocrx_word' id='word_1_274' title='bbox 297 2177 370 2210; x_wconf 89' lang='lat' dir='ltr'><strong>quo</strong></span> <span class='ocrx_word' id='word_1_275' title='bbox 410 2165 472 2210; x_wconf 85' lang='lat' dir='ltr'><em>qui</em></span> <span class='ocrx_word' id='word_1_276' title='bbox 509 2175 568 2197; x_wconf 84' lang='lat' dir='ltr'><em>eas</em></span> <span class='ocrx_word' id='word_1_277' title='bbox 601 2165 830 2218; x_wconf 80' lang='lat' dir='ltr'><strong>contigisset,</strong></span> <span class='ocrx_word' id='word_1_278' title='bbox 873 2164 1059 2198; x_wconf 84' lang='lat' dir='ltr'><strong>celerrime</strong></span> <span class='ocrx_word' id='word_1_279' title='bbox 1097 2165 1274 2198; x_wconf 87' lang='lat' dir='ltr'><strong>interiret.</strong></span> <span class='ocrx_word' id='word_1_280' title='bbox 1332 2165 1566 2198; x_wconf 82' lang='lat' dir='ltr'><strong>Examinatus</strong></span> <span class='ocrx_word' id='word_1_281' title='bbox 1594 2168 1728 2204; x_wconf 83' lang='lat' dir='ltr'><strong>autem,</strong></span> <span class='ocrx_word' id='word_1_282' title='bbox 1767 2175 1784 2209; x_wconf 14' lang='lat'><em>¹&gt;</em></span> 
     </span>
     <span class='ocr_line' id='line_1_33' title="bbox 297 2209 1727 2257; baseline -0.001 -13"><span class='ocrx_word' id='word_1_283' title='bbox 297 2211 387 2256; x_wconf 88' lang='lat' dir='ltr'><strong>quid</strong></span> <span class='ocrx_word' id='word_1_284' title='bbox 413 2212 484 2244; x_wconf 87' lang='lat' dir='ltr'><strong>sibi</strong></span> <span class='ocrx_word' id='word_1_285' title='bbox 513 2221 591 2243; x_wconf 92' lang='lat' dir='ltr'><strong>cum</strong></span> <span class='ocrx_word' id='word_1_286' title='bbox 619 2211 692 2257; x_wconf 76' lang='lat' dir='ltr'><strong>sica</strong></span> <span class='ocrx_word' id='word_1_287' title='bbox 716 2212 845 2251; x_wconf 86' lang='lat' dir='ltr'><strong>vellet,</strong></span> <span class='ocrx_word' id='word_1_288' title='bbox 873 2212 1071 2255; x_wconf 84' lang='lat' dir='ltr'><strong>respondit,</strong></span> <span class='ocrx_word' id='word_1_289' title='bbox 1085 2222 1121 2244; x_wconf 87' lang='lat' dir='ltr'><em>se</em></span> <span class='ocrx_word' id='word_1_290' title='bbox 1140 2221 1159 2242; x_wconf 88' lang='lat' dir='ltr'><strong>a</strong></span> <span class='ocrx_word' id='word_1_291' title='bbox 1181 2209 1338 2255; x_wconf 81' lang='lat' dir='ltr'><strong>quodam</strong></span> <span class='ocrx_word' id='word_1_292' title='bbox 1363 2210 1533 2245; x_wconf 85' lang='lat' dir='ltr'><strong>archonte</strong></span> <span class='ocrx_word' id='word_1_293' title='bbox 1564 2210 1727 2254; x_wconf 75' lang='lat' dir='ltr'><strong>Byzantii</strong></span> 
     </span>
     <span class='ocr_line' id='line_1_34' title="bbox 299 2256 1727 2311; baseline -0.001 -20"><span class='ocrx_word' id='word_1_294' title='bbox 299 2257 489 2291; x_wconf 86' lang='lat' dir='ltr'><strong>inductum</strong></span> <span class='ocrx_word' id='word_1_295' title='bbox 535 2257 582 2289; x_wconf 82' lang='lat' dir='ltr'><em>ad</em></span> <span class='ocrx_word' id='word_1_296' title='bbox 616 2258 869 2311; x_wconf 79' lang='lat' dir='ltr'><strong>imperatorem</strong></span> <span class='ocrx_word' id='word_1_297' title='bbox 904 2268 946 2291; x_wconf 89' lang='lat' dir='ltr'><em>ea</em></span> <span class='ocrx_word' id='word_1_298' title='bbox 977 2256 1239 2291; x_wconf 86' lang='lat' dir='ltr'><strong>vulnerandum</strong></span> <span class='ocrx_word' id='word_1_299' title='bbox 1277 2257 1497 2290; x_wconf 85' lang='lat' dir='ltr'><strong>adventasse.</strong></span> <span class='ocrx_word' id='word_1_300' title='bbox 1580 2258 1625 2289; x_wconf 82' lang='lat' dir='ltr'><em>Et</em></span> <span class='ocrx_word' id='word_1_301' title='bbox 1654 2256 1727 2290; x_wconf 82' lang='lat' dir='ltr'><strong>iam</strong></span> 
     </span>
     <span class='ocr_line' id='line_1_35' title="bbox 296 2302 1727 2358; baseline -0.001 -22"><span class='ocrx_word' id='word_1_302' title='bbox 296 2305 465 2349; x_wconf 89' lang='lat' dir='ltr'><strong>quintum</strong></span> <span class='ocrx_word' id='word_1_303' title='bbox 498 2303 677 2336; x_wconf 89' lang='lat' dir='ltr'><strong>decimum</strong></span> <span class='ocrx_word' id='word_1_304' title='bbox 711 2303 765 2338; x_wconf 84' lang='lat' dir='ltr'><em>ire</em></span> <span class='ocrx_word' id='word_1_305' title='bbox 796 2304 917 2344; x_wconf 89' lang='lat' dir='ltr'><strong>diem,</strong></span> <span class='ocrx_word' id='word_1_306' title='bbox 953 2315 997 2337; x_wconf 80' lang='lat' dir='ltr'><em>ex</em></span> <span class='ocrx_word' id='word_1_307' title='bbox 1032 2314 1104 2347; x_wconf 92' lang='lat' dir='ltr'><strong>quo</strong></span> <span class='ocrx_word' id='word_1_308' title='bbox 1128 2302 1303 2339; x_wconf 85' lang='lat' dir='ltr'><strong>venisset.</strong></span> <span class='ocrx_word' id='word_1_309' title='bbox 1329 2315 1401 2349; x_wconf 90' lang='lat' dir='ltr'><strong>quo</strong></span> <span class='ocrx_word' id='word_1_310' title='bbox 1426 2309 1594 2358; x_wconf 49' lang='lat' dir='ltr'><strong>tempore·</strong></span> <span class='ocrx_word' id='word_1_311' title='bbox 1614 2302 1727 2335; x_wconf 87' lang='lat' dir='ltr'><strong>semel</strong></span> 
     </span>
     <span class='ocr_line' id='line_1_36' title="bbox 296 2349 1726 2396; baseline -0.001 -13"><span class='ocrx_word' id='word_1_312' title='bbox 296 2356 442 2383; x_wconf 88' lang='lat' dir='ltr'><strong>nactum</strong></span> <span class='ocrx_word' id='word_1_313' title='bbox 494 2352 717 2383; x_wconf 84' lang='lat' dir='ltr'><strong>occasionem</strong></span> <span class='ocrx_word' id='word_1_314' title='bbox 749 2349 984 2396; x_wconf 81' lang='lat' dir='ltr'><strong>perpetrandi</strong></span> <span class='ocrx_word' id='word_1_315' title='bbox 1023 2349 1193 2382; x_wconf 85' lang='lat' dir='ltr'><strong>facinoris</strong></span> <span class='ocrx_word' id='word_1_316' title='bbox 1242 2353 1341 2381; x_wconf 88' lang='lat' dir='ltr'><strong>metu</strong></span> <span class='ocrx_word' id='word_1_317' title='bbox 1377 2354 1500 2382; x_wconf 83' lang='lat' dir='ltr'><strong>tamen</strong></span> <span class='ocrx_word' id='word_1_318' title='bbox 1547 2350 1726 2382; x_wconf 86' lang='lat' dir='ltr'><strong>minarum</strong></span> 
     </span>
     <span class='ocr_line' id='line_1_37' title="bbox 295 2395 1725 2450; baseline -0.003 -20"><span class='ocrx_word' id='word_1_319' title='bbox 295 2397 522 2450; x_wconf 83' lang='lat' dir='ltr'><strong>imperatoris</strong></span> <span class='ocrx_word' id='word_1_320' title='bbox 549 2396 779 2430; x_wconf 83' lang='lat' dir='ltr'><strong>abstinuisse.</strong></span> <span class='ocrx_word' id='word_1_321' title='bbox 827 2395 950 2431; x_wconf 84' lang='lat' dir='ltr'><strong>Media</strong></span> <span class='ocrx_word' id='word_1_322' title='bbox 978 2396 1074 2428; x_wconf 87' lang='lat' dir='ltr'><strong>enim</strong></span> <span class='ocrx_word' id='word_1_323' title='bbox 1098 2400 1203 2428; x_wconf 89' lang='lat' dir='ltr'><strong>nocte</strong></span> <span class='ocrx_word' id='word_1_324' title='bbox 1230 2395 1399 2436; x_wconf 88' lang='lat' dir='ltr'><strong>dicebat,</strong></span> <span class='ocrx_word' id='word_1_325' title='bbox 1426 2406 1505 2428; x_wconf 86' lang='lat' dir='ltr'><strong>cum</strong></span> <span class='ocrx_word' id='word_1_326' title='bbox 1529 2396 1725 2440; x_wconf 76' lang='lat' dir='ltr'><strong>imperator</strong></span> 
     </span>
     <span class='ocr_line' id='line_1_38' title="bbox 295 2441 1725 2488; baseline 0 -14"><span class='ocrx_word' id='word_1_327' title='bbox 295 2442 334 2474; x_wconf 88' lang='lat' dir='ltr'><strong>in</strong></span> <span class='ocrx_word' id='word_1_328' title='bbox 359 2443 494 2487; x_wconf 83' lang='lat' dir='ltr'><strong>palatio</strong></span> <span class='ocrx_word' id='word_1_329' title='bbox 520 2453 687 2488; x_wconf 87' lang='lat' dir='ltr'><strong>praesens</strong></span> <span class='ocrx_word' id='word_1_330' title='bbox 709 2443 874 2482; x_wconf 82' lang='lat' dir='ltr'><strong>adesset,</strong></span> <span class='ocrx_word' id='word_1_331' title='bbox 910 2447 947 2474; x_wconf 84' lang='lat' dir='ltr'><em>et</em></span> <span class='ocrx_word' id='word_1_332' title='bbox 973 2441 1112 2474; x_wconf 86' lang='lat' dir='ltr'><strong>lumina</strong></span> <span class='ocrx_word' id='word_1_333' title='bbox 1144 2453 1209 2486; x_wconf 89' lang='lat' dir='ltr'><em>per</em></span> <span class='ocrx_word' id='word_1_334' title='bbox 1231 2447 1482 2486; x_wconf 85' lang='lat' dir='ltr'><strong>tempestatem</strong></span> <span class='ocrx_word' id='word_1_335' title='bbox 1506 2448 1634 2476; x_wconf 81' lang='lat' dir='ltr'><strong>ventus</strong></span> <span class='ocrx_word' id='word_1_336' title='bbox 1660 2452 1725 2475; x_wconf 77' lang='lat' dir='ltr'><em>ex-</em></span> 
     </span>
     <span class='ocr_line' id='line_1_39' title="bbox 295 2487 1726 2546; baseline -0.001 -26"><span class='ocrx_word' id='word_1_337' title='bbox 295 2490 500 2529; x_wconf 81' lang='lat' dir='ltr'><strong>stinxisset,</strong></span> <span class='ocrx_word' id='word_1_338' title='bbox 534 2490 624 2523; x_wconf 87' lang='lat' dir='ltr'><strong>alios</strong></span> <span class='ocrx_word' id='word_1_339' title='bbox 660 2488 813 2546; x_wconf 89' lang='lat' dir='ltr'><strong>quidem</strong></span> <span class='ocrx_word' id='word_1_340' title='bbox 841 2489 886 2521; x_wconf 92' lang='lat' dir='ltr'><em>iis</em></span> <span class='ocrx_word' id='word_1_341' title='bbox 915 2487 1194 2521; x_wconf 86' lang='lat' dir='ltr'><strong>reaccendendis</strong></span> <span class='ocrx_word' id='word_1_342' title='bbox 1230 2488 1428 2522; x_wconf 86' lang='lat' dir='ltr'><strong>studiosius</strong></span> <span class='ocrx_word' id='word_1_343' title='bbox 1467 2492 1504 2522; x_wconf 86' lang='lat' dir='ltr'><em>et</em></span> <span class='ocrx_word' id='word_1_344' title='bbox 1524 2488 1726 2521; x_wconf 88' lang='lat' dir='ltr'><strong>tumultuo-</strong></span> 
     </span>
     <span class='ocr_line' id='line_1_40' title="bbox 294 2534 1725 2579; baseline 0.001 -14"><span class='ocrx_word' id='word_1_345' title='bbox 294 2534 368 2567; x_wconf 88' lang='lat' dir='ltr'><strong>sius</strong></span> <span class='ocrx_word' id='word_1_346' title='bbox 405 2541 596 2579; x_wconf 84' lang='lat' dir='ltr'><strong>occupatos</strong></span> <span class='ocrx_word' id='word_1_347' title='bbox 624 2536 747 2569; x_wconf 87' lang='lat' dir='ltr'><strong>fuisse.</strong></span> <span class='ocrx_word' id='word_1_348' title='bbox 805 2534 909 2567; x_wconf 88' lang='lat' dir='ltr'><strong>Tunc</strong></span> <span class='ocrx_word' id='word_1_349' title='bbox 933 2544 970 2566; x_wconf 90' lang='lat' dir='ltr'><em>se</em></span> <span class='ocrx_word' id='word_1_350' title='bbox 995 2538 1111 2567; x_wconf 84' lang='lat' dir='ltr'><strong>ratum</strong></span> <span class='ocrx_word' id='word_1_351' title='bbox 1147 2535 1291 2568; x_wconf 89' lang='lat' dir='ltr'><strong>venisse</strong></span> <span class='ocrx_word' id='word_1_352' title='bbox 1315 2539 1458 2579; x_wconf 86' lang='lat' dir='ltr'><strong>tempus</strong></span> <span class='ocrx_word' id='word_1_353' title='bbox 1492 2539 1640 2579; x_wconf 84' lang='lat' dir='ltr'><strong>propter</strong></span> <span class='ocrx_word' id='word_1_354' title='bbox 1668 2538 1725 2567; x_wconf 84' lang='lat' dir='ltr'><em>te·</em></span> 
     </span>
     <span class='ocr_line' id='line_1_41' title="bbox 292 2580 1725 2635; baseline 0.001 -23"><span class='ocrx_word' id='word_1_355' title='bbox 292 2580 421 2613; x_wconf 78' lang='lat' dir='ltr'><strong>nebi-as</strong></span> <span class='ocrx_word' id='word_1_356' title='bbox 446 2582 658 2615; x_wconf 85' lang='lat' dir='ltr'><strong>accessisse:</strong></span> <span class='ocrx_word' id='word_1_357' title='bbox 686 2582 941 2635; x_wconf 82' lang='lat' dir='ltr'><strong>Imperatorem</strong></span> <span class='ocrx_word' id='word_1_358' title='bbox 969 2585 1092 2613; x_wconf 84' lang='lat' dir='ltr'><strong>contra</strong></span> <span class='ocrx_word' id='word_1_359' title='bbox 1119 2581 1354 2621; x_wconf 81' lang='lat' dir='ltr'><strong>exclamasse,</strong></span> <span class='ocrx_word' id='word_1_360' title='bbox 1379 2592 1425 2614; x_wconf 85' lang='lat' dir='ltr'><em>ne</em></span> <span class='ocrx_word' id='word_1_361' title='bbox 1453 2582 1533 2626; x_wconf 87' lang='lat' dir='ltr'><strong>quis</strong></span> <span class='ocrx_word' id='word_1_362' title='bbox 1553 2581 1623 2614; x_wconf 86' lang='lat' dir='ltr'><strong>sibi</strong></span> <span class='ocrx_word' id='word_1_363' title='bbox 1658 2590 1725 2624; x_wconf 84' lang='lat' dir='ltr'><em>ap-</em></span> 
     </span>
     <span class='ocr_line' id='line_1_42' title="bbox 291 2625 1723 2674; baseline -0.001 -15"><span class='ocrx_word' id='word_1_364' title='bbox 291 2628 570 2672; x_wconf 83' lang='lat' dir='ltr'><strong>propinquaret,</strong></span> <span class='ocrx_word' id='word_1_365' title='bbox 595 2639 632 2661; x_wconf 88' lang='lat' dir='ltr'><em>se</em></span> <span class='ocrx_word' id='word_1_366' title='bbox 657 2638 801 2674; x_wconf 87' lang='lat' dir='ltr'><strong>quoque</strong></span> <span class='ocrx_word' id='word_1_367' title='bbox 829 2628 936 2660; x_wconf 84' lang='lat' dir='ltr'><strong>sicam</strong></span> <span class='ocrx_word' id='word_1_368' title='bbox 962 2625 1105 2660; x_wconf 85' lang='lat' dir='ltr'><strong>habere.</strong></span> <span class='ocrx_word' id='word_1_369' title='bbox 1155 2625 1272 2671; x_wconf 85' lang='lat' dir='ltr'><strong>Quam</strong></span> <span class='ocrx_word' id='word_1_370' title='bbox 1307 2638 1429 2660; x_wconf 87' lang='lat' dir='ltr'><strong>vocem</strong></span> <span class='ocrx_word' id='word_1_371' title='bbox 1463 2626 1526 2660; x_wconf 88' lang='lat' dir='ltr'><em>ubi</em></span> <span class='ocrx_word' id='word_1_372' title='bbox 1557 2626 1723 2660; x_wconf 83' lang='lat' dir='ltr'><strong>audierit</strong></span> 
     </span>
     <span class='ocr_line' id='line_1_43' title="bbox 294 2673 1723 2718; baseline -0.001 -13"><span class='ocrx_word' id='word_1_373' title='bbox 294 2677 333 2706; x_wconf 89' lang='lat' dir='ltr'><em>et</em></span> <span class='ocrx_word' id='word_1_374' title='bbox 361 2674 594 2713; x_wconf 78' lang='lat' dir='ltr'><strong>extimuerit,</strong></span> <span class='ocrx_word' id='word_1_375' title='bbox 632 2674 783 2707; x_wconf 78' lang='lat' dir='ltr'><strong>insidias</strong></span> <span class='ocrx_word' id='word_1_376' title='bbox 808 2674 982 2707; x_wconf 79' lang='lat' dir='ltr'><strong>omisisse.</strong></span> <span class='ocrx_word' id='word_1_377' title='bbox 1031 2673 1276 2718; x_wconf 79' lang='lat' dir='ltr'><strong>Interrogatus</strong></span> <span class='ocrx_word' id='word_1_378' title='bbox 1305 2683 1412 2718; x_wconf 86' lang='lat' dir='ltr'><strong>porro</strong></span> <span class='ocrx_word' id='word_1_379' title='bbox 1436 2675 1640 2718; x_wconf 81' lang='lat' dir='ltr'><strong>imperator,</strong></span> <span class='ocrx_word' id='word_1_380' title='bbox 1663 2682 1723 2704; x_wconf 88' lang='lat' dir='ltr'><em>ec-</em></span> 
     </span>
     <span class='ocr_line' id='line_1_44' title="bbox 293 2717 1723 2789; baseline -0.002 -35"><span class='ocrx_word' id='word_1_381' title='bbox 293 2718 386 2766; x_wconf 87' lang='lat' dir='ltr'><strong>quid</strong></span> <span class='ocrx_word' id='word_1_382' title='bbox 413 2723 490 2754; x_wconf 88' lang='lat' dir='ltr'><em>tum</em></span> <span class='ocrx_word' id='word_1_383' title='bbox 515 2718 559 2754; x_wconf 88' lang='lat' dir='ltr'><em>de</em></span> <span class='ocrx_word' id='word_1_384' title='bbox 584 2720 729 2756; x_wconf 82' lang='lat' dir='ltr'><strong>insidiis</strong></span> <span class='ocrx_word' id='word_1_385' title='bbox 754 2720 954 2767; x_wconf 84' lang='lat' dir='ltr'><strong>quidquam</strong></span> <span class='ocrx_word' id='word_1_386' title='bbox 977 2720 1177 2789; x_wconf 81' lang='lat' dir='ltr'><strong>suspicatus</strong></span> <span class='ocrx_word' id='word_1_387' title='bbox 1204 2724 1321 2761; x_wconf 88' lang='lat' dir='ltr'><strong>esset,</strong></span> <span class='ocrx_word' id='word_1_388' title='bbox 1355 2719 1450 2754; x_wconf 87' lang='lat' dir='ltr'><strong>nihil</strong></span> <span class='ocrx_word' id='word_1_389' title='bbox 1486 2720 1627 2766; x_wconf 88' lang='lat' dir='ltr'><strong>inquit:</strong></span> <span class='ocrx_word' id='word_1_390' title='bbox 1658 2717 1723 2753; x_wconf 80' lang='lat' dir='ltr'><em>sed</em></span> 
     </span>
    </p>
   </div>
  </div>
 </body>
</html>
