1820 3152
287 161 397 236 570
708 212 712 216 .
813 175 1182 221 CANTACUZENI
1223 188 1229 195 ⁸

88 288 180 324 ΔΑΖ.
199 279 344 336 ι346μὴ
374 275 454 323 ὦσι
481 277 1083 336 κατάφωροινεωτερίζοντες,
1113 277 1218 335 πρὸς
1256 278 1307 320 τοὶ
1351 279 1423 334 τῆς
1451 278 1719 333 adimend-

279 352 401 389 λιστα
433 346 605 401 ἀοίκητα
631 347 740 401 μέρη
767 343 1001 400 ὖπεχώρει,
1042 347 1118 388 τοῦ
1146 345 1280 401 δήμου
1311 343 1388 401 τὴν
1418 347 1579 400 κίνησιν
1615 342 1720 390 ὕπο.-

280 410 447 454 πτεύων
486 411 559 453 καὶ
594 410 673 467 τὴν
715 413 761 454 ἐκ
793 412 871 454 τοῦ
899 407 1029 468 φόνου
1052 412 1270 467 ταραχήν·
1299 408 1567 467 σκηψάμενος
1601 412 1649 454 δέ
1677 427 1723 453 τι

279 473 564 531 βουλεύεσθαι
588 478 671 519 τῶν
697 480 867 530 κοινῶν,
908 481 1171 530 μετεκαλεΐτο
1211 478 1285 519 καί
1317 475 1390 520 τὸν
1431 474 1715 532 συνάρχοντα,

282 540 340 592 ὥς
377 543 616 598 κοινωνήσοι
641 545 712 598 τῆς
743 543 913 598 βουλῆς.
950 540 972 584 ὃ
1000 544 1046 585 δὲ
1093 544 1224 598 μηδὲν
1261 541 1386 592 εἰδώς
1423 543 1505 585 τῶν
1543 538 1747 585 §numm-5

281 610 472 665 ρημένων
500 607 666 663 ὀλίγους
691 607 800 663 ἔχων
825 610 923 665 περὶ
950 607 1109 663 αὐτὸν,
1138 603 1212 664 ἧκε
1239 606 1346 664 πρὸς
1372 609 1542 650 ἐκεῖνον.
1590 606 1725 662 λόγων

284 676 331 716 δὲ
358 674 607 731 α’μφιβόλων
632 676 919 729 κεκινημένων,
942 673 965 716 ὅ
993 673 1312 729 Παλαιολόγος,
1342 669 1412 717 οἷα
1442 671 1493 728 δὴ
1524 671 1724 729 πρότερον

236 742 328 782 Βέκ
355 743 432 782 τοῦ
459 738 734 797 ὑπερέχοντος
759 746 845 790 τοῖς
873 737 1013 790 ἄλλοις
1040 741 1277 794 εἰθισμένος
1303 737 1488 793 ὅμιλεῖν,
1531 737 1605 780 καί
1628 736 1737 787 τότε·

277 809 541 862 τραχυτέρας
568 809 645 855 τὰς
673 808 913 862 α’ποκρίσεις
945 809 1146 849 ἐποιεῖτο·
1197 804 1236 848 οἱ
1265 806 1312 848 δὲ
1350 807 1511 859 μᾶλλον
1539 805 1721 859 ἐξεπίτη-

279 873 348 922 δες
386 868 585 927 ἠρέθιζον
627 870 875 928 τρεπόμενοι
917 871 1023 928 πρὸς
1070 868 1231 927 ὕβρεις.
1301 869 1324 912 ὅ
1367 872 1413 913 δὲ
1458 867 1783 918 ὖποπτεύσαςιο.

279 934 383 992 ὅπερ
413 935 463 994 ἦν
478 972 491 991 ,
519 940 776 994 νεωτερίζειν
800 937 1032 991 βούλεσθαι
1060 939 1262 990 ἐκείνους,
1316 933 1486 994 ὥρμητο
1513 938 1591 990 μὲν
1616 933 1738 990 πρὸς,

280 1004 435 1061 φυγήν,
459 1004 512 1046 τὰ
537 1002 693 1059 ἔσχατα
718 1003 940 1059 διαθήσειν
973 1003 1167 1048 ἀπειλῶν.
1198 1002 1370 1059 φθάσας
1391 1003 1439 1044 δὲ
1457 1003 1610 1052 ἐκεῖνος
1628 999 1650 1042 ὅ
1677 997 1724 1042 ’τὸ

278 1069 400 1126 ἔργον
427 1068 629 1124 ὑποστὰς,
658 1064 799 1124 ὤθησε
814 1068 860 1111 τὸ
884 1070 1003 1126 ’ξίφος
1025 1068 1132 1111 κατὰ
1151 1071 1235 1111 ταῖν
1260 1067 1508 1123 σπλάγχνων
1523 1066 1598 1110 καὶ
1620 1068 1724 1108 α’πέ-
1747 1073 1749 1076 “

278 1152 448 1179 κτεινεν.
476 1135 609 1186 εὐθὺς
632 1137 710 1189 μὲν
731 1131 805 1178 οὖν
824 1136 863 1177 οἱ
890 1135 1089 1191 Ζηλωταί
1109 1132 1359 1191 ὑπεχώρουν
1387 1133 1460 1176 καί
1474 1130 1723 1191 κατεδύοντο

278 1204 338 1253 εἷς
354 1200 596 1257 χηραμούς,
636 1198 717 1254 δ’,τε
746 1203 875 1256 δῆμος
897 1202 1020 1242 οὐδὲν
1039 1201 1145 1257 ὑπὲρ
1174 1202 1250 1243 τοῦ
1271 1200 1465 1249 πεσόντος
1491 1195 1778 1254 η’γανάκτη-ιεό

278 1285 360 1312 σεν.
390 1263 441 1323 ἦν
457 1266 537 1322 γὰρ
562 1267 662 1309 οὐδὲ
683 1266 882 1323 πρότερον
904 1269 1040 1316 καλῶς
1061 1265 1318 1320 διακείμενος
1338 1267 1438 1321 περὶ
1460 1263 1560 1315 τούς
1577 1267 1724 1323 Ζηλω-

155 1340 268 1387 Ρ.674
281 1333 368 1383 τάς.
399 1331 508 1388 ἦσαν
532 1332 612 1389 γὰρ
639 1332 791 1385 ὁμοίως
822 1335 894 1375 καί
925 1333 1025 1388 περὶ
1052 1332 1104 1375 τοὶ
1136 1336 1234 1375 θεῖα
1266 1330 1405 1388 ὥσπερ
1435 1335 1508 1374 καί
1544 1335 1644 1385 περὶ
1668 1328 1722 1375 τὰ

279 1397 524 1454 α’νθρώπινα
563 1397 804 1454 ὑβρίζοντες
850 1399 922 1440 καὶ
967 1397 1126 1453 πολλὴν
1156 1397 1486 1451 ἐπιδεικνύμενοι
1521 1395 1598 1453 τὴν
1643 1412 1726 1451 μο-

217 1502 221 1506 .
275 1466 474 1520 χθηρίαν.
529 1463 576 1505 οὗ
603 1462 726 1516 μόνον
753 1462 834 1519 γὰρ
864 1460 1035 1518 ἠδίκουν
1076 1464 1210 1513 ἀδεῶς
1247 1464 1322 1505 καί
1358 1461 1612 1518 διεπόρθουν
1649 1461 1724 1518 τήν

277 1530 423 1586 χώραν
449 1527 658 1581 ἐπιόντες,
697 1530 770 1570 καί
806 1526 883 1578 τὰς
915 1527 1056 1579 κοινάς
1092 1527 1318 1585 συμφοράς
1346 1527 1546 1585 ἀφορμὰς
1573 1527 1774 1572 notoni-20

278 1611 398 1649 μενοι
423 1594 533 1643 ἰδίας
562 1591 818 1650 εὐπραγίας,
858 1593 965 1637 α’λλὰ
995 1596 1070 1636 καί
1103 1594 1205 1637 κατὰ
1232 1593 1307 1644 τὰς
1336 1593 1518 1650 ἀγυιὰς,
1548 1596 1722 1649 δεξαμε-

275 1660 350 1711 νάς
378 1676 494 1710 τινας
521 1657 678 1708 ὕδατος
708 1662 982 1715 πληροῦντες,
1026 1657 1114 1702 εἶτα
1141 1662 1215 1703 καί
1240 1657 1503 1716 ὗφὰπτοντες
1543 1659 1722 1717 κηρούς,

276 1725 391 1775 τινὰς
417 1728 499 1768 τῶν
536 1726 585 1768 τὰ
616 1727 970 1782 Καντακουζηνοῦ
1011 1726 1200 1783 ᾑρῆσθαι
1246 1726 1477 1770 δοκούντων
1515 1727 1724 1781 βασιλέως

278 1789 664 1846 συλλαμβάνοντες,
696 1783 817 1842 ὄντας
844 1792 890 1834 ἐκ
918 1794 994 1836 τοῦ
1023 1793 1181 1848 δήμου,
1223 1790 1497 1847 α’νεβάπτιζον
1529 1792 1588 1843 ὥς
1616 1792 1722 1835 ἄπο-

252 1955 261 1962 ,
280 1927 472 1967 convenit,
497 1931 534 1961 et
557 1927 705 1974 quidam
729 1928 774 1962 de
800 1929 867 1970 iis,
893 1938 983 1974 quos
1009 1930 1098 1963 mire
1122 1923 1335 1970 vexaverat,
1371 1929 1441 1962 hoc
1463 1928 1534 1962 sibi
1559 1928 1720 1961 muneris

280 1973 513 2019 depoposcit,
550 1974 787 2020 Apocauchus
818 1985 898 2008 cum
922 1975 1157 2020 stipatoribus
1183 1977 1276 2016 suis,
1311 1975 1479 2009 omnibus
1504 1975 1720 2009 intrinsecus

280 2020 389 2053 armis
407 2022 579 2054 contectis
595 2046 604 2060 ‚
628 2033 675 2055 ne
701 2023 805 2067 quasi
828 2033 883 2056 res
909 2032 1017 2055 novas
1043 2023 1278 2065 molirentur,
1296 2021 1520 2066 deprehendi
1546 2025 1720 2066 possent,
1741 2027 1744 2031 “

279 2066 327 2099 ad
351 2066 533 2109 regionem
560 2068 716 2101 civitatis
744 2070 783 2102 in
808 2069 933 2114 primis
958 2069 1154 2103 solitariam
1181 2068 1338 2108 secedit,
1363 2068 1489 2113 populi
1515 2073 1654 2101 motum
1677 2078 1721 2101 ae

279 2114 478 2146 tumultum
514 2125 559 2147 ex
595 2114 702 2148 caede
728 2116 908 2148 oriturum
935 2117 1089 2149 veritus:
1117 2116 1357 2160 simulataque
1381 2114 1648 2148 deliberatione
1673 2115 1720 2148 de

279 2171 318 2193 re
334 2159 495 2205 publica,
519 2160 706 2205 collegam,
720 2166 761 2194 ut
785 2173 865 2196 cum
891 2173 932 2195 eo
959 2165 1175 2196 sententiam
1200 2163 1408 2202 collaturus,
1433 2163 1595 2195 accersit.
1642 2160 1719 2206 Qui

278 2206 475 2240 meditatae
500 2206 571 2240 sibi
595 2209 694 2241 necis
716 2209 881 2254 ignarus,
906 2211 1030 2253 paucis
1057 2209 1312 2243 comitantibus
1338 2208 1489 2245 accedit,
1527 2208 1616 2242 Cum
1641 2218 1721 2251 zum-3

279 2252 410 2297 biguus
435 2263 550 2287 sermo
579 2259 784 2296 texeretur,
808 2255 1039 2300 Palaeologus
1066 2260 1170 2289 antea
1194 2257 1233 2288 in
1261 2255 1510 2299 congressione
1535 2255 1582 2288 ob
1607 2254 1719 2299 magi-

281 2304 432 2332 stratum
464 2299 656 2335 fastuosior
675 2326 685 2342 ‚
718 2306 804 2335 tune
837 2312 983 2348 quoque
1014 2303 1172 2346 asperius
1199 2301 1399 2346 respondit.
1445 2302 1506 2334 Illi
1535 2301 1580 2335 de
1607 2300 1720 2334 indu-

280 2346 368 2378 stria
391 2346 562 2383 conviciis
598 2347 784 2381 hominem
818 2349 928 2393 magis
951 2348 1103 2381 irritare.
1153 2349 1245 2382 Tum
1274 2358 1347 2381 rem
1372 2348 1484 2394 ipsam
1511 2347 1718 2392 suspicione

282 2392 481 2435 attingens,
518 2403 578 2427 eos
612 2394 784 2428 videlicet
817 2395 902 2429 novi
938 2394 1124 2439 quippiam
1162 2394 1383 2435 machinari,
1413 2394 1458 2428 ad
1485 2393 1603 2440 fugam
1635 2403 1718 2428 cum

281 2438 389 2470 minis
415 2439 604 2474 dirissimis
630 2444 787 2479 effertur,
834 2440 953 2484 Quem
981 2442 1216 2486 praeveniens
1242 2442 1306 2487 qui
1331 2440 1476 2474 caedem
1501 2445 1720 2485 susceperat,

281 2483 402 2528 gladio
437 2486 475 2518 in
508 2487 644 2520 viscera
667 2488 794 2521 adacto
821 2498 901 2520 eum
927 2488 1109 2521 interficit.
1159 2485 1301 2522 Zelotae
1326 2488 1447 2521 subito
1472 2499 1492 2521 e
1515 2487 1636 2522 medio
1659 2497 1718 2520 re·

283 2530 471 2573 cedentes,
510 2533 674 2566 latibulis
710 2544 747 2566 se
784 2533 957 2568 condunt.
1018 2535 1103 2567 Eius
1141 2541 1255 2568 morte
1279 2535 1432 2579 populus
1465 2534 1559 2568 nihil
1584 2533 1717 2573 doluit,

283 2576 422 2619 alioqui
462 2579 567 2612 etiam
607 2590 626 2611 a
658 2581 787 2614 Zelotis
821 2581 980 2614 alienus:
1024 2580 1203 2626 siquidem
1237 2581 1359 2614 divina
1396 2586 1433 2614 et
1454 2581 1609 2614 humana
1635 2581 1716 2614 iura

285 2623 545 2657 contumeliose
589 2637 631 2660 ac
673 2628 821 2661 sceleste
852 2628 1048 2661 violabant.
1110 2627 1191 2660 Non
1229 2628 1324 2661 enim
1361 2627 1546 2661 dumtaxat
1577 2626 1716 2671 absque

285 2669 360 2703 ullo
383 2674 479 2702 metu
502 2672 709 2717 irrogabant
732 2675 904 2714 iniurias,
930 2676 1186 2718 regionemque
1213 2673 1457 2715 devastabant,
1484 2679 1521 2707 et
1546 2684 1590 2706 ex
1613 2683 1716 2706 com-

285 2715 454 2748 munibus
480 2718 632 2751 miseriis
658 2731 738 2754 suas
763 2720 834 2753 sibi
858 2721 1047 2754 felicitates
1073 2720 1346 2764 comparabant:
1375 2719 1438 2754 sed
1463 2726 1499 2753 et
1525 2731 1588 2764 per
1615 2719 1714 2753 vicos

286 2761 409 2802 urbis,
443 2763 541 2797 soliis
573 2775 664 2810 aqua
702 2767 868 2812 repletis,
907 2772 943 2800 ct
968 2768 1078 2802 cercis
1102 2767 1284 2808 accensis,
1315 2766 1490 2812 quosdam
1526 2765 1570 2799 de
1592 2765 1714 2812 plebe,
