1820 3138
290 159 402 224 408
809 145 1178 219 ΟΑΝΤᾸΟΗΖΕΝΙ

102 275 140 309 Α·
155 276 282 320 01343
295 276 369 330 τὴν
408 277 591 331 Περσῶν
637 274 836 331 στρατιάν
884 277 1020 335 τρόπῳ
1067 276 1119 332 δή
1156 293 1235 318 τινι
1280 280 1438 319 πείθειν
1485 277 1717 333 ἀναχωρεῖν

282 339 386 394 πρὸς
422 340 499 395 τήν
543 342 707 382 οἰκείαν.
761 340 785 380 ὅ
823 343 870 383 δὲ
909 338 989 398 ἤδη
1029 342 1262 395 ἐπιτήδειός
1296 358 1339 383 τε
1383 339 1490 383 εἶναι
1525 345 1719 398 Πέρσαις

288 407 420 447 δοκῶν
449 405 520 446 διὰ
554 405 627 460 τήν
654 406 884 461 ὑπηρεσίαν
903 440 913 458 ,
945 403 1079 455 ἄλλως
1108 410 1151 448 θ’
1168 403 1226 448 ὅτι
1252 406 1323 448 καί
1349 406 1558 461 Περσιστὶ
1583 409 1720 448 διαλε-

282 470 450 523 γόμενος
489 464 634 520 εύνους
653 472 794 521 αὐτοῖς
831 473 985 524 ἐδόκει,
1013 468 1318 524 στοχαζόμενος
1340 471 1395 520 ὡς
1418 467 1612 524 ἄχθοιντο
1646 468 1716 511 διοὶ

248 546 275 578 C
292 533 368 589 τήν
386 534 558 589 χρονίαν
583 537 666 576 τῶν
695 537 832 578 οἰκιῶν
859 533 1108 591 ἆποδημίαν,
1133 535 1402 589 συνεβούλευε
1430 542 1514 585 τοῖς
1543 533 1745 591 ἧγουμέ-5

286 615 372 649 νοις
387 600 570 652 μάλιστα
598 603 671 654 τῆς
697 603 918 656 στρατιᾶς,
946 603 1000 651 ὥς
1023 601 1071 642 οὔ
1102 603 1194 642 δέον
1216 597 1322 643 οὕτω
1343 603 1539 644 τοσοῦτον
1567 601 1720 658 χρόνον

285 669 568 720 ταλαιπωρεῖν
613 664 683 706 ἐπὶ
717 668 791 720 τῆς
829 667 966 722 ξένης,
1016 663 1303 720 ἀμελήσαντας
1335 669 1417 708 τῶν
1458 666 1584 720 οἴκοι,
1629 667 1722 708 ἄλλ’

287 729 377 781 ἅμα
407 730 560 777 πάντας
586 729 891 785 προσελθόντας
917 733 973 789 τῷ
992 730 1146 785 Ἀμούρ
1177 733 1344 773 δεῖσθαι
1375 731 1473 787 περὶ
1499 729 1718 773 ἐπανόδου·

285 797 588 851 ἴσχυρίζεσθαί
617 812 661 837 τε
700 797 756 846 (ὃς
794 797 929 838 ου’κέτι
959 796 1139 838 δύναιντ’
1176 793 1227 838 ἂν
1254 799 1325 839 ἐπὶ
1362 799 1437 850 τῆς
1474 799 1590 851 ξένης
1626 798 1719 838 δια-

284 861 464 916 τριβειν,
506 863 588 902 τῶν
617 861 721 902 οἴκοι
763 861 943 914 μάλιστα
985 863 1220 914 ἐπιμελείας
1258 862 1473 914 δεομένων.
1541 862 1589 903 οὐ
1636 860 1772 916 ydem

286 927 359 966 ἓπί
388 924 549 974 τούτοις
567 927 748 967 ἐνταῦθα
778 928 1037 981 α’φικέσθαι,
1068 923 1174 968 ὥστε
1202 929 1330 982 μέχρι
1356 925 1508 975 παντὸς
1534 932 1721 968 συνεῖναι
1797 930 1800 932 ’

285 994 472 1044 βασιλεῖ’,
514 991 605 1032 ἀλλ’
634 993 974 1046 ἐπιμαχήσαντας
1011 988 1108 1033 ὅσον
1137 990 1323 1044 ἔξεστιν,
1361 987 1485 1040 αὖθις
1518 993 1722 1046 α’ναστρέ-·

290 1072 397 1111 φειν.
457 1059 549 1098 νυνί
580 1058 625 1097 δὲ
655 1054 762 1098 εἶναι
790 1058 838 1097 οὐ
865 1056 1038 1110 μετρίαν
1068 1055 1142 1112 την
1171 1055 1389 1112 διατριβὴν
1415 1055 1486 1098 ἐπὶ
1515 1058 1613 1098 δέκα
1639 1073 1722 1111 μη-

290 1123 357 1162 σίν
384 1122 429 1161 ἐν
465 1122 515 1177 τῇ
539 1119 766 1174 εΡωμαίων
793 1123 1082 1176 γεγενημένην·
1114 1118 1164 1175 ἢν
1198 1123 1234 1162 δ’
1260 1124 1453 1177 ἐπιχειρῇ
1480 1120 1554 1163 καί
1579 1116 1721 1174 αὖθις,

246 1184 450 1242 Ὡέφασκε
466 1220 477 1238 ,
507 1188 717 1239 κατέχειν,
766 1187 855 1228 ἀλλ’
882 1187 1002 1238 ὑμεῖς
1034 1187 1093 1240 μὴ
1125 1189 1342 1238 πείθεσθε,
1372 1188 1461 1228 ἀλλ’
1485 1184 1775 1241 ἆπαγορεύ-ιό

289 1267 390 1292 σατε
421 1254 612 1306 φανερῶς
655 1250 727 1306 τὴν
759 1253 951 1293 ε’πιπλέον
995 1250 1226 1307 διατριβήν.
1276 1250 1437 1306 Ἀμούρ
1480 1251 1558 1307 γάρ
1591 1248 1722 1300 οὕτως

292 1315 489 1370 ἔγνωκεν,
523 1314 579 1365 (ὃς
607 1318 794 1358 ἐνταῦθα
823 1316 1096 1368 συνεσόμενος
1123 1321 1294 1371 βασιλεῖ
1298 1351 1310 1369 ,
1351 1317 1428 1365 ἕως
1458 1313 1509 1358 ἂν
1535 1318 1618 1358 τῶν
1644 1331 1719 1357 πο-

289 1382 444 1434 λεμίων
468 1382 767 1438 παρασκευάσῃ
796 1385 1105 1438 περιγενέσθαι,
1133 1383 1205 1423 καί
1231 1381 1378 1424 τούτου
1408 1381 1539 1434 μόνου
1566 1379 1721 1435 πολλὴν

289 1451 465 1487 ποιεῖται
503 1445 581 1500 την
613 1447 841 1501 φροντίδα·
899 1449 1106 1500 σωτηρίας
1146 1449 1189 1488 δὲ
1238 1447 1358 1498 ’ὑμῶν
1394 1448 1467 1487 καί
1502 1442 1721 1500 ἇνακωχῆς

288 1513 369 1552 τῶν
397 1510 532 1552 πόνων
559 1510 678 1564 λόγος
706 1512 858 1559 οὐδείς.
897 1507 947 1552 ἂν
981 1513 1027 1552 δὲ
1054 1514 1156 1553 νεῶν
1183 1512 1360 1565 ἀπορίαν
1390 1513 1776 1566 προφασίζηταιρο

290 1578 334 1617 ἓν
363 1571 428 1624 αἷς
457 1574 738 1630 α’ποπλεύσητε
778 1578 838 1624 εἰς
862 1575 1035 1629 Ἀσίαν,
1084 1577 1162 1630 ἐγώ
1203 1575 1304 1628 ὑμῖν
1342 1579 1413 1617 καί
1449 1573 1602 1630 ταύτην
1643 1574 1720 1631 τὴν

291 1641 469 1696 ἀπορίαν
513 1640 639 1696 λύσω.
694 1643 739 1682 ἐκ
780 1643 1015 1692 Βυζαντίου
1053 1640 1134 1697 γὰρ
1181 1641 1419 1683 ἐλεύσονται
1463 1641 1615 1682 πολλαί
1625 1673 1638 1692 ,
1674 1642 1720 1683 ἐν

292 1703 359 1756 αἷς
387 1707 688 1761 περαιώσεσθε.
743 1706 843 1761 πρὸς
868 1709 925 1763 τῷ
951 1708 1023 1747 καί
1037 1705 1165 1760 χάριν
1195 1707 1371 1756 ἐκείνους
1399 1705 1497 1758 ὑμῖν
1534 1706 1687 1747 εἰδέναι
1704 1737 1717 1759 ,

289 1774 362 1813 καί
398 1770 598 1826 χρήματα
629 1773 927 1827 παρασχέσθαι
969 1772 1042 1827 τῆς
1083 1769 1403 1827 ἀναχωρήσεως.
1456 1770 1628 1812 τοιαῦτά
1672 1785 1718 1814 τε·

377 1857 408 1889 6.
435 1859 498 1898 τῆς
529 1857 598 1898 Μ.,
621 1861 699 1894 τοῖς
726 1858 760 1890 Ρ.

286 1937 328 1965 ut
353 1933 476 1978 aliqua
504 1933 645 1966 ratione
668 1933 779 1966 Persis
805 1933 1020 1968 reditionem
1046 1935 1083 1967 in
1110 1934 1226 1967 Asiam
1252 1935 1495 1978 persuaderet,
1521 1949 1599 1971 cum
1626 1949 1715 1982 pro-

285 1984 366 2023 pter
392 1990 466 2012 eam
500 1980 721 2012 functionem
767 1981 853 2024 ipsis
900 1982 971 2013 iam
1009 1981 1196 2014 familiaris
1220 1981 1418 2022 videretur,
1446 1989 1482 2016 et
1507 1983 1604 2029 quod
1630 1985 1715 2017 Per-

286 2026 357 2057 sice
383 2025 614 2070 loquebatur,
646 2028 754 2059 etiam
778 2027 822 2059 ab
848 2027 977 2060 iisdem
998 2038 1063 2071 pro
1093 2027 1268 2061 benevolo
1291 2026 1495 2063 haberetur.
1544 2030 1611 2063 Hic
1635 2029 1717 2062 diu-

286 2076 429 2103 turnam
454 2083 472 2103 a
497 2074 614 2116 patria
639 2071 837 2106 absentiam
864 2074 938 2106 illis
971 2075 1158 2107 molestam
1195 2084 1271 2108 esse
1303 2075 1499 2108 coniiciens
1516 2101 1525 2115 ‚
1563 2075 1717 2109 ducibus

286 2118 514 2162 potissimum
553 2119 729 2152 exercitus
767 2120 955 2152 consilium
993 2119 1073 2161 dat,
1106 2131 1178 2153 non
1213 2125 1380 2163 oportere
1415 2126 1488 2154 tam
1516 2122 1716 2166 longinquo

287 2170 449 2207 tempore
487 2164 690 2197 domesticis
723 2166 913 2209 neglectis,
946 2177 1092 2211 peregre
1128 2167 1236 2198 vitam
1265 2165 1430 2199 miseram
1458 2169 1626 2212 exigere,
1651 2167 1716 2200 sed

289 2211 398 2242 simul
430 2221 551 2242 omnes
588 2211 771 2244 Amurium
805 2214 995 2245 convenire
1028 2212 1072 2244 ab
1110 2223 1224 2257 eoque
1252 2212 1407 2245 reditum
1431 2213 1593 2258 flagitare
1616 2224 1715 2247 asse-

285 2266 495 2300 vermeque,
511 2267 547 2288 se
572 2257 610 2288 iu
636 2258 767 2290 exteris
793 2258 880 2291 locis
907 2258 1000 2291 ultra
1028 2269 1101 2291 non
1128 2268 1232 2302 posse
1257 2259 1388 2296 vivero,
1415 2271 1493 2292 cum
1518 2260 1712 2293 domestica

284 2302 539 2346 procuratione
565 2305 718 2335 maxime
743 2303 939 2347 indigeant.
978 2304 1082 2337 Haud
1107 2303 1202 2336 enim
1229 2314 1269 2336 ea
1299 2306 1507 2339 conditione
1530 2304 1602 2338 huc
1625 2317 1711 2350 pro-

285 2349 410 2387 fectos,
441 2354 479 2380 ut
501 2348 752 2392 imperatorem
782 2356 958 2394 perpetuo
983 2354 1253 2388 assectarentur,
1268 2351 1328 2382 sed
1354 2357 1408 2391 nt,
1431 2364 1508 2384 cum
1534 2353 1567 2384 ei
1593 2363 1710 2397 quan-

285 2398 362 2425 tum
387 2395 512 2426 liceret
539 2393 701 2427 subsidio
731 2396 905 2435 fuissent,
946 2396 1088 2428 domum
1114 2401 1323 2428 remearent.
1360 2398 1462 2430 Nunc
1490 2408 1562 2430 non
1587 2409 1710 2440 parum

285 2440 348 2471 diu
368 2465 377 2480 ‚
403 2445 498 2473 totos
524 2441 662 2472 scilicet
690 2441 811 2474 decem
835 2452 973 2474 menses
998 2442 1037 2474 in
1059 2441 1135 2474 solo
1161 2442 1317 2475 Romano
1343 2443 1508 2477 haesisse.
1571 2443 1711 2488 Quodsi

287 2496 346 2517 eos
383 2486 518 2518 (liutius
557 2488 713 2526 retinere
750 2493 964 2527 conaretur,
998 2498 1042 2519 ne
1080 2487 1371 2531 obtemperarent
1396 2482 1706 2533 ”ulterioremque

283 2541 418 2562 moram
451 2531 566 2564 libere
601 2539 856 2566 aversarentur.
913 2534 1096 2565 Amurium
1131 2534 1265 2577 quippe
1299 2537 1463 2568 statuisse
1489 2535 1623 2568 tamdiu
1647 2535 1710 2568 hic

282 2577 380 2618 apud
425 2578 671 2621 imperatorem
706 2590 952 2622 perseverare,
1001 2578 1119 2624 quoad
1165 2590 1243 2611 eum
1283 2580 1446 2614 hostibus
1487 2581 1708 2626 superiorem

284 2623 464 2662 effecerit,
493 2628 528 2654 et
550 2625 587 2655 in
613 2624 680 2656 hoc
706 2626 782 2658 solo
809 2626 955 2657 multam
981 2636 1098 2657 curam
1126 2635 1351 2665 consumere,
1386 2629 1534 2660 salutem
1561 2638 1706 2660 suorum

284 2667 443 2699 militum
480 2669 716 2715 laborumque
754 2671 969 2704 levationem
1003 2670 1097 2703 nihil
1124 2672 1227 2713 pensi
1262 2672 1408 2709 habere.
1457 2675 1492 2706 Si
1519 2674 1704 2716 penuriam

283 2714 445 2756 navium,
466 2714 597 2758 quibus
637 2718 674 2748 in
719 2718 834 2750 Asiam
860 2717 1052 2755 traiicirmt,
1077 2717 1260 2758 obtendat,
1287 2730 1323 2751 se
1350 2720 1432 2752 illos
1457 2731 1498 2752 ex
1524 2720 1590 2752 ista
1616 2718 1706 2751 dissi-

286 2760 418 2793 cultate
459 2760 740 2806 explicaturum5
786 2764 953 2806 Byzantio
989 2763 1120 2796 etenim
1166 2764 1366 2810 complures
1398 2767 1524 2806 ass'ore,
1572 2765 1705 2810 quibus
