1812 3132
332 241 350 276 1
372 222 438 275 16
844 235 1215 279 CANTAcUzmsi

125 350 208 388 ΔΩ.
224 336 507 394 usandum,
525 350 732 392 προσηκον
752 335 919 394 ἄφορᾷν
934 352 945 364 ·
975 332 1108 378 τᾶλλα
1136 335 1184 378 δὲ
1210 335 1341 391 μηδὲν
1367 331 1577 390 ἡγεῖσθαι,
1601 335 1642 376 εἰ
1655 335 1756 388 μέλ,-

311 408 402 452 -λεις
428 418 470 445 τι
495 404 568 455 τῆς
606 403 685 456 σῆς
719 401 924 451 συνέσεως
960 400 1035 443 καὶ
1064 403 1310 456 στρατηγίας
1337 397 1568 454 α’ξιόχρεων
1607 404 1761 444 ποιεῖνο-

306 467 479 524 -ὄρῶμεν
507 468 555 508 δὲ
591 465 664 508 καί
697 467 781 507 τῶν
825 468 1068 521 στρατηγῶν
1104 464 1202 515 τούς
1230 463 1417 518 μάλιστα
1445 461 1756 516 συνετωτάτους

274 533 396 577 cmix
423 532 491 574 ἀεὶ
517 533 570 587 τῇ
598 528 811 588 παρ’ῥησίᾳ
834 533 1077 585 χρωμένους
1114 532 1187 573 καί
1217 528 1321 572 κατά
1350 529 1484 583 στόμα
1510 535 1596 578 τοῖς
1631 533 1756 572 πολε-

312 597 426 652 μιόις
453 596 734 649 ὑπαντῶντας,
764 597 852 638 ἀλλ’
881 595 995 638 ἔστιν
1023 590 1075 636 οὗ
1101 596 1175 637 καὶ
1201 594 1381 644 ἀπάταις
1404 595 1653 650 χρωμένους
1678 597 1784 640 καί5

313 663 451 712 δόλοις
474 664 548 703 καί
572 667 782 717 μηχαναῖς
809 677 919 713 τισι,
950 662 1024 701 καί
1049 661 1234 712 μάλιστα
1251 692 1264 712 ,
1307 657 1427 714 ἡνίκα
1455 661 1526 717 δέῃ
1556 662 1754 716 φοβεροῖς

310 744 397 770 τισι
438 730 511 770 καί
537 727 837 775 δυνατωτάτοις
873 723 1190 779 συμπλέκεσθαι
1232 725 1458 778 πολεμίοις.
1513 727 1587 766 καί
1613 726 1752 774 οὖδείς

309 791 450 835 αὐτῶν
489 792 649 842 κακίζει
686 791 762 848 τὴν
801 790 989 846 ἀπάτην,
1044 788 1152 832 ἀλλὰ
1192 789 1265 832 καὶ
1299 788 1576 843 θαυμάζομεν
1615 787 1751 830 ἅπαν-ι

306 874 399 911 τες,
440 853 507 900 οἶα
550 855 600 913 δὴ
638 856 767 900 πλείω
809 859 883 912 τῆς
914 857 1120 905 συνέσεως
1159 850 1187 912 ἢ
1225 857 1297 912 τῆς
1336 854 1479 913 ῥώμης
1516 857 1748 910 δυναμένης

303 925 549 979 κατορθοῦν.
1743 936 1801 964 Jo

165 1006 207 1044 ν,
221 1006 290 1044 330
416 989 488 1036 13'.
549 990 737 1031 Τοιαῦτα
773 987 848 1030 καὶ
887 987 992 1041 πρὸς
1020 988 1176 1031 ἐκεῖνον
1204 985 1332 1030 εἰπών
1360 986 1431 1029 καί
1460 986 1633 1038 πείσας,
1671 979 1746 1041 ὅρ-

253 1070 390 1105 Βκοις
425 1070 470 1097 τε
511 1055 877 1111 α’σφαλισάμενος,
922 1053 980 1103 ὥς
1013 1056 1086 1096 νῦν
1114 1069 1157 1096 τε
1184 1051 1482 1108 προθυμότατα
1511 1067 1744 1106 συναγωνι-

294 1126 407 1162 εῖται
432 1120 531 1173 καί,
560 1120 837 1168 καταστάντος
866 1117 970 1174 πρὸς
998 1117 1076 1174 τήν
1099 1118 1238 1174 α’ρχὴν
1256 1151 1267 1170 ,
1313 1120 1359 1161 ἐν
1387 1117 1592 1174 ὑπηρέτου
1630 1119 1742 1159 τελέ-

293 1199 361 1227 σει
387 1187 537 1243 μοίρᾳ,
565 1184 694 1238 μόνον
719 1181 1004 1238 βουλεύεσθαι
1034 1181 1299 1236 καταλιπών,
1329 1179 1442 1233 ὅπως
1460 1179 1513 1224 (ἲν
1540 1180 1587 1224 τὸ
1609 1197 1739 1223 σπου-

293 1248 523 1303 δαζόμενον
550 1251 863 1305 κατορθωθείη,
892 1250 963 1290 ἐπί
988 1247 1087 1298 τοὺς
1116 1247 1327 1304 ἀδελφοὺς
1347 1245 1791 1303 ἑχώρειΚωνσταν-ιό

289 1312 402 1357 τῖνόν
441 1330 487 1356 τε
522 1317 596 1357 καί
622 1313 826 1357 Ἰσαάκιον
864 1315 938 1357 τὸν
976 1316 1108 1369 μέγαν
1154 1316 1297 1360 δοῦκα.
1353 1316 1427 1355 καί
1470 1315 1614 1369 πρῶτα
1655 1314 1735 1366 μὲν

289 1374 457 1438 ᾤκτειρε
493 1382 566 1434 τῆς
616 1383 712 1435 παρ’
751 1378 871 1431 ἀξίαν
913 1381 1195 1435 κακοπραγίας
1238 1381 1311 1421 καί
1348 1378 1466 1436 ἐῴκει
1502 1382 1733 1432 συναλγεῖν.

286 1443 432 1487 ἔπειτα
480 1448 552 1487 καί
589 1442 776 1497 ὠνείδιζε
813 1444 888 1501 τήν
915 1447 1254 1497 ε’θελοδουλείαν,
1297 1444 1371 1486 καί
1414 1442 1459 1486 τό
1510 1442 1616 1498 πρὸς
1654 1441 1732 1498 τήν

287 1511 535 1566 ἐλευθερίαν
577 1510 779 1568 ῥᾳθύμως
822 1512 944 1564 βιοῦν
986 1510 1061 1551 καί
1100 1506 1352 1563 ἀνειμένως,
1394 1511 1467 1552 καί
1504 1511 1612 1564 μηδὲ
1656 1509 1732 1551 νῦν

163 1579 278 1626 Ρ.408
290 1577 417 1630 γοῦν,
464 1573 535 1617 ὅτε
575 1578 711 1626 καλῶς
750 1578 882 1617 ποιῶν
909 1576 1142 1630 παρέσχετο
1172 1573 1193 1616 ὅ
1233 1574 1382 1629 χρόνος
1433 1576 1506 1630 τῆς
1547 1572 1783 1629 μεγάλουαο

283 1642 530 1694 δομεστίκου
556 1645 731 1696 χρονίου
761 1642 953 1689 δουλείας
972 1641 1262 1696 ἀπαλλαγῆναι
1281 1674 1293 1694 ,
1322 1643 1526 1695 προσῆκον
1544 1636 1728 1694 εὖγενέσι

280 1707 356 1748 καί
390 1708 645 1762 ἐλευθέροις,
669 1707 850 1761 ἀνδράσι
891 1707 1216 1758 διανοουμένους
1243 1722 1296 1751 τι.
1353 1705 1484 1747 καίτοι
1521 1705 1728 1759 βασιλέως

279 1773 359 1825 μὲν
388 1772 564 1825 ζῶντος,
593 1773 780 1827 στέργειν
807 1773 852 1823 ἐξ
878 1771 1057 1827 ἀνάγκης
1084 1767 1161 1828 ἦν,
1189 1769 1346 1827 πολλὴν
1373 1772 1530 1814 ἐκείνου
1551 1770 1626 1826 τὴν
1655 1770 1724 1828 ῥο-

374 1898 402 1922 i.
419 1887 574 1946 μέλλορς
597 1888 633 1922 Ρ.
739 1889 792 1924 ι8.
818 1887 1087 1924 ἐθελοδουλίαν
1108 1887 1144 1923 P.

278 1993 403 2028 dantia
428 1999 490 2029 tua
515 2000 553 2029 et
582 2005 678 2041 quae
701 1995 738 2028 in
765 1998 802 2028 te
835 1998 890 2029 est
924 1995 1073 2029 scientia
1097 1995 1328 2040 imperatoria
1362 1994 1508 2038 dignum
1534 1999 1718 2039 praestare

276 2041 378 2074 velis.
425 2041 600 2075 Videmus
625 2046 746 2076 autem
774 2042 882 2076 duces
905 2042 1203 2087 prudentissimos
1238 2052 1311 2075 non
1343 2052 1482 2086 semper
1515 2042 1631 2075 libere
1661 2042 1719 2075 lo-

278 2087 343 2132 qui
368 2093 405 2122 et
429 2087 554 2132 lingua
585 2087 752 2123 hostibus
788 2099 993 2131 occurrere3
1035 2088 1097 2122 sed
1120 2088 1316 2134 aliquando
1344 2089 1453 2120 etiam
1476 2087 1520 2120 ad
1553 2087 1716 2121 fraudem

278 2138 316 2166 et
340 2132 462 2167 dolum
488 2139 525 2167 et
557 2135 728 2178 quasdam
760 2133 942 2168 machinas
977 2135 1190 2179 confugere:
1226 2135 1416 2179 praecipue
1450 2133 1595 2180 quando
1633 2145 1716 2168 cum

277 2178 383 2213 hoste
416 2179 638 2213 formidabili
663 2190 703 2212 ac
729 2181 980 2221 potentissimo
1015 2192 1070 2215 res
1107 2181 1227 2213 futura
1264 2185 1328 2215 est.
1388 2180 1463 2214 Nec
1496 2181 1570 2213 illis
1609 2181 1714 2226 quis-

276 2236 387 2270 quam
422 2237 482 2259 eas
514 2226 656 2261 fraudes
689 2226 781 2261 vitio
807 2226 890 2267 dat,
931 2238 1052 2260 verum
1085 2227 1301 2260 admiramur
1337 2237 1488 2268 omnes,
1533 2227 1638 2272 quasi
1672 2227 1712 2261 in

275 2271 475 2306 calliditate
511 2283 620 2317 quam
643 2273 682 2304 in
718 2272 849 2306 robore
872 2283 913 2304 ac
939 2272 1075 2306 viribus
1098 2275 1214 2307 maius
1239 2278 1459 2306 momentum
1485 2273 1542 2306 sit.

373 2330 422 2363 ¹9-
470 2318 528 2353 Ita
557 2319 695 2352 locutus
729 2319 1007 2364 iuramentoque
1042 2318 1188 2359 addito,
1232 2331 1268 2352 se
1303 2324 1342 2353 et
1370 2330 1468 2352 nunc
1506 2318 1712 2352 adiutorem

274 2362 353 2396 sore
380 2365 662 2409 paratissimum,
687 2369 723 2398 et
749 2363 812 2397 ubi
839 2366 917 2409 ipse
943 2366 1134 2408 imperium
1155 2365 1305 2409 adeptus
1332 2365 1456 2405 fuerit,
1479 2365 1518 2398 iu
1541 2365 1622 2398 loco
1641 2364 1712 2398 mi-

273 2410 379 2443 nistri
415 2422 539 2455 operas
578 2411 613 2444 ei
651 2410 838 2451 daturum,
872 2411 1071 2456 persuasit:
1109 2411 1298 2457 solumque
1335 2411 1536 2445 deliberare
1564 2412 1710 2452 sinens,

275 2456 476 2500 quomodo,
513 2456 612 2503 quod
647 2457 876 2496 studebatur,
910 2467 1079 2500 prospere
1115 2458 1348 2497 succederet,
1385 2457 1430 2490 ad
1466 2457 1593 2490 fratres
1629 2457 1708 2491 eius

275 2502 558 2536 Constantinum
585 2508 622 2536 et
655 2504 829 2537 Isaacium
859 2512 1023 2546 magnum
1059 2503 1184 2537 ducem
1208 2503 1309 2536 abiit.
1356 2504 1409 2537 Ac
1436 2503 1590 2547 primum
1619 2503 1710 2550 qui-

270 2546 358 2579 ·dem
385 2548 568 2593 indignam
604 2560 727 2583 eorum
756 2550 934 2583 fortunam
959 2550 1168 2590 miseratus,
1201 2554 1362 2582 mutuum
1389 2550 1522 2583 doloris
1561 2559 1707 2582 sensum

274 2603 361 2637 prae
398 2605 435 2626 se
466 2594 616 2628 serebat.
666 2595 807 2629 Deinde
837 2596 1076 2628 voluntariam
1114 2596 1166 2629 eis
1199 2597 1407 2630 servitutem
1441 2595 1706 2639 exprobrabat,

277 2639 375 2684 quod
399 2645 471 2672 tam
495 2641 670 2685 ignaviter
693 2652 735 2674 ac
759 2642 904 2674 remisse
920 2641 1126 2674 libertatem
1151 2649 1386 2687 quaererent,
1411 2646 1448 2676 et
1464 2651 1584 2687 neque
1606 2651 1704 2675 nunc

276 2686 425 2726 saltem,
454 2687 597 2731 quando
622 2686 765 2721 adesset
796 2688 938 2721 fortiter
973 2687 1128 2721 faciendi
1159 2690 1428 2734 opportunitas,
1461 2686 1601 2732 aliquid
1636 2698 1702 2732 pro

274 2730 470 2765 nobilitate
496 2737 533 2765 et
555 2733 777 2777 ingenuitate
803 2744 888 2774 sua,
913 2733 958 2766 ad
981 2733 1190 2767 diuturnum
1219 2736 1339 2778 magui
1364 2733 1553 2767 domestici
1577 2733 1700 2778 iugum

274 2777 528 2812 excutiendum
554 2779 683 2812 animis
722 2780 909 2822 agitarent.
956 2779 1184 2826 Quamquam
1223 2781 1318 2814 enim
1356 2779 1547 2824 superstite
1582 2780 1703 2824 impe-

273 2828 392 2859 ratore
417 2825 622 2859 necessitati
646 2828 837 2872 repugnari
868 2837 942 2861 non
975 2827 1157 2872 potuerit,
1191 2831 1381 2873 propterea
1413 2825 1511 2872 quod
1541 2825 1581 2860 in
1618 2835 1702 2860 cum
