1800 3138
290 156 398 222 284
814 172 1184 221 CANTACUZENI

90 272 272 333 A.c.1342
284 275 357 320 καί
381 275 601 333 παρελθών
629 279 687 326 εἷς
713 279 881 331 μέσους,
910 276 1020 330 ἔλεξε
1044 278 1196 321 τοιάδε.
1252 277 1432 331 »οὐδένα
1462 277 1597 334 ὖμιόν,
1627 278 1720 324 ὅσοι

280 342 461 399 πάρεστε
491 345 579 396 νῦν,
609 341 752 396 οἴομαι
779 339 965 398 ἀγνοεῖν,
1007 343 1063 393 ὥς
1090 345 1293 397 βασιλέως
1322 343 1386 386 ἔτι
1413 345 1620 400 περιόντος
1646 350 1720 388 τοῦ

279 409 490 463 μακαρίου
531 413 618 457 τοῖς
655 408 820 458 οἰκείοις
857 408 1192 464 συνεξηταζόμην
1231 408 1417 458 καὶτοῖς
1442 413 1594 464 πολλῆς
1621 420 1721 468 παρ’

281 476 440 515 ἐκείνου
470 476 541 515 καί
565 476 638 528 τῆς
666 474 882 526 εὐμενείας
910 473 1169 516 ἀπολαύουσι
1197 476 1270 517 καί
1293 477 1366 528 τῆς
1390 477 1597 530 προνοίας.
1651 474 1724 518 καί

280 538 411 589 αὐτὸς
452 541 498 581 δὲ
526 536 648 580 οῦδὲν
681 535 901 592 ἀπέλιπον,
945 539 1037 594 τόγε
1074 541 1133 589 εἷς
1176 541 1250 593 ἐμὲ
1283 535 1403 594 ἧκον,
1450 543 1527 582 τοῦ
1559 539 1618 596 μὴ
1645 534 1746 595 τῆν’-5

279 606 571 659 προσήκουσαν
596 598 758 651 εὔνοιαν
779 604 1006 658 εὐγνώμονι
1026 603 1161 661 δούλῳ
1181 605 1506 646 ἐπιδείκνυσθαι.
1565 607 1618 647 ου’
1639 605 1723 660 μὴν

280 668 358 712 διὰ
379 669 424 711 τὸ
454 672 607 711 ἐκεῖνον
634 670 677 720 ἐξ
710 670 944 726 ἀνθρώπων
972 672 1179 724 γεγονέναι
1208 671 1303 712 νυνί
1328 669 1598 724 μεταβαλών,
1636 677 1723 719 τοῖς

244 737 439 778 Βέκείνου
468 737 590 776 παισί
629 737 714 777 δεῖν
748 735 874 789 ἔγνων
902 739 1116 788 πολεμεῖν,
1147 734 1251 777 ἀλλά
1282 733 1354 790 τήν
1382 734 1530 788 ὁμοίαν
1557 734 1723 791 γνώμην

281 800 355 842 καί
389 803 464 843 νῦν
503 799 566 842 ἔτι
602 802 798 855 διατηρῶ.
854 800 962 856 ὃραῖν
990 802 1036 842 δὲ
1063 804 1239 853 βασιλέα
1266 800 1344 853 μὲν
1370 799 1444 843 τὸν
1474 804 1721 843 Καντακου-

283 864 402 921 ζηνὸν
433 867 574 907 δίκαια
593 865 665 907 καί
681 869 876 920 λυσιτελῆ
902 872 987 914 τοῖς
1006 865 1128 907 παισί
1141 867 1344 919 βασιλέως
1370 864 1574 923 ᾑρημένον
1591 866 1775 920 aguit-¹0

282 948 394 984 τειν,
435 932 692 974 Ἀπόκαυκον
719 933 766 973 δὲ
795 930 869 972 τὸν
895 929 1266 985 παρακοιμώμενον
1294 933 1448 980 πολλὰς
1477 935 1565 974 κατ’
1594 927 1724 977 αὐτοῦ

282 996 482 1052 διαβολάς
503 996 582 1038 ’καί
614 997 893 1052 συκοφαντίας
923 994 1252 1038 συνεσκευακότα
1288 996 1362 1038 καί
1398 996 1547 1046 ἄλλους
1574 1011 1724 1052 προσε-

271 1061 580 1117 ’ταιρισάμενον
619 1064 919 1117 πονηροτέρους
961 1058 1210 1117 ἀνθρώπους
1246 1063 1319 1104 καί
1345 1060 1625 1118 διεφθορότας
1652 1063 1725 1104 καί
1780 1118 1782 1120 v

289 1129 489 1182 βασιλίδα
519 1125 824 1183 ἐξηπατηκότας
860 1128 933 1168 καί
957 1130 1122 1169 τουτονί
1155 1126 1227 1168 τὸν
1254 1127 1433 1181 πόλεμον
1459 1125 1529 1169 τὸν
1559 1125 1723 1182 μυρίων

284 1193 416 1235 αἴτιον
448 1197 584 1234 κακῶν
611 1195 684 1235 νῦν
707 1208 750 1234 τε
785 1188 886 1248 ἄχρι
914 1195 1179 1247 γεγενημένον
1215 1194 1288 1233 καί
1313 1191 1376 1234 ἔτι
1403 1190 1604 1238 πλειόνων
1630 1188 1774 1234 ὲσὸ-Ιό

282 1275 409 1312 μενον
436 1261 574 1314 πολλῷ
601 1257 877 1312 κεκινηκότας,
908 1261 947 1299 εἰ
968 1256 1026 1312 μὴ
1051 1255 1150 1306 θεὸς
1165 1252 1325 1299 ἄνωθεν
1339 1260 1598 1311 κατασβέσει,
1629 1258 1721 1310 ἐμί-

284 1323 391 1378 σησά
430 1338 473 1365 τε
502 1321 577 1378 την
627 1325 825 1377 πονηρίαν
855 1325 990 1364 αὐτῶν
1019 1323 1090 1364 καί
1114 1326 1284 1377 βασιλεῖ
1303 1324 1462 1376 μᾶλλον
1489 1322 1634 1377 ἔκρινα
1658 1323 1723 1365 δι’-

242 1393 398 1431 (ἶκαιον
434 1390 678 1443 προσέχειν,
722 1388 777 1436 ὥς
806 1387 945 1429 δίκαιά
973 1403 1017 1429 τε
1045 1386 1133 1440 ἅμα
1162 1388 1233 1430 καί
1256 1390 1461 1442 βασιλέως
1488 1394 1573 1438 τοῖς
1599 1387 1724 1430 παισὶ
1761 1404 1763 1411 ’

283 1456 552 1508 συμφέροντα
597 1454 669 1494 καί
708 1455 835 1494 πᾶσιν
878 1453 987 1504 ὁμοῦ
1019 1450 1243 1506 Ῥωμαίοις
1283 1455 1575 1511 διανοουμένῳ,
1605 1451 1724 1495 νυνὶ

284 1521 356 1572 δὲ,
386 1519 442 1567 (ὃς
469 1517 695 1571 ἀκούομεν,
725 1517 943 1570 δυσκόλοις
983 1517 1132 1572 τύχαις
1157 1519 1313 1560 ἐκείνου
1347 1521 1615 1573 χρησαμένου
1653 1517 1776 1563 d'co'czo

284 1587 369 1627 τῶν
397 1581 606 1629 συνόντων
631 1583 708 1638 την
735 1583 992 1624 ἀποστασίαν
1020 1582 1094 1625 καί
1119 1582 1226 1639 πρὸς
1252 1582 1325 1625 τὸν
1347 1585 1565 1638 Τριβαλῶν
1597 1582 1723 1626 δυνά-

284 1665 386 1703 στην
409 1649 653 1703 ἀφιγμένου,
684 1649 736 1689 ου’
774 1648 931 1690 δίκαιον
959 1648 1068 1703 ἡμᾶς
1094 1655 1351 1700 καταπεσεῖν,
1385 1649 1483 1691 ου’δὲ
1503 1647 1607 1703 πρὸς
1625 1645 1727 1692 otd-

285 1730 372 1764 σεις
398 1716 471 1756 καί
497 1713 706 1771 διαφοράς
730 1712 1033 1771 χωρήσαντας,
1062 1711 1339 1772 ἀνδραπόδων
1368 1716 1487 1771 δίκην
1511 1716 1623 1771 σφᾶς
1649 1711 1728 1758 αὖ-

384 1848 412 1871 ι.
437 1837 500 1870 καὶ
524 1847 591 1871 om.
618 1837 656 1875 P.
754 1848 786 1871 2.
812 1834 997 1883 πάρεσται
1023 1837 1058 1872 Ρ.

293 1957 468 1998 arbitror,
492 1969 550 1992 me
575 1959 801 2003 imperatoris
827 1958 956 1992 heatae
981 1957 1240 1993 recordationis
1276 1956 1510 1991 domesticum
1526 1982 1536 1999 ‚
1573 1961 1611 1991 et
1643 1960 1730 2005 qui-

293 2005 375 2038 dem
412 2015 532 2037 carum
568 2006 625 2037 illi
649 2011 908 2051 acceptumque
934 2005 1065 2040 fuisse:
1102 2017 1170 2039 nec
1194 2005 1352 2039 vicissim
1388 2015 1408 2036 a
1443 2015 1500 2037 me
1531 2004 1726 2049 (quantum

294 2051 442 2098 quidem
466 2056 648 2095 praestare
672 2052 792 2098 potui)
819 2051 1017 2097 quidquam
1041 2052 1079 2085 in
1104 2062 1222 2085 amore
1249 2063 1270 2084 a
1289 2050 1404 2095 probo
1426 2049 1596 2096 fidelique
1625 2062 1727 2085 servo

293 2097 441 2130 domino
466 2109 530 2131 suo
566 2098 790 2131 remetienda
827 2099 1118 2142 praetermissum
1149 2098 1308 2131 memini.
1357 2098 1431 2129 Nec
1463 2097 1549 2142 quia
1582 2097 1648 2131 ille
1679 2099 1727 2130 ab

291 2143 502 2178 hominibus
528 2144 640 2185 abiit,
668 2156 732 2189 ego
758 2145 850 2177 alius
875 2146 1010 2186 factus,
1035 2145 1135 2178 illius
1158 2143 1241 2177 filiis
1262 2142 1397 2175 bellum
1416 2143 1549 2176 inferre
1567 2143 1730 2186 decrevi,

292 2189 355 2225 sed
383 2191 544 2223 eamdem
568 2197 725 2224 mentem
763 2193 869 2224 etiam
900 2202 996 2224 nunc
1027 2202 1122 2236 gero.
1169 2190 1260 2224 Cum
1285 2194 1404 2222 autem
1423 2190 1728 2232 animadvertam,

292 2236 542 2269 Cantacuzeno
567 2238 790 2283 propositum
812 2249 888 2271 esse
916 2249 957 2270 ea
974 2237 1161 2283 persequi,
1185 2246 1276 2281 quae
1295 2246 1360 2268 nec
1384 2245 1403 2266 a
1431 2237 1572 2270 iustitia
1595 2237 1728 2276 aliena.

293 2288 332 2317 et
355 2283 428 2316 illis
464 2283 570 2315 utilia
604 2285 698 2323 sint,
735 2289 859 2317 contra
871 2284 1134 2328 Apocmoehum,
1158 2282 1315 2314 cubiculi
1339 2284 1572 2327 praefectum,
1595 2283 1725 2316 multas

292 2331 331 2363 in
359 2341 439 2363 cum
478 2331 672 2363 calumnias
709 2334 745 2362 et
780 2330 1029 2375 sycophantias
1059 2330 1241 2363 consuisse
1291 2328 1455 2374 aliosque
1496 2329 1655 2375 impuros
1684 2339 1726 2363 ac

293 2377 486 2409 sceleratos
510 2377 743 2420 assumpsisse
761 2401 769 2416 ,
830 2379 867 2410 ui
899 2382 936 2410 et
960 2378 1150 2420 Augustam
1176 2375 1532 2419 circumscripserunt
1555 2380 1592 2409 et
1614 2373 1726 2409 hocce

294 2422 431 2456 bellum
459 2423 719 2463 incenderunt,
750 2388 847 2456 uniie
873 2424 944 2456 iam
969 2424 1067 2456 mille
1091 2421 1310 2454 calamitates
1335 2426 1441 2455 natae
1465 2427 1502 2455 et
1526 2422 1644 2467 plures
1668 2422 1726 2455 his

296 2470 499 2502 nasciturae
523 2475 626 2508 sunt,
658 2469 729 2502 nisi
754 2470 849 2503 Deus
877 2469 921 2502 de
949 2470 1048 2502 coelo
1074 2467 1113 2502 id
1138 2468 1367 2508 restinxerit,
1395 2478 1518 2501 eorum
1549 2467 1727 2512 improbi·

297 2519 407 2546 tatem
435 2517 938 2556 exsecratus,cantacuzenum
958 2515 1090 2559 potius,
1117 2520 1153 2548 et
1176 2515 1291 2548 virum
1317 2515 1451 2549 iustum
1488 2518 1525 2547 et
1561 2513 1725 2547 defuncti

296 2560 521 2604 imperatoris
555 2563 682 2594 liberis
717 2563 954 2607 Romanisque
980 2561 1153 2593 universis
1178 2559 1538 2601 consulentem,mihi
1568 2568 1727 2605 vsequen-

296 2605 381 2638 dum
419 2609 551 2642 censui.
602 2609 717 2652 Quem
743 2621 823 2642 cum
850 2608 956 2641 modo
980 2608 1018 2640 in
1043 2609 1169 2640 misera
1195 2612 1230 2640 et
1258 2607 1384 2640 acerba
1409 2607 1554 2640 fortuna
1570 2617 1634 2640 sua
1669 2611 1728 2644 ut-

298 2657 383 2697 pote
408 2664 427 2684 a
453 2655 526 2685 suis
553 2655 755 2697 proditum)
781 2654 826 2688 ad
861 2653 1103 2689 Triballorum
1141 2653 1337 2698 principem
1367 2652 1565 2697 profectum
1598 2663 1641 2686 au
1672 2653 1724 2686 ia-

298 2709 397 2737 mus,
422 2698 518 2732 haud
544 2711 698 2745 acquum
724 2707 779 2734 est
809 2712 874 2734 nos
916 2700 1096 2733 labascere
1137 2705 1173 2732 ct
1196 2700 1241 2732 ad
1265 2699 1460 2733 seditiones
1484 2702 1521 2730 at
1549 2709 1592 2731 ue
1616 2699 1725 2732 dissi-

301 2744 357 2777 dia
386 2756 591 2785 convvi-mm,
623 2759 685 2789 pro
710 2748 897 2791 mancipiis
924 2752 1064 2779 nosmet
1095 2745 1258 2778 hostibus
1293 2746 1447 2790 turpiter
1478 2709 1628 2785 degere,
1660 2743 1724 2778 sed

302 2793 430 2825 animis
455 2794 721 2827 consentientes
736 2819 745 2835 ,
770 2793 989 2838 imperatrici
1013 2795 1135 2828 irenae
1161 2805 1199 2827 ae
1226 2793 1330 2828 uobis
1355 2796 1481 2827 mutuo
1508 2797 1727 2828 sacramenta
