1812 3146
579 181 955 229 ms'TomAmJM
998 188 1070 228 111.
1098 189 1166 233 80.
1454 163 1569 239 495

125 288 310 345 ’φόβουν.
362 285 505 329 ἔπειτα
537 288 611 330 καί
636 284 785 343 ὅρκους
813 283 989 344 ᾐτοῦντο
1018 289 1148 341 δῆθεν
1177 284 1284 341 ὑπὲρ
1316 286 1390 328 τοῦ
1417 286 1663 341 μηθενίΔ.Ο.
1682 290 1770 336 ι344

124 351 393 408 ’καταδήλους
418 359 552 395 ποιεῖν
581 352 680 403 τούς
706 351 760 395 τὰ
787 349 1015 408 ἀπόρρητα
1040 352 1326 408 μηνύσαντας.
1356 347 1469 393 οὕτω
1495 352 1573 405 μὲν

135 414 210 461 οὖν
237 421 384 461 ἐκεῖνοι
412 418 693 473 ἐκακούργουν
726 416 803 473 τήν
830 419 1120 472 πεπλασμένην
1138 417 1316 472 δήλωσιν
1334 419 1419 459 τῶν
1436 412 1571 473 οἷποῤ-
1582 421 1618 457 Ρ.
1629 422 1700 469 629

135 483 290 540 ῥήτων·
347 485 389 526 Γ
386 487 546 537 αβαλᾶς
571 486 618 526 δὲ
647 482 836 538 οἰόμενος
863 480 972 526 εἶναι
1000 480 1141 540 ἀληθῆ
1158 481 1210 526 τά
1230 484 1448 539 εἰρημένα,
1469 499 1574 525 παν-

107 546 317 603 5ταχόθεν
343 551 587 602 ἐκυμαίνετο
616 548 688 591 καὶ
717 554 999 606 περιηντλεῖτο
1027 554 1262 605 λογισμοῖς,
1302 551 1376 592 καί
1400 549 1574 599 σύννους

131 617 206 656 καί
230 614 370 670 ὠχρὸς
409 616 606 671 ἐφαίνετο
644 615 717 657 καί
741 621 834 665 ταῖς
861 616 1049 671 φροντίσι
1071 613 1339 671 συντετηκώς.
1396 612 1497 665 doti}
1526 617 1575 658 δὲ

131 679 155 723 ὃ
187 681 342 735 μέγας,
383 682 469 723 τῶν
506 683 800 736 πραττομένων
846 678 1020 736 ἄγνοιαν
1049 680 1369 738 ὑποκρινόμενος
1378 714 1392 734 ,
1429 679 1573 736 ἠρώτα

127 744 205 801 τήν
231 747 371 789 αἰτίαν
403 748 476 802 τῆς
502 749 698 796 συννοίας
725 749 800 789 καί
826 750 900 803 τῆς
929 746 1188 803 ω’χριάσεως.
1249 745 1270 790 ὃ
1295 748 1342 790 δὲ
1370 747 1495 789 οῦδὲν
1522 744 1573 788 ’ὗ-

118 812 386 862 ’πωπτευκώς
413 814 511 866 περὶ
536 814 692 855 ἐκείνου
721 816 908 870 φαῦλον,
954 809 1022 855 οἷα
1063 812 1114 869 δη
1141 814 1319 870 κηδεστῇ
1337 812 1411 855 καὶ
1445 811 1573 868 οἷλγή-

82 892 243 923 ῐοσοντι
271 875 375 932 ὑπὲρ
404 878 589 933 ἐκείνου,
620 881 705 922 πᾶν
733 878 778 921 τὸ
799 878 1042 936 ἆπόρᾇτον
1069 881 1260 936 ἐξέφαινε
1287 881 1361 922 καί
1402 880 1572 922 ἐπικου-

129 942 227 998 ρίας
252 949 397 997 τυχεῖν
425 960 534 994 τινος
561 947 693 987 ἐδεῖτο
742 944 814 988 καὶ
849 947 1017 1001 γνώμην
1060 946 1344 1002 εἰσηγεῖσθαι,
1391 939 1423 1002 ᾖ
1467 961 1572 1001 χρη-

127 1006 309 1061 σάμενος
335 1007 415 1061 ἔξω
443 1007 562 1053 ἔσται
601 1013 684 1053 τῶν
718 1009 933 1054 κινδύνων.
991 1011 1114 1054 οῦδὲν
1153 1010 1236 1066 γὰρ
1277 1005 1329 1066 ἦν
1356 1009 1403 1053 τὸ
1432 1011 1600 1065 μέσονΒ

127 1076 205 1116 τοῦ
234 1074 551 1132 ὑποπτευθῆναι
581 1076 674 1119 τότε
703 1079 778 1119 καί
803 1079 1114 1134 διαφθαρῆναι.
1169 1075 1268 1128 δούξ
1299 1078 1345 1119 δὲ
1377 1075 1401 1118 ὅ
1439 1077 1572 1130 μέγας

125 1137 284 1196 ἔφασκε
315 1142 394 1194 μὲν
422 1144 598 1184 τοιαῦτα
626 1144 697 1185 καί
731 1143 860 1192 αὐτὸς
887 1136 1109 1199 α’κηκοέναι
1136 1145 1236 1198 περὶ
1263 1139 1419 1197 αύτοῦ,
1455 1142 1572 1198 ἡγεῖ-

77 1208 231 1250 ιξὶσθαι
268 1207 315 1247 δὲ
350 1205 411 1261 μη
450 1207 616 1263 ἀληθῆ,
654 1204 768 1262 ὅμως
810 1207 1005 1251 ὑπετίθει
1041 1207 1116 1264 την
1157 1210 1302 1250 ου’σιάν
1339 1207 1458 1264 παρὰ
1485 1213 1571 1257 τοῖς

125 1269 265 1327 φίλοις
292 1271 519 1315 ἐκτιθέναι.
571 1272 647 1329 τήν
673 1273 755 1330 γὰρ
778 1276 1101 1329 πολιτευομένην
1130 1274 1224 1317 νυνὶ
1249 1273 1362 1331 παρὰ
1383 1274 1568 1328 Ῥωμαί-

124 1351 187 1385 οις
217 1335 375 1392 ἔφασκε
402 1340 686 1396 συκοφαντίαν
721 1342 794 1382 καί
843 1338 1042 1395 διαβολὴν
1087 1339 1223 1382 πάντα
1259 1338 1450 1382 ὅντινοῦν
1484 1356 1568 1395 φυ-

124 1398 353 1444 λάττεσθαι
386 1403 538 1459 χρεών.
592 1405 667 1447 καὶ
702 1404 783 1461 γὰρ
813 1404 942 1455 αὐτὸς
979 1407 1061 1448 τῶν
1092 1407 1240 1447 κοινῶν
1268 1403 1462 1448 ἁπάντων
1488 1401 1569 1459 ἅρ-

121 1483 215 1521 χων
254 1467 328 1510 καί
363 1471 436 1525 τῆς
462 1467 630 1526 πρώτης
655 1469 772 1526 παρά
808 1469 1037 1525 Ῥωμαίοις
1083 1468 1311 1513 α’πολαύων
1347 1473 1471 1526 τιμῆς
1497 1473 1572 1514 καί

70 1533 353 1589 2οεὕπραγιάς
392 1537 444 1576 ου1
483 1535 666 1589 μάλιστα
699 1536 840 1587 αὐτοῖς
869 1535 1047 1592 θαῤῥεῖν
1064 1569 1077 1591 ,
1120 1534 1228 1579 α’λλιὶ
1258 1535 1311 1578 τὰ
1337 1538 1467 1578 πλείω
1495 1536 1571 1579 καὶ

122 1602 445 1655 πολυτελέστερα
479 1603 564 1644 τῶν
590 1595 741 1655 ὄντων,
769 1599 815 1644 ἔν
838 1618 883 1644 τε
907 1600 1146 1656 Ἐπιβάταις
1174 1604 1232 1660 τῷ
1270 1605 1463 1660 φρουρίῳ
1494 1604 1571 1645 καί

120 1665 227 1720 πρὸς
252 1667 309 1724 τῷ
336 1667 382 1708 ἐν
410 1667 658 1722 ΙΠαγκάνοις
684 1667 829 1726 πύργῳ
856 1666 980 1722 ἔχειν.
1024 1664 1156 1710 αὐτὸν
1186 1668 1232 1709 δὲ
1252 1668 1346 1709 ἐπεὶ
1366 1666 1426 1724 μη
1456 1685 1568 1722 συμ-

118 1730 221 1787 βαίη
263 1732 466 1788 φρούριόν
513 1750 555 1776 τι
591 1732 728 1788 ἔχειν,
776 1729 810 1793 ᾧ
850 1733 1054 1790 χρήσαιτο
1091 1732 1195 1789 πρὸς
1243 1732 1444 1784 τοιαύτας
1482 1736 1566 1777 τῶν

109 1795 373 1853 ’πραγμάτων
396 1798 657 1853 μεταβολάς,
699 1797 828 1859 ἑτέρῳ
859 1798 1000 1859 τρόπῳ
1026 1798 1110 1843 τινὶ
1133 1802 1204 1856 τῆς
1225 1799 1379 1851 οὐσίας
1404 1805 1595 1858 προνο-(ἶ

214 1914 266 1938 10.
291 1901 501 1949 dlytjo'oern
526 1903 562 1937 P.
658 1901 763 1939 ἅπαν
786 1904 835 1938 Μ.

106 1999 213 2034 'titiis
254 1999 401 2034 secretis
436 1998 682 2044 significandis
720 2010 757 2032 se
781 1998 961 2033 malitiose
994 1997 1177 2041 gerebant.
1227 1997 1384 2033 Gabalas
1408 1999 1560 2034 menda-

117 2047 212 2079 cium
243 2046 391 2079 minime
423 2045 598 2079 olfaciens
639 2045 801 2092 undique
837 2045 1097 2090 cogitationum
1135 2045 1304 2079 fluctibus
1344 2047 1564 2088 iactabatur,
1608 2064 1612 2068 ·

115 2092 419 2132 meditabundus,
453 2092 611 2137 pallidus
660 2098 698 2126 et
720 2104 806 2137 prae
830 2090 1141 2126 sollicitudinibus
1165 2091 1434 2127 contabescens.
1480 2094 1563 2126 Ma-

117 2151 207 2185 gnus
246 2144 365 2173 autem
400 2138 474 2172 dux
512 2139 565 2173 rei
602 2145 722 2184 gestae
748 2140 1009 2183 ignorationem
1037 2149 1122 2183 prae
1147 2148 1184 2171 se
1210 2138 1352 2179 ferens,
1389 2140 1564 2175 tristitiae

117 2192 157 2220 et
194 2187 343 2231 palloris
380 2185 490 2220 huius
514 2197 656 2218 causam
683 2186 910 2232 exquirebat.
970 2186 1064 2219 'l'um
1090 2184 1245 2218 Gabalas
1268 2185 1440 2228 candide,
1465 2192 1559 2220 tam-

117 2243 226 2278 quam
264 2243 386 2266 socero
429 2238 466 2267 et
500 2233 615 2266 vicem
650 2244 749 2266 suam
788 2233 968 2272 dolitum,
1003 2242 1193 2271 arcanum,
1217 2236 1260 2265 ut
1280 2237 1383 2273 erat,
1425 2239 1561 2267 reserat

115 2279 267 2324 eiusque
305 2289 411 2323 opem
447 2280 610 2324 aliquam
636 2284 674 2313 et
694 2280 887 2313 consilium
926 2279 1113 2323 implorat,
1147 2288 1220 2322 quo
1250 2290 1334 2312 usus
1367 2279 1559 2314 discrimen

115 2326 263 2359 evadat:
303 2337 384 2358 nam
418 2330 505 2359 tunc
535 2326 631 2359 inter
654 2331 860 2372 suspectum
894 2336 970 2358 esse
1008 2330 1045 2358 et
1080 2325 1231 2368 iugulari
1258 2324 1352 2359 nihil
1377 2331 1456 2359 erat
1478 2337 1557 2359 me-

114 2371 227 2405 dium.
291 2371 358 2405 Hic
387 2383 535 2417 magnus
561 2372 653 2411 dux,
694 2384 731 2405 se
757 2384 905 2418 quoque
929 2371 1018 2405 hacc
1041 2370 1086 2403 de
1112 2372 1176 2404 illo
1205 2371 1405 2407 audivisse:
1430 2380 1556 2418 putare

114 2421 236 2451 tamen
262 2429 345 2452 vera
371 2430 446 2452 non
470 2429 556 2453 esse.
619 2419 745 2453 Nihilo
770 2421 888 2453 minus
915 2419 969 2452 uti
996 2419 1184 2452 facultates
1210 2429 1292 2452 suas
1318 2419 1443 2453 amicis
1469 2431 1556 2454 con-

114 2464 293 2503 crederet,
326 2475 483 2499 monere.
541 2465 646 2510 Quae
681 2468 778 2500 enim
811 2477 908 2500 nunc
943 2465 1039 2510 apud
1079 2466 1253 2498 Romanos
1277 2476 1422 2511 regnum
1452 2472 1555 2502 tene-

114 2515 194 2544 rent
228 2511 464 2556 sycophantia
485 2518 521 2546 et
545 2513 747 2553 calumnia,
792 2524 850 2546 eas
881 2523 1004 2547 cavere
1040 2522 1259 2557 unumquem
1289 2523 1333 2545 ne
1369 2519 1546 2558 oportere.

112 2556 202 2590 Nam
234 2564 270 2592 et
302 2569 339 2591 se
380 2559 492 2591 totius
531 2559 583 2591 rei
608 2559 777 2604 publicae
816 2565 926 2604 caput
964 2570 1006 2592 ac
1035 2559 1235 2602 principem
1301 2559 1549 2605 onoribusque

101 2608 152 2637 'ac
184 2605 361 2638 felicitate
384 2604 480 2637 inter
503 2604 677 2639 Romanos
701 2607 955 2651 praecipuum,
979 2605 1192 2651 neutiquam
1215 2605 1289 2638 illis
1322 2605 1454 2647 fidere,
1485 2607 1550 2640 sed

111 2653 283 2684 maiorem
310 2662 351 2683 ac
376 2651 623 2694 pretiosiorem
650 2658 787 2697 partem
818 2663 935 2686 rerum
962 2663 1106 2684 suarum
1131 2650 1295 2695 Epibatis
1321 2652 1359 2685 in
1397 2654 1546 2687 castello

102 2695 150 2729 ’et
180 2709 261 2730 arce
297 2698 334 2731 iu
357 2698 543 2742 manganis
569 2699 823 2732 recondidisse.
873 2698 943 2743 Ipsi
972 2699 1250 2744 vcro,quoniam
1274 2699 1420 2733 castello
1447 2710 1547 2732 care-

112 2748 188 2783 ret,
213 2755 286 2790 quo
311 2745 348 2777 in
373 2743 581 2777 istiusmodi
614 2757 731 2779 rerum
764 2745 1106 2779 commutationibus
1138 2749 1320 2787 uteretur,
1349 2746 1421 2780 alio
1450 2758 1549 2791 quo-

112 2789 301 2825 dammodo
344 2791 532 2826 facultates
576 2802 658 2826 suas
694 2792 868 2827 tuendas:
904 2796 963 2834 ut,
990 2792 1021 2825 si
1057 2791 1149 2838 quid
1175 2791 1364 2829 adversum
1396 2792 1546 2834 accidat,
