1812 3132
558 162 939 213 HISTORIARUM
981 173 1054 214 111.
1095 178 1164 219 20.
1454 160 1558 227 1'29

117 292 168 318 κα
188 277 263 318 καί
279 277 400 329 βίαια
421 275 492 314 καὶ
508 275 736 315 διανοεῖται
757 272 1031 327 καίπράττειν
1046 267 1127 329 ἤδη
1143 271 1350 331 ὥρμηται,
1365 277 1444 316 «τοῦ
1461 278 1599 321 πολ-Δ,
1616 287 1653 320 c.
1671 287 1750 331 ,351

114 342 168 384 λὰ
206 338 483 397 πεφιληκότος
517 340 724 391 βασιλέως
758 339 832 378 καί
866 339 938 379 ε’πὶ
961 341 1068 393 μέγα
1098 337 1218 395 δόξης
1258 339 1561 397 προαγαγόντος

114 407 272 455 α’δίκως
301 401 576 459 α’μειβόμενος
603 401 701 453 τούς
727 406 883 452 παῖδας
925 405 976 445 ού
1001 404 1130 458 μόνον
1157 407 1229 461 τῆς
1255 407 1416 461 ἀρχῆς,
1448 405 1555 448 ἀλλὰ

113 471 188 516 καί
212 474 286 527 τῆς
314 472 422 525 ζωῆς
453 465 587 524 αὕτῆς
616 469 884 524 ἀποστερῶν,
913 470 987 523 τήν
1014 486 1059 511 τε
1086 470 1252 527 γνώμην
1270 471 1595 528 ε’βδελυξάμηνῡ

82 537 172 589 Βῶς
212 535 431 591 ὦμοτάτην
469 534 543 576 καί
575 534 874 589 ἀγνωμοσύνης
901 535 1104 588 ούδεμιῖιν
1126 539 1398 579 ἐλλείπουσαν
1425 538 1558 594 ὑπερ-

107 600 260 656 βολήν,
291 599 364 642 καί
391 598 521 642 αύτὸν
548 601 601 640 ου’
627 601 710 642 τῶν
739 601 875 655 φίλων
904 597 1043 655 ὥσπερ
1072 600 1299 657 πρότερον,
1334 601 1442 645 α’λλὰ
1471 605 1555 644 τῶν

54 713 60 718 .
107 664 430 721 πολεμιωτάτων
464 663 592 720 ἔγνων
631 666 718 707 δεῖν
755 664 969 719 ἡγεῖσθαι.
1030 668 1211 719 νομίζων
1244 669 1290 709 δὲ
1318 669 1377 723 μή
1407 670 1478 710 καί
1505 671 1554 710 σὲ

105 732 160 776 τοὶ
186 734 362 775 τοιαῦτα
389 727 553 786 α’γνοεῖν
580 731 664 772 τῶν
694 727 805 772 πάνυ
834 733 1010 786 καιρίων
1038 727 1146 773 εἶναι
1164 764 1176 785 ,
1216 730 1303 788 ἥκω
1346 734 1552 789 ἇπαγγέλε-

105 803 211 851 λων,
250 799 302 840 ἵν’
346 799 393 838 ἐκ
430 798 513 838 τῶν
551 796 771 851 παρόντων
808 798 1049 851 σκεψαμένη
1092 793 1142 837 ού
1167 796 1295 850 μόνον
1323 799 1453 854 αὐτὴν
1481 798 1555 841 καί

57 865 261 912 ᾐοπαῖδας
293 861 527 919 διασώσῃς,
560 858 667 904 ἄλλα
697 861 770 904 καί
795 861 872 917 τήν
900 858 1030 917 ἄλλην
1059 859 1231 904 ἅπασαν
1258 867 1552 917 συγκινδυνεύ-

104 944 234 972 ουσαν
259 924 437 984 ἇρχήν.”
489 928 514 983 ἦ
544 927 710 982 βασιλίς
739 930 786 971 δὲ
821 923 960 983 ὥσπερ
1000 930 1334 984 ἐκπεπληγμένη,
1380 929 1548 984 λόγους,

105 995 310 1052 ἔφασκεν,
354 992 552 1044 ἀκούειν,
603 995 716 1042 οἴους
747 993 837 1035 οὐδ’
875 991 1008 1035 αύτόν
1045 990 1116 1035 τὸν
1149 997 1296 1043 κακίας
1320 995 1549 1051 ἐφευρετήν

52 1066 58 1071 ”
101 1055 155 1104 ιῗν
186 1075 287 1102 ποτε
329 1057 586 1114 δυνήσεσθαι
613 1058 734 1117 ᾠήθη
762 1060 863 1115 περὶ
886 1058 1069 1113 μεγάλου
1100 1060 1348 1111 ὃομεστίκου
1382 1063 1543 1103 πείσειν

101 1124 412 1182 ἐπιχειρήσειν,
470 1123 527 1174 ὥς
566 1123 692 1174 κακὸς
727 1126 880 1175 ἐκεῖνος
906 1127 1006 1180 περὶ
1031 1122 1165 1180 αύτήν
1191 1124 1265 1166 καί
1290 1128 1436 1168 παισίν
1462 1128 1551 1169 ἐπι·
1562 1127 1666 1172 Ρ-4ῐ5

50 1190 310 1246 ιὸβουλεύων
335 1193 541 1245 βασιλέως
567 1189 642 1232 καί
664 1192 738 1245 τῆς
763 1192 1015 1245 θαυμαστῆς
1046 1192 1202 1245 ἐκείνης
1233 1189 1377 1247 φιλίας
1404 1207 1549 1232 τοιαυ-

98 1272 175 1306 τας
198 1256 382 1312 χάριτας
409 1255 651 1305 ἀποδιδούς.
715 1259 791 1298 τοῦ
817 1255 1085 1312 πατριάρχου
1131 1257 1178 1298 δὲ
1215 1255 1289 1298 καί
1321 1257 1457 1299 αὐτοῦ
1495 1261 1545 1299 τὰ

97 1321 170 1365 ἴσα
217 1319 447 1379 φάσκοντος
492 1324 538 1365 ἐν
580 1322 695 1379 ἀρχῇ
731 1324 985 1364 πεπονθέναι
1025 1320 1128 1376 πρὸς
1167 1321 1221 1363 τὰ
1259 1324 1356 1377 περί
1386 1323 1546 1364 ἐκείνου

98 1390 295 1444 εἰρημένα
323 1387 396 1429 καὶ
419 1393 505 1436 τοῖς
533 1389 728 1442 λέγουσιν
755 1389 972 1439 άπιστεῖν,
1005 1388 1054 1428 ού
1088 1386 1152 1435 δίς
1179 1389 1251 1429 καί
1275 1385 1461 1443 τετράκις
1477 1403 1547 1429 το-

98 1452 287 1505 σούτων,
317 1451 423 1494 α’λλιὶ
452 1454 526 1495 καί
554 1452 926 1495 πολλαπλασιόνων
945 1485 956 1505 ,
999 1447 1027 1507 ἢ
1054 1449 1146 1493 ὅσοι
1175 1449 1544 1507 προσεληλύθασιν

45 1514 210 1575 αοαῦτῇ
222 1551 234 1569 ,
277 1519 361 1559 τῶν
393 1519 619 1574 εἰρηκότων
664 1513 810 1561 ὄντων.
871 1516 1001 1559 ἔπειτ’
1028 1516 1312 1573 ἐπιστήσαντα
1340 1515 1415 1559 τὸν
1444 1523 1543 1559 νοῦν
1555 1521 1669 1556 V·.⁹›36

99 1582 173 1624 καί
205 1587 291 1630 τοῖς
329 1582 627 1637 πραττομένοις
668 1584 850 1638 α’κριβῶς
876 1580 1214 1638 προσεσχηκότα,
1245 1581 1321 1637 τήν
1351 1584 1544 1638 διαστρο-

99 1647 185 1704 φήν
219 1650 293 1702 τῆς
328 1646 494 1703 γνώμης
532 1652 808 1701 καταμαθεῖν.
872 1649 946 1690 καί
971 1651 1199 1690 πείθεσθαι
1229 1648 1445 1698 α’ξιοῦντος
1473 1648 1546 1690 καὶ

97 1712 229 1768 αύτὴν
256 1712 330 1755 καί
353 1712 411 1769 μή
444 1716 543 1769 περί
570 1711 817 1770 πράγματος
846 1709 955 1755 οὕτω
985 1711 1053 1755 τὸν
1081 1715 1270 1755 κίνδυνον
1299 1710 1398 1762 θ’ξύν
1427 1712 1543 1767 ἔχον-

202 1846 230 1870 ι.
255 1835 320 1868 καὶ
343 1839 430 1869 ante
458 1833 669 1871 διανοεῖται
693 1847 763 1869 om.
786 1835 834 1868 M.
955 1839 986 1881 4.
1013 1837 1075 1878 τῆς
1100 1846 1168 1870 om.
1194 1837 1228 1872 Ρ.

96 1941 346 1969 munerantem
371 1936 466 1969 filios
492 1936 738 1980 imperatoris,
776 1947 794 1968 a
821 1946 893 1980 quo
919 1938 1109 1979 tantopere
1138 1935 1292 1969 dilectus
1325 1940 1362 1968 et
1386 1937 1431 1970 ad
1467 1942 1539 1970 tam·

97 1983 262 2016 inclitum
298 1982 482 2027 fastigium
516 1987 657 2015 evectus
689 1988 765 2015 est:
799 1981 885 2013 dum
918 1992 978 2014 cos
1016 1994 1090 2014 non
1121 1983 1229 2015 modo
1265 1983 1442 2027 imperio,
1477 1984 1541 2017 sed

94 2030 169 2062 vita
192 2030 303 2061 etiam
327 2030 468 2073 privare
492 2029 640 2062 molitur
653 2029 678 2071 ,)
713 2029 998 2062 crudelissimum
1025 2030 1102 2061 eius
1128 2034 1164 2062 et
1189 2039 1296 2073 supra
1326 2041 1432 2075 quam
1459 2040 1540 2063 cre-

95 2075 213 2108 dibile
242 2080 318 2115 est,
340 2086 546 2120 perversum
569 2075 761 2108 consilium
785 2080 992 2114 execratus,
1018 2085 1091 2106 non
1116 2076 1312 2108 amicorum
1328 2099 1337 2114 ‚
1363 2081 1404 2108 ut
1426 2077 1539 2121 prius,

95 2121 159 2154 sed
193 2120 350 2155 hostium
386 2121 700 2155 infestissimorum
735 2133 884 2155 numero
919 2121 1124 2154 ducendum
1154 2121 1367 2154 existimavi.
1430 2123 1537 2156 Ratus

93 2178 222 2212 porro,
250 2178 317 2200 nec
340 2171 376 2201 te
399 2169 560 2209 nescire,
586 2179 691 2213 quam
717 2168 806 2201 hacc
833 2168 985 2201 exitiosa
1012 2168 1105 2206 sint,
1129 2167 1197 2200 tibi
1224 2168 1374 2200 nuntius
1399 2168 1537 2207 adsum,

93 2220 136 2248 ut
157 2223 223 2258 pro
249 2218 410 2259 tempore
435 2215 725 2258 circumspicias,
771 2214 1073 2260 quemadmodum
1100 2218 1136 2247 et
1160 2220 1195 2247 tc
1231 2219 1267 2246 et
1298 2219 1424 2257 gnatos
1456 2221 1536 2248 tuos

95 2266 132 2293 et
155 2265 272 2293 totum
300 2261 490 2305 imperium
516 2262 552 2294 in
587 2260 683 2294 idem
709 2261 899 2294 discrimen
931 2262 1134 2293 coniectum
1160 2270 1286 2292 serves.
1349 2261 1441 2293 Tum
1469 2262 1536 2293 im-

91 2306 252 2351 peratrix
275 2308 450 2341 attonitae
473 2306 600 2341 similis
615 2332 624 2347 ,
647 2307 737 2340 talia
763 2318 801 2340 se
826 2307 870 2340 de
898 2319 1027 2352 magno
1053 2306 1250 2340 domestico
1277 2305 1403 2339 audire
1427 2307 1532 2347 dixit,

93 2353 217 2398 qualia
250 2364 436 2399 nunquam
472 2355 664 2398 cogitasset
694 2353 739 2387 de
781 2364 824 2387 eo
858 2353 929 2386 sibi
961 2353 1181 2398 persuadere
1226 2358 1434 2386 conaturum
1473 2355 1533 2387 vel

92 2399 211 2443 ipsum
237 2399 412 2432 scelerum
447 2400 606 2434 omnium
640 2405 794 2434 satorem
833 2405 870 2433 et
900 2399 1156 2438 architectum,
1194 2397 1394 2432 diabolum:
1432 2400 1532 2445 qnod

91 2445 263 2478 nimirum
289 2445 360 2478 sibi
385 2446 538 2480 infestus
573 2452 610 2480 et
639 2446 831 2480 insidiator
854 2446 1053 2480 liberorum
1092 2445 1320 2489 imperatoris
1360 2456 1424 2489 pro
1463 2459 1531 2479 no-

91 2490 162 2526 bili
188 2492 251 2525 illa
277 2491 435 2525 amicitia
458 2494 549 2527 tales
574 2492 726 2527 referret
749 2493 889 2538 gratias.
939 2493 1152 2536 Excipiente
1180 2491 1402 2536 patriarcha,
1439 2504 1530 2526 eun-

92 2537 174 2572 dem
205 2538 316 2571 fuisse
350 2545 492 2572 sensum
523 2550 627 2572 suum
662 2538 707 2572 ab
740 2539 869 2579 initio,
905 2550 985 2573 cum
1017 2538 1105 2571 haec
1140 2538 1184 2570 de
1215 2548 1257 2571 eo
1291 2537 1456 2579 audiret,
1492 2545 1530 2573 et

92 2585 320 2618 narrantibus
343 2585 487 2619 credere
510 2585 730 2632 nequivisse,
754 2586 816 2632 qui
837 2593 910 2619 non
939 2590 995 2619 ter
1020 2589 1159 2629 quater,
1181 2583 1244 2617 sed
1270 2584 1391 2617 multis
1417 2588 1530 2630 parti-

90 2629 159 2664 bus
183 2631 304 2676 plures
340 2631 512 2673 fuissent,
550 2638 656 2678 quam
688 2644 784 2666 nunc
823 2631 868 2665 ad
904 2642 979 2664 eam
1014 2632 1287 2671 convenissent3
1323 2635 1425 2675 post,
1461 2631 1524 2664 ubi

93 2679 248 2710 animum
295 2677 512 2722 applicuerit
560 2683 597 2712 et
634 2678 680 2711 ad
713 2684 791 2712 acta
830 2678 1024 2721 diligenter
1056 2677 1270 2715 attenderit,
1313 2678 1524 2721 pravitatem

91 2724 222 2757 mentis
251 2723 328 2757 eius
355 2723 550 2765 didicisse,
580 2735 687 2771 quam
713 2730 754 2757 ut
779 2730 814 2757 ct
839 2726 915 2767 ipsa
943 2723 1087 2762 credat,
1114 2732 1268 2768 aequum
1295 2723 1420 2758 videri,
1471 2724 1523 2756 Ne

90 2771 130 2802 in
152 2770 453 2814 periculosissimo
482 2774 627 2817 negotio
651 2782 767 2806 moras
792 2776 931 2810 nectat,
957 2769 1019 2804 scd
1044 2771 1114 2804 iam
1139 2769 1184 2804 de
1209 2781 1272 2803 sua
1294 2770 1526 2816 filio‘rumque‘

139 2837 407 2873 Cantacuzenus
432 2839 477 2872 ΙΙ.
1236 2851 1259 2884 9
