1820 3152
274 157 385 213 566
804 169 1175 212 CANTAcanm

78 287 160 328 A.C.
177 278 346 334 ι346καῐ
371 275 570 331 βασιλίδα
594 272 702 329 πρὸς
729 275 798 315 τὸν
825 271 1002 326 πόλεμον
1048 267 1312 324 κεκινηκότων
1368 267 1450 311 καῖ
1478 265 1708 323 ζητούντων

276 346 465 398 α’ναιρεῖν
494 342 537 391 ἐξ
565 339 766 392 οὐδεμιᾶς
795 338 929 387 αἰτίας
946 370 959 391 ,
990 331 1296 392 οὔτ’ἐπιθυμίᾳ
1321 335 1442 389 δόξης
1472 334 1708 388 βασιλικῆς,

274 407 369 467 (καί
392 410 599 462 βασιλέως
619 404 696 459 γὰρ
716 403 779 446 ἔτι
809 401 1023 458 περιόντος
1040 435 1051 453 ,
1080 400 1196 455 ἔχειν
1213 432 1225 454 ,
1254 400 1294 441 εἰ
1324 399 1536 453 ἐβούλετο,
1566 400 1708 454 ἐξῆν,)

275 469 362 516 οὔτ’
382 472 585 529 ἀπληστίᾳ
613 472 687 512 καί
712 468 921 527 πλεονεξίᾳ
948 468 1126 523 γνώμης,
1158 468 1229 508 ἐπὶ
1253 465 1298 508 τὸ
1332 464 1574 520 βασιλεύειν
1593 459 1706 519 ἧκεν·

276 536 369 580 ἄλλ’
390 538 531 580 αὐτῶν
557 534 688 578 πολλὰ
719 535 971 590 δεηθέντων,
996 533 1054 588 μὴ
1087 537 1327 575 καταλιπεῖν
1364 534 1410 574 ἐν
1437 536 1595 586 καιροῖς
1627 536 1738 577 σειν-5

277 603 410 646 ‹hh-mv
441 601 518 657 τήν
546 600 831 658 προστασίαν,
876 601 974 655 μηδ’
1001 597 1139 654 ὥσπερ
1168 596 1423 653 κυβερνήτην
1450 598 1495 639 ἐν
1527 594 1712 638 κλύδωνι

275 668 348 711 καὶ
374 667 488 726 σάλῳ
520 669 604 710 ταῖν
633 666 785 709 οἰάκων
815 667 1072 721 ἀποστῆναι,
1103 665 1154 705 οὔ
1180 665 1340 717 μᾶλλον
1362 665 1436 716 τῆς
1467 661 1602 705 miro&
1629 677 1712 703 σω-

234 741 258 774 Β
275 737 420 791 τηρίας
449 737 567 777 ἕνεκα
594 728 622 787 ἢ
654 733 818 774 ἐκείνων
845 730 951 787 πρὸς
977 729 1135 785 ταύτην
1152 731 1291 772 ἐλθεῖν
1309 726 1386 782 τὴν
1414 729 1676 782 ἐπιχείρησιν
1696 758 1710 780 ,

276 802 542 856 συνορῶντα,
588 796 644 847 αἷς
682 795 831 854 ἑτέρως
862 797 937 838 οὐκ
973 795 1062 840 ἐστι
1091 794 1388 846 διασώζεσθαι.
1442 794 1538 836 νυνί
1564 793 1604 834 δ’
1623 792 1717 834 ἐπεὶ

275 864 377 914 θεὸς
406 866 633 920 παρέσχετο
661 865 745 905 τῶν
777 861 1117 918 πεπολεμηκότων
1144 862 1334 918 ὀφθῆναι
1352 861 1590 915 κρείττους,
1621 859 1770 903 δέοντο·

275 931 349 987 τήν
378 928 562 986 ἀρχαίαν
588 927 752 983 γνώμην
787 931 886 984 περὶ
910 928 1010 977 τούς
1038 930 1242 981 βασιλέως
1284 927 1439 974 παῖδας
1469 924 1714 978 διασώζειν,

275 997 344 1039 ἵνα
375 996 432 1052 μή
470 998 654 1048 δοκῶμεν
682 992 773 1036 τότε
800 996 878 1047 μὲν
906 994 1136 1050 ἐξαπατᾷν,
1168 991 1227 1047 μή
1258 996 1454 1044 πολεμεῖν
1481 995 1568 1040 τοῖς
1594 994 1719 1045 βασι·-

277 1065 382 1112 λὲως
408 1064 591 1116 λέγοντες
626 1059 792 1110 παισίν,
842 1058 947 1102 α’λλά
979 1060 1053 1114 τῆς
1093 1057 1258 1101 ἐκείνων
1298 1059 1458 1110 μᾶλλον
1494 1057 1568 1098 καί
1603 1058 1722 1113 κοινῇ

279 1129 363 1170 τῶν
406 1124 545 1168 ἄλλων
583 1125 803 1179 Ῥωμαίων
839 1125 1046 1181 ω’φελείας
1083 1124 1201 1167 ἕνεκα
1244 1121 1417 1165 ἑλέσθαι
1443 1121 1491 1164 τὸ
1524 1121 1720 1176 βασιλεύ-

280 1209 367 1244 ειν,
397 1193 517 1247 ἦνίκα
545 1189 608 1233 ἔτι
633 1191 707 1245 τὴν
734 1194 810 1232 τοῦ
848 1191 1121 1246 περιέσεσθαι
1151 1184 1305 1244 ἄδηλον
1334 1189 1485 1230 ἐλπίδα
1522 1186 1777 1242 εἴχομεν,ιὸ

279 1257 374 1300 νυνὶ
402 1260 448 1300 δὲ
478 1253 544 1299 ὅθ’
564 1257 665 1312 ἡμῖν
693 1255 904 1311 περίεστιν
941 1256 986 1297 ἐκ
1014 1257 1095 1298 τῶν
1124 1254 1379 1311 πραγμάτων
1407 1252 1575 1308 ἔλεγχον
1605 1252 1722 1295 διδό-

278 1339 348 1365 ναι
383 1324 457 1378 τῆς
494 1322 661 1378 γνώμης
701 1323 877 1377 ἐναργῆ,
922 1320 1122 1363 τοῖναντία
1168 1326 1253 1369 τοῖς
1294 1317 1498 1375 πρότερον
1534 1318 1723 1362 ἑλέσθαι.

278 1390 501 1444 τοιγαροῦν
532 1383 624 1429 οὔτε
652 1386 852 1443 πρότερον
884 1389 959 1440 τῆς
990 1386 1127 1440 ἀρχῆς
1155 1381 1399 1440 ἀποστερεῖν
1425 1383 1498 1426 τὸν
1516 1386 1741 1438 βασιλέως·

245 1453 452 1509 (ζέἱλόμην
497 1455 652 1505 παῖδα,
694 1448 791 1493 οὔτε
826 1453 900 1493 νῦν
937 1449 1191 1505 αἱρήσομαι,
1238 1449 1345 1492 ἀλλὰ
1390 1448 1530 1492 πάντα
1569 1448 1724 1507 τρόπον

281 1517 535 1573 ἐπιχειρήσω
562 1515 864 1568 συνδιασώζειν
900 1518 1040 1573 ἐκείνῳ
1081 1515 1158 1570 τήν
1197 1515 1348 1572 ἀρχήν.
1404 1515 1486 1559 εἴτε
1524 1514 1607 1572 γαρ
1647 1531 1778 1560 uro-20

280 1585 393 1640 λέμῳ
435 1584 674 1633 Βυζαντίου
695 1598 741 1625 τε
764 1582 957 1637 κρατήσω
994 1584 1068 1623 καί
1095 1582 1225 1624 αὐτοῦ
1251 1584 1458 1636 βασιλέως
1475 1613 1487 1635 ,
1519 1581 1602 1624 εἴτε
1619 1580 1726 1638 πρὸς

283 1648 449 1704 εἰρήνην
472 1645 726 1703 χωρήσωσιν
769 1650 865 1701 ἐμοὶ
902 1647 1133 1701 συμβάσεις
1160 1649 1331 1701 θέμενοι
1364 1647 1438 1689 ἐπὶ
1462 1649 1520 1705 τῷ
1547 1648 1734 1702 βασιλέα,

283 1716 470 1770 στέργειν
490 1746 501 1764 ,
547 1712 626 1755 εἴθ’
646 1710 774 1771 ἑτέρῳ
815 1710 954 1770 τρόπῳ
995 1712 1047 1768 δή
1090 1729 1172 1756 τινι
1210 1714 1518 1770 περιγένωμαι,
1547 1716 1621 1769 τῆς
1646 1729 1726 1755 πα-

377 1794 433 1828 23.
462 1793 716 1839 περιγένομαι
739 1793 773 1826 Ρ.

286 1861 388 1895 dacia
425 1861 698 1906 calumniasque
730 1860 1085 1895 comminiscentibus
1134 1864 1171 1894 et
1202 1860 1468 1906 imperatricem
1503 1861 1551 1896 ad
1587 1860 1726 1895 bellum

285 1908 604 1942 exstimulautibus
622 1918 662 1940 ac
678 1918 715 1941 se
740 1908 921 1941 insontem
945 1910 1123 1952 perimere
1150 1907 1428 1953 quaerentibus,
1451 1919 1520 1941 nec
1544 1907 1727 1941 desiderio

285 1959 456 1998 augustae
494 1954 715 1994 maiestatis,
754 1966 824 1999 qua
855 1955 974 1989 adhuc
1014 1957 1093 1988 vivo
1130 1954 1348 1999 imperatore
1372 1954 1444 1986 frui
1468 1955 1668 1999 potuisset,
1695 1954 1728 1988 si

290 2001 488 2040 voluisset,
519 2011 585 2034 nec
618 2000 837 2045 inexplebili
880 2011 989 2046 opum
1031 2000 1234 2045 cupiditate
1259 2001 1304 2034 ad
1329 2000 1579 2044 imperandum
1609 2011 1728 2034 acces—

286 2048 394 2081 sisset
435 2058 558 2080 verum
593 2047 681 2091 ipsis
723 2047 885 2091 impense
921 2048 1154 2092 rogantibus,
1185 2059 1231 2081 ne
1263 2047 1476 2092 periculosis
1502 2047 1728 2092 temporibus

284 2094 542 2139 procuratione
571 2093 711 2134 abiret,
747 2105 814 2127 nec
839 2100 880 2127 ut
903 2095 1036 2128 infidus
1064 2094 1303 2140 gubernator,
1329 2095 1367 2126 in
1391 2092 1563 2127 fluctibus
1591 2098 1628 2127 et
1651 2093 1730 2127 salo

287 2142 426 2174 clavum
453 2139 679 2181 dimitteret,
715 2151 788 2174 non
814 2141 924 2183 magis
952 2152 1058 2182 suae,
1086 2152 1194 2187 quam
1218 2140 1378 2184 ipsorum
1401 2140 1530 2174 salutis
1554 2151 1659 2174 causa
1683 2138 1731 2173 ad

286 2187 356 2220 hoe
379 2198 508 2219 munus
533 2198 752 2231 aggressum:
778 2197 857 2219 cum
881 2187 1123 2233 intelligeret,
1149 2187 1255 2220 aliter
1276 2198 1336 2220 eos
1365 2188 1497 2219 servari
1517 2198 1590 2220 non
1612 2197 1730 2233 posse.

288 2235 382 2274 lam,
418 2234 590 2278 quoniam
630 2233 754 2266 divino
795 2243 969 2268 concessu
1003 2234 1125 2268 hostes
1162 2233 1373 2274 debellarit,
1418 2233 1604 2279 antiquam
1645 2243 1728 2277 erga

287 2279 424 2314 liberos
460 2279 689 2324 imperatoris
723 2280 1004 2314 conservandam
1042 2290 1119 2314 esse
1153 2279 1357 2324 pietatem,
1398 2291 1445 2314 ne
1478 2279 1606 2325 fraude
1642 2290 1728 2312 usus

286 2325 582 2366 videatur-,cum
607 2331 694 2359 tunc
716 2326 898 2370 professus
921 2327 990 2367 sit,
1016 2337 1089 2359 non
1112 2337 1150 2358 se
1175 2326 1312 2359 bellum
1337 2325 1506 2359 adversus
1530 2327 1728 2370 imperato-

286 2374 334 2406 ris
365 2373 457 2405 filios
482 2383 626 2416 gerere,
663 2373 726 2406 sed
746 2372 793 2406 ob
820 2372 1027 2406 eorumdem
1064 2373 1378 2418 Romanorumque
1401 2383 1626 2406 communem
1655 2373 1730 2406 uti-
1766 2382 1770 2386 ·

288 2419 427 2452 litatem
461 2418 581 2463 potius
629 2419 806 2463 imperare
846 2419 965 2458 velle,
1001 2418 1144 2464 quando
1174 2419 1293 2453 adhuc
1316 2422 1356 2453 in
1381 2420 1518 2452 incerto
1547 2423 1624 2452 erat
1647 2428 1728 2464 spes

289 2466 481 2498 victoriae:
511 2476 606 2498 nunc
629 2475 713 2499 vero
739 2476 819 2498 cum
845 2464 995 2499 facultas
1020 2466 1078 2503 sit,
1105 2476 1141 2498 re
1167 2466 1245 2509 ipsa
1270 2467 1378 2500 huius
1403 2466 1581 2511 propositi
1609 2466 1730 2510 palam

291 2511 531 2552 testificandi,
557 2516 681 2545 contra
707 2523 815 2556 quam
842 2511 1024 2556 pollicitus
1049 2514 1115 2551 sit,
1141 2512 1260 2545 saciat.
1298 2512 1451 2546 Proinde
1478 2523 1598 2557 neque
1621 2517 1729 2545 antea

291 2558 408 2591 filium
443 2558 671 2601 imperatoris
696 2559 848 2601 imperio
879 2558 1033 2602 spoliare
1058 2560 1252 2602 cogitasse:
1284 2569 1404 2604 neque
1429 2568 1526 2591 nunc
1553 2559 1731 2604 spoliatu-

290 2615 368 2637 rum
384 2628 392 2643 ‚
424 2604 486 2635 sed
506 2604 544 2636 id
568 2605 785 2638 omnimodis
812 2606 846 2638 ci
870 2610 1171 2638 conservaturum.
1230 2605 1312 2638 Sive
1340 2605 1436 2638 onim
1465 2605 1571 2638 armis
1596 2606 1731 2648 Byzan-

291 2651 387 2684 tium
418 2659 498 2680 cum
540 2651 616 2693 ipso
655 2653 872 2696 imperatore
898 2652 1034 2695 capiat,
1069 2653 1144 2684 sive
1168 2662 1291 2695 pacem
1319 2652 1377 2684 illi
1405 2651 1588 2696 accipiant
1620 2661 1731 2696 seque

294 2697 399 2730 certis
437 2695 709 2731 conditionibus
744 2698 969 2742 imperatoris
1003 2698 1175 2742 collegam
1199 2699 1402 2742 patiantur:
1444 2699 1518 2730 sive
1544 2697 1616 2731 alio
1641 2708 1733 2743 quo—
1778 2734 1781 2737 ,

297 2742 379 2778 dam
413 2742 518 2777 modo
556 2743 696 2785 vincat,
732 2750 883 2789 paterno
922 2756 1004 2780 eum
1035 2744 1239 2791 principatu
1270 2756 1345 2780 non
1381 2744 1631 2790 depulsurum,
1668 2742 1734 2777 »ed
