<?xml version="1.0" encoding="UTF-8"?>
<!DOCTYPE html PUBLIC "-//W3C//DTD XHTML 1.0 Transitional//EN"
    "http://www.w3.org/TR/xhtml1/DTD/xhtml1-transitional.dtd">
<html xmlns="http://www.w3.org/1999/xhtml" xml:lang="en" lang="en">
 <head>
  <title>
</title>
<meta http-equiv="Content-Type" content="text/html;charset=utf-8" />
  <meta name='ocr-system' content='tesseract 3.04.00' />
  <meta name='ocr-capabilities' content='ocr_page ocr_carea ocr_par ocr_line ocrx_word'/>
</head>
<body>
  <div class='ocr_page' id='page_1' title='image "./corpusscriptorum24niebuoft_0453.png"; bbox 0 0 1820 3138; ppageno 0'>
   <div class='ocr_carea' id='block_1_1' title="bbox 555 149 1556 220">
    <p class='ocr_par' dir='ltr' id='par_1_1' title="bbox 555 149 1556 220">
     <span class='ocr_line' id='line_1_1' title="bbox 555 149 1556 220; baseline 0.001 -5"><span class='ocrx_word' id='word_1_1' title='bbox 555 170 931 215; x_wconf 76' lang='lat' dir='ltr'><strong>msTomARnM</strong></span> <span class='ocrx_word' id='word_1_2' title='bbox 970 174 1043 214; x_wconf 88' lang='lat'>111.</span> <span class='ocrx_word' id='word_1_3' title='bbox 1074 176 1141 220; x_wconf 82' lang='lat'><strong><em>72.</em></strong></span> <span class='ocrx_word' id='word_1_4' title='bbox 1446 149 1525 216; x_wconf 73' lang='lat'><strong><em>44</em></strong></span> <span class='ocrx_word' id='word_1_5' title='bbox 1538 168 1556 203; x_wconf 91' lang='lat'>1</span> 
     </span>
    </p>
   </div>
   <div class='ocr_carea' id='block_1_2' title="bbox 55 268 1760 1838">
    <p class='ocr_par' dir='ltr' id='par_1_2' title="bbox 55 268 1760 1838">
     <span class='ocr_line' id='line_1_2' title="bbox 123 268 1760 329; baseline -0.007 -7"><span class='ocrx_word' id='word_1_6' title='bbox 123 279 154 322; x_wconf 73' lang='grc' dir='ltr'><em>ἃ</em></span> <span class='ocrx_word' id='word_1_7' title='bbox 195 279 328 321; x_wconf 67' lang='grc' dir='ltr'><strong><em>αὐτοῦ</em></strong></span> <span class='ocrx_word' id='word_1_8' title='bbox 363 268 538 324; x_wconf 80' lang='grc' dir='ltr'><strong><em>α’πόντος</em></strong></span> <span class='ocrx_word' id='word_1_9' title='bbox 575 275 712 328; x_wconf 84' lang='grc' dir='ltr'><strong><em>λόγοις</em></strong></span> <span class='ocrx_word' id='word_1_10' title='bbox 749 274 1024 329; x_wconf 72' lang='grc' dir='ltr'><strong><em>ἐψηφίσαντο,</em></strong></span> <span class='ocrx_word' id='word_1_11' title='bbox 1057 271 1192 329; x_wconf 76' lang='grc' dir='ltr'><strong><em>ἔργοις</em></strong></span> <span class='ocrx_word' id='word_1_12' title='bbox 1220 269 1425 325; x_wconf 73' lang='grc' dir='ltr'><strong><em>παρόντος</em></strong></span> <span class='ocrx_word' id='word_1_13' title='bbox 1452 271 1760 322; x_wconf 68' lang='grc' dir='ltr'><strong><em>τελε-Δ.0.ι343</em></strong></span> 
     </span>
     <span class='ocr_line' id='line_1_3' title="bbox 123 334 1690 403; baseline -0.008 -15"><span class='ocrx_word' id='word_1_14' title='bbox 123 349 226 403; x_wconf 84' lang='grc' dir='ltr'><strong><em>σθῇ,</em></strong></span> <span class='ocrx_word' id='word_1_15' title='bbox 253 342 326 386; x_wconf 75' lang='grc' dir='ltr'><strong><em>καί</em></strong></span> <span class='ocrx_word' id='word_1_16' title='bbox 350 341 559 396; x_wconf 86' lang='grc' dir='ltr'><strong><em>α’πόληται</em></strong></span> <span class='ocrx_word' id='word_1_17' title='bbox 586 337 717 390; x_wconf 72' lang='grc' dir='ltr'><strong><em>αὐτὸς</em></strong></span> <span class='ocrx_word' id='word_1_18' title='bbox 744 338 818 393; x_wconf 80' lang='grc' dir='ltr'><strong><em>τήν</em></strong></span> <span class='ocrx_word' id='word_1_19' title='bbox 846 340 1039 381; x_wconf 77' lang='grc' dir='ltr'><strong><em>ἐναντίαν</em></strong></span> <span class='ocrx_word' id='word_1_20' title='bbox 1066 336 1232 392; x_wconf 78' lang='grc' dir='ltr'><strong><em>γνώμην</em></strong></span> <span class='ocrx_word' id='word_1_21' title='bbox 1258 334 1381 390; x_wconf 78' lang='grc' dir='ltr'><strong><em>ἔχων.</em></strong></span> <span class='ocrx_word' id='word_1_22' title='bbox 1434 335 1476 376; x_wconf 80' lang='grc' dir='ltr'><strong><em>εἰ</em></strong></span> <span class='ocrx_word' id='word_1_23' title='bbox 1489 334 1690 387; x_wconf 80' lang='grc' dir='ltr'><strong><em>μὲνΡ.597</em></strong></span> 
     </span>
     <span class='ocr_line' id='line_1_4' title="bbox 122 400 1566 464; baseline -0.009 -11"><span class='ocrx_word' id='word_1_24' title='bbox 122 406 221 463; x_wconf 74' lang='grc' dir='ltr'><strong><em>οὖν,</em></strong></span> <span class='ocrx_word' id='word_1_25' title='bbox 250 409 431 464; x_wconf 83' lang='grc' dir='ltr'><strong><em>ἔφασκε,</em></strong></span> <span class='ocrx_word' id='word_1_26' title='bbox 460 408 544 447; x_wconf 76' lang='grc' dir='ltr'><strong><em>τῶν</em></strong></span> <span class='ocrx_word' id='word_1_27' title='bbox 579 403 778 448; x_wconf 76' lang='grc' dir='ltr'><strong><em>τοιούτων</em></strong></span> <span class='ocrx_word' id='word_1_28' title='bbox 806 403 864 452; x_wconf 75' lang='grc' dir='ltr'><strong><em>ὥς</em></strong></span> <span class='ocrx_word' id='word_1_29' title='bbox 897 400 1275 446; x_wconf 83' lang='grc' dir='ltr'><strong><em>α’λυσιτελεστάτων</em></strong></span> <span class='ocrx_word' id='word_1_30' title='bbox 1317 400 1566 454; x_wconf 82' lang='grc' dir='ltr'><strong><em>α’πόσχησθε</em></strong></span> 
     </span>
     <span class='ocr_line' id='line_1_5' title="bbox 121 462 1565 525; baseline -0.008 -9"><span class='ocrx_word' id='word_1_31' title='bbox 121 474 195 516; x_wconf 82' lang='grc' dir='ltr'><strong><em>καί</em></strong></span> <span class='ocrx_word' id='word_1_32' title='bbox 232 471 377 525; x_wconf 64' lang='lat' dir='ltr'><strong>azimi,</strong></span> <span class='ocrx_word' id='word_1_33' title='bbox 408 472 479 513; x_wconf 86' lang='grc' dir='ltr'><strong><em>καί</em></strong></span> <span class='ocrx_word' id='word_1_34' title='bbox 515 469 589 513; x_wconf 85' lang='grc' dir='ltr'><strong><em>τὸν</em></strong></span> <span class='ocrx_word' id='word_1_35' title='bbox 615 471 797 522; x_wconf 87' lang='grc' dir='ltr'><strong><em>πόλεμον</em></strong></span> <span class='ocrx_word' id='word_1_36' title='bbox 808 503 820 522; x_wconf 82' lang='grc'><strong><em>,</em></strong></span> <span class='ocrx_word' id='word_1_37' title='bbox 862 467 1003 523; x_wconf 73' lang='grc' dir='ltr'><strong><em>ὥσπερ</em></strong></span> <span class='ocrx_word' id='word_1_38' title='bbox 1033 467 1232 523; x_wconf 75' lang='grc' dir='ltr'><strong><em>ἐξαρχῆς,</em></strong></span> <span class='ocrx_word' id='word_1_39' title='bbox 1262 466 1429 508; x_wconf 74' lang='grc' dir='ltr'><strong><em>ἕλοισθε</em></strong></span> <span class='ocrx_word' id='word_1_40' title='bbox 1458 462 1565 520; x_wconf 82' lang='grc' dir='ltr'><strong><em>πρὸς</em></strong></span> 
     </span>
     <span class='ocr_line' id='line_1_6' title="bbox 94 527 1565 593; baseline -0.008 -11"><span class='ocrx_word' id='word_1_41' title='bbox 94 536 471 593; x_wconf 84' lang='grc' dir='ltr'><strong><em>5Καντακουζηνὸν</em></strong></span> <span class='ocrx_word' id='word_1_42' title='bbox 498 537 639 592; x_wconf 80' lang='grc' dir='ltr'><strong><em>(τοῦτο</em></strong></span> <span class='ocrx_word' id='word_1_43' title='bbox 659 534 739 590; x_wconf 81' lang='grc' dir='ltr'><strong><em>γάρ</em></strong></span> <span class='ocrx_word' id='word_1_44' title='bbox 763 535 861 589; x_wconf 79' lang='grc' dir='ltr'><strong><em>ἡμῖν</em></strong></span> <span class='ocrx_word' id='word_1_45' title='bbox 881 534 1221 576; x_wconf 85' lang='grc' dir='ltr'><strong><em>λυσιτελέστατόν</em></strong></span> <span class='ocrx_word' id='word_1_46' title='bbox 1240 534 1362 590; x_wconf 80' lang='grc' dir='ltr'><strong><em>ἐστι,)</em></strong></span> <span class='ocrx_word' id='word_1_47' title='bbox 1396 529 1468 572; x_wconf 82' lang='grc' dir='ltr'><strong><em>καί</em></strong></span> <span class='ocrx_word' id='word_1_48' title='bbox 1485 527 1565 571; x_wconf 72' lang='grc' dir='ltr'><strong><em>αὖ-</em></strong></span> 
     </span>
     <span class='ocr_line' id='line_1_7' title="bbox 118 593 1566 656; baseline -0.006 -10"><span class='ocrx_word' id='word_1_49' title='bbox 118 603 190 646; x_wconf 83' lang='grc' dir='ltr'><strong><em>τόν</em></strong></span> <span class='ocrx_word' id='word_1_50' title='bbox 215 606 379 656; x_wconf 70' lang='grc' dir='ltr'><strong><em>ἕτοιμον</em></strong></span> <span class='ocrx_word' id='word_1_51' title='bbox 406 598 534 654; x_wconf 83' lang='grc' dir='ltr'><strong><em>εἶναι,</em></strong></span> <span class='ocrx_word' id='word_1_52' title='bbox 583 599 742 649; x_wconf 67' lang='grc' dir='ltr'><strong><em>πίστεις</em></strong></span> <span class='ocrx_word' id='word_1_53' title='bbox 779 603 879 655; x_wconf 86' lang='grc' dir='ltr'><strong><em>παρ’</em></strong></span> <span class='ocrx_word' id='word_1_54' title='bbox 906 599 1034 655; x_wconf 71' lang='grc' dir='ltr'><strong><em>αὐτῆς</em></strong></span> <span class='ocrx_word' id='word_1_55' title='bbox 1063 597 1311 652; x_wconf 79' lang='grc' dir='ltr'><strong><em>δεξάμενον,</em></strong></span> <span class='ocrx_word' id='word_1_56' title='bbox 1353 598 1410 647; x_wconf 77' lang='grc' dir='ltr'><strong><em>ὥς</em></strong></span> <span class='ocrx_word' id='word_1_57' title='bbox 1441 593 1566 638; x_wconf 68' lang='grc' dir='ltr'><strong><em>οὐδὲν</em></strong></span> 
     </span>
     <span class='ocr_line' id='line_1_8' title="bbox 118 658 1563 727; baseline -0.006 -16"><span class='ocrx_word' id='word_1_58' title='bbox 118 666 231 727; x_wconf 77' lang='grc' dir='ltr'><strong><em>αιῖτῷ</em></strong></span> <span class='ocrx_word' id='word_1_59' title='bbox 268 670 498 722; x_wconf 75' lang='grc' dir='ltr'><strong><em>ἀπαντήσει</em></strong></span> <span class='ocrx_word' id='word_1_60' title='bbox 540 668 761 722; x_wconf 79' lang='grc' dir='ltr'><strong><em>δυσχερὲς,</em></strong></span> <span class='ocrx_word' id='word_1_61' title='bbox 807 667 1003 719; x_wconf 80' lang='grc' dir='ltr'><strong><em>πράττειν</em></strong></span> <span class='ocrx_word' id='word_1_62' title='bbox 1039 663 1148 717; x_wconf 79' lang='grc' dir='ltr'><strong><em>μετὰ</em></strong></span> <span class='ocrx_word' id='word_1_63' title='bbox 1188 666 1272 706; x_wconf 76' lang='grc' dir='ltr'><strong><em>τῶν</em></strong></span> <span class='ocrx_word' id='word_1_64' title='bbox 1310 659 1449 706; x_wconf 74' lang='grc' dir='ltr'><strong><em>ἄλλων</em></strong></span> <span class='ocrx_word' id='word_1_65' title='bbox 1482 658 1563 726; x_wconf 66' lang='grc' dir='ltr'><strong><em>ὅσα</em></strong></span> 
     </span>
     <span class='ocr_line' id='line_1_9' title="bbox 117 726 1565 790; baseline -0.006 -12"><span class='ocrx_word' id='word_1_66' title='bbox 117 733 170 778; x_wconf 73' lang='grc' dir='ltr'><strong><em>ἂν</em></strong></span> <span class='ocrx_word' id='word_1_67' title='bbox 197 736 368 778; x_wconf 84' lang='grc' dir='ltr'><strong><em>οἴωνται</em></strong></span> <span class='ocrx_word' id='word_1_68' title='bbox 394 735 643 790; x_wconf 79' lang='grc' dir='ltr'><strong><em>συμφέρειν.</em></strong></span> <span class='ocrx_word' id='word_1_69' title='bbox 699 733 739 773; x_wconf 88' lang='grc' dir='ltr'><strong><em>εἰ</em></strong></span> <span class='ocrx_word' id='word_1_70' title='bbox 765 734 804 774; x_wconf 81' lang='grc' dir='ltr'><strong><em>δ’</em></strong></span> <span class='ocrx_word' id='word_1_71' title='bbox 832 728 917 787; x_wconf 72' lang='grc' dir='ltr'><strong><em>ἄρα</em></strong></span> <span class='ocrx_word' id='word_1_72' title='bbox 951 730 1088 780; x_wconf 79' lang='grc' dir='ltr'><strong><em>ἄλλως</em></strong></span> <span class='ocrx_word' id='word_1_73' title='bbox 1123 729 1299 786; x_wconf 79' lang='grc' dir='ltr'><strong><em>ἔγνωκεν</em></strong></span> <span class='ocrx_word' id='word_1_74' title='bbox 1344 727 1452 784; x_wconf 74' lang='grc' dir='ltr'><strong><em>αὐτῆ</em></strong></span> <span class='ocrx_word' id='word_1_75' title='bbox 1491 726 1565 770; x_wconf 81' lang='grc' dir='ltr'><strong><em>καί</em></strong></span> 
     </span>
     <span class='ocr_line' id='line_1_10' title="bbox 117 794 1569 856; baseline -0.006 -14"><span class='ocrx_word' id='word_1_76' title='bbox 117 799 195 855; x_wconf 81' lang='grc' dir='ltr'><strong><em>τὴν</em></strong></span> <span class='ocrx_word' id='word_1_77' title='bbox 232 798 400 856; x_wconf 76' lang='grc' dir='ltr'><strong><em>εἰρήνην</em></strong></span> <span class='ocrx_word' id='word_1_78' title='bbox 438 799 600 854; x_wconf 85' lang='grc' dir='ltr'><strong><em>αἱροῖτο</em></strong></span> <span class='ocrx_word' id='word_1_79' title='bbox 629 801 816 852; x_wconf 81' lang='grc' dir='ltr'><strong><em>μᾶλλον,</em></strong></span> <span class='ocrx_word' id='word_1_80' title='bbox 862 794 891 852; x_wconf 80' lang='grc' dir='ltr'><em>ἢ</em></span> <span class='ocrx_word' id='word_1_81' title='bbox 920 797 1084 838; x_wconf 76' lang='grc' dir='ltr'><strong><em>πολλῶν</em></strong></span> <span class='ocrx_word' id='word_1_82' title='bbox 1111 794 1358 852; x_wconf 81' lang='grc' dir='ltr'><strong><em>ἦμῖνὲσται</em></strong></span> <span class='ocrx_word' id='word_1_83' title='bbox 1385 797 1457 837; x_wconf 83' lang='grc' dir='ltr'><strong><em>καί</em></strong></span> <span class='ocrx_word' id='word_1_84' title='bbox 1486 809 1569 847; x_wconf 71' lang='grc' dir='ltr'><strong><em>με-</em></strong></span> 
     </span>
     <span class='ocr_line' id='line_1_11' title="bbox 68 855 1562 921; baseline -0.005 -13"><span class='ocrx_word' id='word_1_85' title='bbox 68 867 254 921; x_wconf 71' lang='grc' dir='ltr'><strong><em>ιογάλων</em></strong></span> <span class='ocrx_word' id='word_1_86' title='bbox 299 866 417 909; x_wconf 77' lang='grc' dir='ltr'><strong><em>αἰτιά</em></strong></span> <span class='ocrx_word' id='word_1_87' title='bbox 466 867 728 921; x_wconf 75' lang='grc' dir='ltr'><strong><em>συμφορῶν,</em></strong></span> <span class='ocrx_word' id='word_1_88' title='bbox 772 855 1039 916; x_wconf 80' lang='grc' dir='ltr'><strong><em>σκεψάμενον</em></strong></span> <span class='ocrx_word' id='word_1_89' title='bbox 1078 865 1151 905; x_wconf 84' lang='grc' dir='ltr'><strong><em>καί</em></strong></span> <span class='ocrx_word' id='word_1_90' title='bbox 1195 860 1323 904; x_wconf 73' lang='grc' dir='ltr'><strong><em>αὐτὸν</em></strong></span> <span class='ocrx_word' id='word_1_91' title='bbox 1364 860 1562 916; x_wconf 83' lang='grc' dir='ltr'><strong><em>πράττειν</em></strong></span> 
     </span>
     <span class='ocr_line' id='line_1_12' title="bbox 115 922 1595 988; baseline -0.004 -15"><span class='ocrx_word' id='word_1_92' title='bbox 115 930 200 983; x_wconf 78' lang='grc' dir='ltr'><strong><em>δ’,τι</em></strong></span> <span class='ocrx_word' id='word_1_93' title='bbox 240 926 294 974; x_wconf 67' lang='grc' dir='ltr'><strong><em>ἂν</em></strong></span> <span class='ocrx_word' id='word_1_94' title='bbox 339 932 443 988; x_wconf 83' lang='grc' dir='ltr'><strong><em>δοκῇ</em></strong></span> <span class='ocrx_word' id='word_1_95' title='bbox 481 934 720 972; x_wconf 81' lang='grc' dir='ltr'><strong><em>λυσιτελεῖν.</em></strong></span> <span class='ocrx_word' id='word_1_96' title='bbox 786 930 952 978; x_wconf 83' lang='grc' dir='ltr'><strong><em>πάντως</em></strong></span> <span class='ocrx_word' id='word_1_97' title='bbox 989 929 1036 970; x_wconf 84' lang='grc' dir='ltr'><strong><em>δὲ</em></strong></span> <span class='ocrx_word' id='word_1_98' title='bbox 1078 926 1289 970; x_wconf 76' lang='grc' dir='ltr'><strong><em>δύνασθαι</em></strong></span> <span class='ocrx_word' id='word_1_99' title='bbox 1317 926 1388 968; x_wconf 79' lang='grc' dir='ltr'><strong><em>καὶ</em></strong></span> <span class='ocrx_word' id='word_1_100' title='bbox 1429 922 1595 968; x_wconf 76' lang='grc' dir='ltr'><strong><em>αὖτὸνΒ</em></strong></span> 
     </span>
     <span class='ocr_line' id='line_1_13' title="bbox 114 990 1563 1051; baseline -0.004 -12"><span class='ocrx_word' id='word_1_101' title='bbox 114 1001 273 1051; x_wconf 82' lang='grc' dir='ltr'><strong><em>μᾶλλον</em></strong></span> <span class='ocrx_word' id='word_1_102' title='bbox 310 999 394 1039; x_wconf 75' lang='grc' dir='ltr'><strong><em>τῶν</em></strong></span> <span class='ocrx_word' id='word_1_103' title='bbox 440 990 578 1037; x_wconf 73' lang='grc' dir='ltr'><strong><em>ἄλλων</em></strong></span> <span class='ocrx_word' id='word_1_104' title='bbox 615 990 663 1036; x_wconf 74' lang='grc' dir='ltr'><strong><em>εὖ</em></strong></span> <span class='ocrx_word' id='word_1_105' title='bbox 703 996 933 1036; x_wconf 72' lang='grc' dir='ltr'><strong><em>διαθέσθαι</em></strong></span> <span class='ocrx_word' id='word_1_106' title='bbox 960 993 1015 1036; x_wconf 82' lang='grc' dir='ltr'><strong><em>τά</em></strong></span> <span class='ocrx_word' id='word_1_107' title='bbox 1040 995 1139 1036; x_wconf 81' lang='grc' dir='ltr'><strong><em>καθ’</em></strong></span> <span class='ocrx_word' id='word_1_108' title='bbox 1166 990 1332 1036; x_wconf 70' lang='grc' dir='ltr'><strong><em>ἑαυτόν.</em></strong></span> <span class='ocrx_word' id='word_1_109' title='bbox 1387 993 1563 1034; x_wconf 78' lang='grc' dir='ltr'><strong><em>τοιαῦτα</em></strong></span> 
     </span>
     <span class='ocr_line' id='line_1_14' title="bbox 113 1057 1559 1117; baseline -0.004 -11"><span class='ocrx_word' id='word_1_110' title='bbox 113 1066 192 1117; x_wconf 82' lang='grc' dir='ltr'><strong><em>μὲν</em></strong></span> <span class='ocrx_word' id='word_1_111' title='bbox 228 1063 304 1104; x_wconf 81' lang='grc' dir='ltr'><strong><em>καί</em></strong></span> <span class='ocrx_word' id='word_1_112' title='bbox 333 1059 437 1117; x_wconf 86' lang='grc' dir='ltr'><strong><em>πρὸς</em></strong></span> <span class='ocrx_word' id='word_1_113' title='bbox 481 1063 679 1114; x_wconf 80' lang='grc' dir='ltr'><strong><em>βασιλίδα</em></strong></span> <span class='ocrx_word' id='word_1_114' title='bbox 730 1059 803 1102; x_wconf 72' lang='grc' dir='ltr'><strong><em>διὰ</em></strong></span> <span class='ocrx_word' id='word_1_115' title='bbox 841 1063 918 1103; x_wconf 82' lang='grc' dir='ltr'><strong><em>τοῦ</em></strong></span> <span class='ocrx_word' id='word_1_116' title='bbox 955 1057 1225 1116; x_wconf 77' lang='grc' dir='ltr'><strong><em>πατριάρχου</em></strong></span> <span class='ocrx_word' id='word_1_117' title='bbox 1273 1058 1559 1114; x_wconf 79' lang='grc' dir='ltr'><strong><em>ἐπρεσβεύετο.</em></strong></span> 
     </span>
     <span class='ocr_line' id='line_1_15' title="bbox 112 1123 1562 1183; baseline -0.003 -13"><span class='ocrx_word' id='word_1_118' title='bbox 112 1129 445 1183; x_wconf 84' lang='grc' dir='ltr'><strong><em>παραγενομένου</em></strong></span> <span class='ocrx_word' id='word_1_119' title='bbox 486 1127 534 1168; x_wconf 82' lang='grc' dir='ltr'><strong><em>δὲ</em></strong></span> <span class='ocrx_word' id='word_1_120' title='bbox 563 1129 636 1168; x_wconf 84' lang='grc' dir='ltr'><strong><em>καί</em></strong></span> <span class='ocrx_word' id='word_1_121' title='bbox 666 1128 707 1169; x_wconf 87' lang='grc' dir='ltr'><strong><em>Γ</em></strong></span> <span class='ocrx_word' id='word_1_122' title='bbox 705 1128 847 1179; x_wconf 80' lang='grc' dir='ltr'><strong><em>αβαλᾶ</em></strong></span> <span class='ocrx_word' id='word_1_123' title='bbox 882 1129 954 1168; x_wconf 85' lang='grc' dir='ltr'><strong><em>τοῦ</em></strong></span> <span class='ocrx_word' id='word_1_124' title='bbox 980 1125 1167 1180; x_wconf 81' lang='grc' dir='ltr'><strong><em>μεγάλου</em></strong></span> <span class='ocrx_word' id='word_1_125' title='bbox 1201 1126 1428 1179; x_wconf 84' lang='grc' dir='ltr'><strong><em>λογοθέτου</em></strong></span> <span class='ocrx_word' id='word_1_126' title='bbox 1455 1123 1562 1179; x_wconf 80' lang='grc' dir='ltr'><strong><em>πρὸς</em></strong></span> 
     </span>
     <span class='ocr_line' id='line_1_16' title="bbox 64 1191 1558 1249; baseline -0.004 -12"><span class='ocrx_word' id='word_1_127' title='bbox 64 1193 254 1247; x_wconf 77' lang='grc' dir='ltr'><strong><em>ι5αὕτὸν,</em></strong></span> <span class='ocrx_word' id='word_1_128' title='bbox 280 1193 334 1236; x_wconf 82' lang='grc' dir='ltr'><strong><em>τοὶ</em></strong></span> <span class='ocrx_word' id='word_1_129' title='bbox 362 1195 535 1247; x_wconf 84' lang='grc' dir='ltr'><strong><em>μέγιστα</em></strong></span> <span class='ocrx_word' id='word_1_130' title='bbox 563 1191 744 1249; x_wconf 81' lang='grc' dir='ltr'><strong><em>ἔφασκεν</em></strong></span> <span class='ocrx_word' id='word_1_131' title='bbox 764 1193 1050 1247; x_wconf 78' lang='grc' dir='ltr'><strong><em>ἐξηπατῆσθαι</em></strong></span> <span class='ocrx_word' id='word_1_132' title='bbox 1069 1193 1171 1247; x_wconf 74' lang='grc' dir='ltr'><strong><em>περὶ</em></strong></span> <span class='ocrx_word' id='word_1_133' title='bbox 1196 1191 1345 1242; x_wconf 76' lang='grc' dir='ltr'><strong><em>αὐτοῦ,</em></strong></span> <span class='ocrx_word' id='word_1_134' title='bbox 1375 1192 1558 1243; x_wconf 77' lang='grc' dir='ltr'><strong><em>νομίζων</em></strong></span> 
     </span>
     <span class='ocr_line' id='line_1_17' title="bbox 110 1255 1554 1314; baseline -0.004 -13"><span class='ocrx_word' id='word_1_135' title='bbox 110 1258 215 1302; x_wconf 76' lang='grc' dir='ltr'><strong><em>πολι)</em></strong></span> <span class='ocrx_word' id='word_1_136' title='bbox 262 1258 362 1309; x_wconf 78' lang='grc' dir='ltr'><strong><em>τούς</em></strong></span> <span class='ocrx_word' id='word_1_137' title='bbox 401 1255 554 1308; x_wconf 70' lang='grc' dir='ltr'><strong><em>ἄλλους</em></strong></span> <span class='ocrx_word' id='word_1_138' title='bbox 598 1256 874 1312; x_wconf 79' lang='grc' dir='ltr'><strong><em>παρελαύνειν</em></strong></span> <span class='ocrx_word' id='word_1_139' title='bbox 910 1260 1074 1299; x_wconf 83' lang='grc' dir='ltr'><strong><em>συνέσει</em></strong></span> <span class='ocrx_word' id='word_1_140' title='bbox 1116 1273 1160 1299; x_wconf 87' lang='grc' dir='ltr'><strong><em>τε</em></strong></span> <span class='ocrx_word' id='word_1_141' title='bbox 1201 1258 1275 1298; x_wconf 86' lang='grc' dir='ltr'><strong><em>καί</em></strong></span> <span class='ocrx_word' id='word_1_142' title='bbox 1299 1258 1352 1314; x_wconf 80' lang='grc' dir='ltr'><strong><em>τῇ</em></strong></span> <span class='ocrx_word' id='word_1_143' title='bbox 1383 1255 1482 1310; x_wconf 74' lang='grc' dir='ltr'><strong><em>περὶ</em></strong></span> <span class='ocrx_word' id='word_1_144' title='bbox 1506 1257 1554 1296; x_wconf 86' lang='grc' dir='ltr'><em>τό</em></span> 
     </span>
     <span class='ocr_line' id='line_1_18' title="bbox 109 1319 1550 1381; baseline -0.004 -14"><span class='ocrx_word' id='word_1_145' title='bbox 109 1325 330 1378; x_wconf 83' lang='grc' dir='ltr'><strong><em>πράγμασι</em></strong></span> <span class='ocrx_word' id='word_1_146' title='bbox 366 1325 561 1378; x_wconf 86' lang='grc' dir='ltr'><strong><em>μεγάλοις</em></strong></span> <span class='ocrx_word' id='word_1_147' title='bbox 597 1326 788 1379; x_wconf 75' lang='grc' dir='ltr'><strong><em>χρῆσθαι</em></strong></span> <span class='ocrx_word' id='word_1_148' title='bbox 827 1324 1036 1381; x_wconf 67' lang='grc' dir='ltr'><strong><em>ἐμπειρία.</em></strong></span> <span class='ocrx_word' id='word_1_149' title='bbox 1103 1321 1152 1364; x_wconf 83' lang='grc' dir='ltr'><strong><em>τὸ</em></strong></span> <span class='ocrx_word' id='word_1_150' title='bbox 1190 1320 1271 1377; x_wconf 82' lang='grc' dir='ltr'><strong><em>γὰρ</em></strong></span> <span class='ocrx_word' id='word_1_151' title='bbox 1312 1319 1441 1363; x_wconf 77' lang='grc' dir='ltr'><strong><em>αὐτὸν</em></strong></span> <span class='ocrx_word' id='word_1_152' title='bbox 1467 1319 1550 1363; x_wconf 81' lang='grc' dir='ltr'><strong><em>ὗπὸ</em></strong></span> 
     </span>
     <span class='ocr_line' id='line_1_19' title="bbox 111 1386 1557 1444; baseline -0.003 -11"><span class='ocrx_word' id='word_1_153' title='bbox 111 1389 465 1444; x_wconf 78' lang='grc' dir='ltr'><strong><em>Καντακουζηνοῦ</em></strong></span> <span class='ocrx_word' id='word_1_154' title='bbox 495 1393 679 1431; x_wconf 83' lang='grc' dir='ltr'><strong><em>τοσαῦτα</em></strong></span> <span class='ocrx_word' id='word_1_155' title='bbox 709 1390 1046 1444; x_wconf 73' lang='grc' dir='ltr'><strong><em>εὐεργετηθέντα,</em></strong></span> <span class='ocrx_word' id='word_1_156' title='bbox 1075 1386 1220 1430; x_wconf 65' lang='grc' dir='ltr'><strong><em>ἔπειτα</em></strong></span> <span class='ocrx_word' id='word_1_157' title='bbox 1243 1386 1316 1429; x_wconf 82' lang='grc' dir='ltr'><strong><em>τὸν</em></strong></span> <span class='ocrx_word' id='word_1_158' title='bbox 1341 1390 1430 1428; x_wconf 83' lang='grc' dir='ltr'><strong><em>κατ’</em></strong></span> <span class='ocrx_word' id='word_1_159' title='bbox 1450 1387 1557 1429; x_wconf 79' lang='grc' dir='ltr'><strong><em>ἐκεί-</em></strong></span> 
     </span>
     <span class='ocr_line' id='line_1_20' title="bbox 111 1451 1555 1508; baseline -0.003 -11"><span class='ocrx_word' id='word_1_160' title='bbox 111 1470 186 1498; x_wconf 88' lang='grc' dir='ltr'><strong><em>νου</em></strong></span> <span class='ocrx_word' id='word_1_161' title='bbox 217 1453 397 1507; x_wconf 87' lang='grc' dir='ltr'><strong><em>πόλεμον</em></strong></span> <span class='ocrx_word' id='word_1_162' title='bbox 427 1453 792 1506; x_wconf 86' lang='grc' dir='ltr'><strong><em>συσκευασάμενον</em></strong></span> <span class='ocrx_word' id='word_1_163' title='bbox 822 1453 896 1495; x_wconf 83' lang='grc' dir='ltr'><strong><em>καί</em></strong></span> <span class='ocrx_word' id='word_1_164' title='bbox 921 1453 1000 1508; x_wconf 79' lang='grc' dir='ltr'><strong><em>τήν</em></strong></span> <span class='ocrx_word' id='word_1_165' title='bbox 1029 1451 1272 1508; x_wconf 82' lang='grc' dir='ltr'><strong><em>ἐπιβουλήν,</em></strong></span> <span class='ocrx_word' id='word_1_166' title='bbox 1300 1454 1373 1494; x_wconf 86' lang='grc' dir='ltr'><strong><em>καί</em></strong></span> <span class='ocrx_word' id='word_1_167' title='bbox 1391 1453 1555 1494; x_wconf 78' lang='grc' dir='ltr'><strong><em>πολλῶν</em></strong></span> 
     </span>
     <span class='ocr_line' id='line_1_21' title="bbox 55 1514 1558 1576; baseline -0.001 -15"><span class='ocrx_word' id='word_1_168' title='bbox 55 1521 225 1576; x_wconf 66' lang='grc' dir='ltr'><strong><em>2οαῦτῷ</em></strong></span> <span class='ocrx_word' id='word_1_169' title='bbox 258 1521 332 1560; x_wconf 83' lang='grc' dir='ltr'><strong><em>καί</em></strong></span> <span class='ocrx_word' id='word_1_170' title='bbox 368 1517 555 1573; x_wconf 87' lang='grc' dir='ltr'><strong><em>μεγάλων</em></strong></span> <span class='ocrx_word' id='word_1_171' title='bbox 589 1519 834 1560; x_wconf 82' lang='grc' dir='ltr'><strong><em>αἰτιώτατον</em></strong></span> <span class='ocrx_word' id='word_1_172' title='bbox 860 1521 1089 1574; x_wconf 83' lang='grc' dir='ltr'><strong><em>συμφορῶν</em></strong></span> <span class='ocrx_word' id='word_1_173' title='bbox 1127 1517 1199 1560; x_wconf 79' lang='grc' dir='ltr'><strong><em>καὶ</em></strong></span> <span class='ocrx_word' id='word_1_174' title='bbox 1242 1514 1408 1573; x_wconf 66' lang='grc' dir='ltr'><strong><em>ὕβρεων</em></strong></span> <span class='ocrx_word' id='word_1_175' title='bbox 1443 1533 1558 1572; x_wconf 89' lang='grc' dir='ltr'><strong><em>γεγε-</em></strong></span> 
     </span>
     <span class='ocr_line' id='line_1_22' title="bbox 108 1580 1552 1639; baseline -0.003 -12"><span class='ocrx_word' id='word_1_176' title='bbox 108 1587 312 1639; x_wconf 87' lang='grc' dir='ltr'><strong><em>νημένον,</em></strong></span> <span class='ocrx_word' id='word_1_177' title='bbox 345 1581 486 1630; x_wconf 78' lang='grc' dir='ltr'><strong><em>ἔπειτα</em></strong></span> <span class='ocrx_word' id='word_1_178' title='bbox 514 1585 592 1625; x_wconf 78' lang='grc' dir='ltr'><strong><em>νῦν</em></strong></span> <span class='ocrx_word' id='word_1_179' title='bbox 623 1581 802 1635; x_wconf 83' lang='grc' dir='ltr'><strong><em>οἴεσθαι,</em></strong></span> <span class='ocrx_word' id='word_1_180' title='bbox 828 1585 870 1625; x_wconf 88' lang='grc' dir='ltr'><strong><em>εἰ</em></strong></span> <span class='ocrx_word' id='word_1_181' title='bbox 897 1586 1055 1637; x_wconf 84' lang='grc' dir='ltr'><strong><em>γένοιτο</em></strong></span> <span class='ocrx_word' id='word_1_182' title='bbox 1087 1580 1231 1638; x_wconf 89' lang='grc' dir='ltr'><strong><em>εἰρήνη</em></strong></span> <span class='ocrx_word' id='word_1_183' title='bbox 1261 1581 1367 1637; x_wconf 83' lang='grc' dir='ltr'><strong><em>πρὸς</em></strong></span> <span class='ocrx_word' id='word_1_184' title='bbox 1396 1581 1552 1636; x_wconf 68' lang='grc' dir='ltr'><strong><em>αὐτὸν,</em></strong></span> 
     </span>
     <span class='ocr_line' id='line_1_23' title="bbox 105 1645 1617 1706; baseline -0.001 -14"><span class='ocrx_word' id='word_1_185' title='bbox 105 1648 264 1706; x_wconf 77' lang='grc' dir='ltr'><strong><em>ἡμέρου</em></strong></span> <span class='ocrx_word' id='word_1_186' title='bbox 295 1646 571 1705; x_wconf 83' lang='grc' dir='ltr'><strong><em>πειράσεσθαι</em></strong></span> <span class='ocrx_word' id='word_1_187' title='bbox 600 1647 673 1690; x_wconf 82' lang='grc' dir='ltr'><strong><em>καί</em></strong></span> <span class='ocrx_word' id='word_1_188' title='bbox 700 1651 951 1704; x_wconf 81' lang='grc' dir='ltr'><strong><em>προσηνοῦς,</em></strong></span> <span class='ocrx_word' id='word_1_189' title='bbox 994 1645 1102 1690; x_wconf 74' lang='grc' dir='ltr'><strong><em>ἀλλά</em></strong></span> <span class='ocrx_word' id='word_1_190' title='bbox 1129 1646 1198 1702; x_wconf 21' lang='grc' dir='ltr'><strong><em>μή,</em></strong></span> <span class='ocrx_word' id='word_1_191' title='bbox 1223 1646 1353 1689; x_wconf 72' lang='grc' dir='ltr'><strong><em>αὐτὸν</em></strong></span> <span class='ocrx_word' id='word_1_192' title='bbox 1378 1647 1453 1688; x_wconf 80' lang='grc' dir='ltr'><strong><em>καί</em></strong></span> <span class='ocrx_word' id='word_1_193' title='bbox 1479 1649 1586 1701; x_wconf 76' lang='grc' dir='ltr'><strong><em>γέ·(]</em></strong></span> <span class='ocrx_word' id='word_1_194' title='bbox 1614 1687 1617 1689; x_wconf 76' lang='grc'><strong><em>,</em></strong></span> 
     </span>
     <span class='ocr_line' id='line_1_24' title="bbox 107 1711 1554 1774; baseline -0.003 -16"><span class='ocrx_word' id='word_1_195' title='bbox 107 1732 176 1764; x_wconf 86' lang='grc' dir='ltr'><strong><em>νος</em></strong></span> <span class='ocrx_word' id='word_1_196' title='bbox 208 1717 338 1774; x_wconf 73' lang='grc' dir='ltr'><strong><em>καινῷ</em></strong></span> <span class='ocrx_word' id='word_1_197' title='bbox 374 1731 461 1757; x_wconf 85' lang='grc' dir='ltr'><strong><em>τινι</em></strong></span> <span class='ocrx_word' id='word_1_198' title='bbox 500 1712 639 1772; x_wconf 73' lang='grc' dir='ltr'><strong><em>τρόπῳ</em></strong></span> <span class='ocrx_word' id='word_1_199' title='bbox 680 1713 753 1754; x_wconf 76' lang='grc' dir='ltr'><strong><em>καὶ</em></strong></span> <span class='ocrx_word' id='word_1_200' title='bbox 793 1714 919 1765; x_wconf 70' lang='grc' dir='ltr'><strong><em>ἀξίως</em></strong></span> <span class='ocrx_word' id='word_1_201' title='bbox 962 1716 1038 1768; x_wconf 76' lang='grc' dir='ltr'><strong><em>τῆς</em></strong></span> <span class='ocrx_word' id='word_1_202' title='bbox 1066 1711 1173 1768; x_wconf 82' lang='grc' dir='ltr'><strong><em>πρὸς</em></strong></span> <span class='ocrx_word' id='word_1_203' title='bbox 1199 1714 1359 1755; x_wconf 79' lang='grc' dir='ltr'><strong><em>ἐκεῖνον</em></strong></span> <span class='ocrx_word' id='word_1_204' title='bbox 1388 1711 1554 1768; x_wconf 73' lang='grc' dir='ltr'><strong><em>ὕβρεως</em></strong></span> 
     </span>
     <span class='ocr_line' id='line_1_25' title="bbox 107 1775 1551 1838; baseline -0.001 -15"><span class='ocrx_word' id='word_1_205' title='bbox 107 1783 378 1838; x_wconf 81' lang='grc' dir='ltr'><strong><em>διαφθερεῖν,</em></strong></span> <span class='ocrx_word' id='word_1_206' title='bbox 412 1781 466 1821; x_wconf 82' lang='grc' dir='ltr'><strong><em>ου’</em></strong></span> <span class='ocrx_word' id='word_1_207' title='bbox 496 1781 811 1836; x_wconf 80' lang='grc' dir='ltr'><strong><em>σωφρονοῦντος</em></strong></span> <span class='ocrx_word' id='word_1_208' title='bbox 838 1775 890 1821; x_wconf 73' lang='grc' dir='ltr'><strong><em>ἄν</em></strong></span> <span class='ocrx_word' id='word_1_209' title='bbox 916 1795 981 1829; x_wconf 90' lang='grc' dir='ltr'><strong><em>τις</em></strong></span> <span class='ocrx_word' id='word_1_210' title='bbox 1007 1781 1167 1834; x_wconf 76' lang='grc' dir='ltr'><strong><em>τιθείη,</em></strong></span> <span class='ocrx_word' id='word_1_211' title='bbox 1210 1779 1308 1820; x_wconf 71' lang='grc' dir='ltr'><strong><em>οὐδὲ</em></strong></span> <span class='ocrx_word' id='word_1_212' title='bbox 1336 1778 1475 1834; x_wconf 76' lang='grc' dir='ltr'><strong><em>ὀρθῶς</em></strong></span> <span class='ocrx_word' id='word_1_213' title='bbox 1500 1777 1551 1821; x_wconf 72' lang='grc' dir='ltr'><strong><em>τά</em></strong></span> 
     </span>
    </p>
   </div>
   <div class='ocr_carea' id='block_1_3' title="bbox 99 1888 1565 2820">
    <p class='ocr_par' dir='ltr' id='par_1_3' title="bbox 99 1888 1565 2820">
     <span class='ocr_line' id='line_1_26' title="bbox 105 1888 1551 1925; baseline -0.001 -1"><span class='ocrx_word' id='word_1_214' title='bbox 105 1889 286 1924; x_wconf 76' lang='lat' dir='ltr'><strong>omnibus·</strong></span> <span class='ocrx_word' id='word_1_215' title='bbox 313 1888 386 1924; x_wconf 87' lang='lat' dir='ltr'><strong><em>hue</em></strong></span> <span class='ocrx_word' id='word_1_216' title='bbox 422 1890 607 1925; x_wconf 80' lang='lat' dir='ltr'><strong>advolasse</strong></span> <span class='ocrx_word' id='word_1_217' title='bbox 646 1897 685 1925; x_wconf 88' lang='lat' dir='ltr'><strong><em>et</em></strong></span> <span class='ocrx_word' id='word_1_218' title='bbox 721 1890 819 1925; x_wconf 81' lang='lat' dir='ltr'><strong>(lomi</strong></span> <span class='ocrx_word' id='word_1_219' title='bbox 855 1891 927 1922; x_wconf 88' lang='lat' dir='ltr'><strong>iam</strong></span> <span class='ocrx_word' id='word_1_220' title='bbox 957 1890 1095 1923; x_wconf 83' lang='lat' dir='ltr'><strong>futuras</strong></span> <span class='ocrx_word' id='word_1_221' title='bbox 1119 1890 1280 1923; x_wconf 82' lang='lat' dir='ltr'>miserias</span> <span class='ocrx_word' id='word_1_222' title='bbox 1305 1902 1424 1925; x_wconf 85' lang='lat' dir='ltr'><strong>secum</strong></span> <span class='ocrx_word' id='word_1_223' title='bbox 1450 1901 1551 1923; x_wconf 84' lang='lat' dir='ltr'><strong>com-</strong></span> 
     </span>
     <span class='ocr_line' id='line_1_27' title="bbox 103 1936 1551 1981; baseline 0.001 -11"><span class='ocrx_word' id='word_1_224' title='bbox 103 1937 270 1970; x_wconf 79' lang='lat' dir='ltr'><strong>meutari.</strong></span> <span class='ocrx_word' id='word_1_225' title='bbox 318 1936 502 1971; x_wconf 78' lang='lat' dir='ltr'><strong>Timuisse</strong></span> <span class='ocrx_word' id='word_1_226' title='bbox 531 1943 650 1971; x_wconf 83' lang='lat' dir='ltr'><strong>autem</strong></span> <span class='ocrx_word' id='word_1_227' title='bbox 680 1936 726 1970; x_wconf 85' lang='lat' dir='ltr'><strong><em>ad</em></strong></span> <span class='ocrx_word' id='word_1_228' title='bbox 758 1948 835 1971; x_wconf 87' lang='lat' dir='ltr'><strong><em>eam</em></strong></span> <span class='ocrx_word' id='word_1_229' title='bbox 878 1936 1069 1977; x_wconf 83' lang='lat' dir='ltr'>accedere,</span> <span class='ocrx_word' id='word_1_230' title='bbox 1098 1946 1166 1976; x_wconf 86' lang='lat' dir='ltr'><strong><em>ne,</em></strong></span> <span class='ocrx_word' id='word_1_231' title='bbox 1199 1947 1292 1981; x_wconf 87' lang='lat' dir='ltr'><strong>quae</strong></span> <span class='ocrx_word' id='word_1_232' title='bbox 1325 1938 1476 1971; x_wconf 77' lang='lat' dir='ltr'>absente</span> <span class='ocrx_word' id='word_1_233' title='bbox 1513 1949 1551 1971; x_wconf 84' lang='lat' dir='ltr'><strong><em>se</em></strong></span> 
     </span>
     <span class='ocr_line' id='line_1_28' title="bbox 104 1982 1551 2030; baseline 0.001 -15"><span class='ocrx_word' id='word_1_234' title='bbox 104 1984 224 2017; x_wconf 81' lang='lat' dir='ltr'><strong>verbis</strong></span> <span class='ocrx_word' id='word_1_235' title='bbox 250 1982 496 2024; x_wconf 83' lang='lat' dir='ltr'>decreverint,</span> <span class='ocrx_word' id='word_1_236' title='bbox 520 1989 711 2030; x_wconf 87' lang='lat' dir='ltr'><strong>praesente</strong></span> <span class='ocrx_word' id='word_1_237' title='bbox 740 1995 779 2017; x_wconf 82' lang='lat' dir='ltr'><strong><em>re</em></strong></span> <span class='ocrx_word' id='word_1_238' title='bbox 805 1985 1033 2028; x_wconf 80' lang='lat' dir='ltr'><strong>compleant,</strong></span> <span class='ocrx_word' id='word_1_239' title='bbox 1058 1986 1094 2016; x_wconf 89' lang='lat' dir='ltr'><strong><em>et</em></strong></span> <span class='ocrx_word' id='word_1_240' title='bbox 1119 1982 1205 2028; x_wconf 90' lang='lat' dir='ltr'><strong>quia</strong></span> <span class='ocrx_word' id='word_1_241' title='bbox 1231 1982 1441 2024; x_wconf 81' lang='lat' dir='ltr'><strong>dissentiat,</strong></span> <span class='ocrx_word' id='word_1_242' title='bbox 1465 1983 1551 2016; x_wconf 88' lang='lat' dir='ltr'><strong>ideo</strong></span> 
     </span>
     <span class='ocr_line' id='line_1_29' title="bbox 105 2029 1552 2075; baseline 0.001 -13"><span class='ocrx_word' id='word_1_243' title='bbox 105 2035 243 2075; x_wconf 83' lang='lat' dir='ltr'><strong>pereat.</strong></span> <span class='ocrx_word' id='word_1_244' title='bbox 290 2029 412 2075; x_wconf 86' lang='lat' dir='ltr'><strong>Quare</strong></span> <span class='ocrx_word' id='word_1_245' title='bbox 437 2031 468 2064; x_wconf 75' lang='grc' dir='ltr'><strong><em>εἰ</em></strong></span> <span class='ocrx_word' id='word_1_246' title='bbox 494 2031 644 2071; x_wconf 80' lang='lat' dir='ltr'><strong>isthaec,</strong></span> <span class='ocrx_word' id='word_1_247' title='bbox 660 2037 700 2064; x_wconf 86' lang='lat' dir='ltr'><strong><em>ut</em></strong></span> <span class='ocrx_word' id='word_1_248' title='bbox 728 2031 924 2075; x_wconf 83' lang='lat' dir='ltr'><strong>plurimum</strong></span> <span class='ocrx_word' id='word_1_249' title='bbox 952 2029 1223 2070; x_wconf 84' lang='lat' dir='ltr'><strong>detrimentosa,</strong></span> <span class='ocrx_word' id='word_1_250' title='bbox 1238 2032 1448 2071; x_wconf 80' lang='lat' dir='ltr'><strong>omiserint,</strong></span> <span class='ocrx_word' id='word_1_251' title='bbox 1470 2031 1552 2063; x_wconf 86' lang='lat' dir='ltr'><strong>bel-</strong></span> 
     </span>
     <span class='ocr_line' id='line_1_30' title="bbox 104 2076 1552 2122; baseline 0 -14"><span class='ocrx_word' id='word_1_252' title='bbox 104 2076 258 2122; x_wconf 84' lang='lat' dir='ltr'><strong>lumque</strong></span> <span class='ocrx_word' id='word_1_253' title='bbox 282 2082 325 2109; x_wconf 84' lang='lat' dir='ltr'><strong><em>ut</em></strong></span> <span class='ocrx_word' id='word_1_254' title='bbox 347 2087 368 2108; x_wconf 88' lang='lat' dir='ltr'><strong>a</strong></span> <span class='ocrx_word' id='word_1_255' title='bbox 391 2077 574 2122; x_wconf 84' lang='lat' dir='ltr'><strong>principio</strong></span> <span class='ocrx_word' id='word_1_256' title='bbox 598 2082 722 2112; x_wconf 88' lang='lat' dir='ltr'><strong>contra</strong></span> <span class='ocrx_word' id='word_1_257' title='bbox 744 2076 1036 2110; x_wconf 85' lang='lat' dir='ltr'><strong>Cantacuzenum</strong></span> <span class='ocrx_word' id='word_1_258' title='bbox 1059 2076 1230 2121; x_wconf 85' lang='lat' dir='ltr'><strong>persequi</strong></span> <span class='ocrx_word' id='word_1_259' title='bbox 1254 2077 1443 2111; x_wconf 81' lang='lat' dir='ltr'><strong>volueriut</strong></span> <span class='ocrx_word' id='word_1_260' title='bbox 1465 2077 1552 2119; x_wconf 79' lang='lat' dir='ltr'><strong>(hue</strong></span> 
     </span>
     <span class='ocr_line' id='line_1_31' title="bbox 105 2121 1551 2170; baseline 0.001 -16"><span class='ocrx_word' id='word_1_261' title='bbox 105 2123 203 2155; x_wconf 86' lang='lat' dir='ltr'><strong>enim</strong></span> <span class='ocrx_word' id='word_1_262' title='bbox 230 2123 463 2156; x_wconf 79' lang='lat' dir='ltr'><strong>utilissimum</strong></span> <span class='ocrx_word' id='word_1_263' title='bbox 487 2124 593 2169; x_wconf 85' lang='lat' dir='ltr'><strong>sore,)</strong></span> <span class='ocrx_word' id='word_1_264' title='bbox 608 2129 646 2158; x_wconf 91' lang='lat' dir='ltr'><strong><em>et</em></strong></span> <span class='ocrx_word' id='word_1_265' title='bbox 667 2135 706 2157; x_wconf 84' lang='lat' dir='ltr'><strong><em>se</em></strong></span> <span class='ocrx_word' id='word_1_266' title='bbox 730 2130 894 2170; x_wconf 86' lang='lat' dir='ltr'><strong>paratum</strong></span> <span class='ocrx_word' id='word_1_267' title='bbox 922 2134 1023 2163; x_wconf 87' lang='lat' dir='ltr'><strong>esse,</strong></span> <span class='ocrx_word' id='word_1_268' title='bbox 1047 2122 1117 2156; x_wconf 83' lang='lat' dir='ltr'><strong>fide</strong></span> <span class='ocrx_word' id='word_1_269' title='bbox 1142 2121 1188 2154; x_wconf 85' lang='lat' dir='ltr'><strong><em>ab</em></strong></span> <span class='ocrx_word' id='word_1_270' title='bbox 1216 2122 1280 2155; x_wconf 88' lang='lat' dir='ltr'><strong>illa</strong></span> <span class='ocrx_word' id='word_1_271' title='bbox 1308 2123 1410 2163; x_wconf 88' lang='lat' dir='ltr'><strong>data,</strong></span> <span class='ocrx_word' id='word_1_272' title='bbox 1453 2123 1551 2156; x_wconf 86' lang='lat' dir='ltr'><strong>nihil</strong></span> 
     </span>
     <span class='ocr_line' id='line_1_32' title="bbox 105 2168 1551 2216; baseline 0.002 -16"><span class='ocrx_word' id='word_1_273' title='bbox 105 2168 247 2202; x_wconf 79' lang='lat' dir='ltr'><strong>adversi</strong></span> <span class='ocrx_word' id='word_1_274' title='bbox 280 2179 492 2213; x_wconf 77' lang='lat' dir='ltr'><strong>passurum,</strong></span> <span class='ocrx_word' id='word_1_275' title='bbox 528 2182 608 2204; x_wconf 89' lang='lat' dir='ltr'><strong>cum</strong></span> <span class='ocrx_word' id='word_1_276' title='bbox 644 2171 726 2204; x_wconf 81' lang='lat' dir='ltr'><strong>aliis</strong></span> <span class='ocrx_word' id='word_1_277' title='bbox 751 2171 872 2204; x_wconf 87' lang='lat' dir='ltr'><strong>moliri</strong></span> <span class='ocrx_word' id='word_1_278' title='bbox 899 2179 1148 2216; x_wconf 79' lang='lat' dir='ltr'><strong>quaecumque</strong></span> <span class='ocrx_word' id='word_1_279' title='bbox 1173 2169 1375 2204; x_wconf 83' lang='lat' dir='ltr'><strong>conducere</strong></span> <span class='ocrx_word' id='word_1_280' title='bbox 1400 2169 1551 2203; x_wconf 86' lang='lat' dir='ltr'><strong>iudica-</strong></span> 
     </span>
     <span class='ocr_line' id='line_1_33' title="bbox 105 2214 1548 2263; baseline 0.001 -14"><span class='ocrx_word' id='word_1_281' title='bbox 105 2215 189 2249; x_wconf 79' lang='lat' dir='ltr'><strong>rint.</strong></span> <span class='ocrx_word' id='word_1_282' title='bbox 239 2214 277 2247; x_wconf 90' lang='lat' dir='ltr'><strong>Si</strong></span> <span class='ocrx_word' id='word_1_283' title='bbox 299 2215 406 2250; x_wconf 86' lang='lat' dir='ltr'><strong>aliter</strong></span> <span class='ocrx_word' id='word_1_284' title='bbox 431 2217 587 2250; x_wconf 84' lang='lat' dir='ltr'><strong>animata</strong></span> <span class='ocrx_word' id='word_1_285' title='bbox 614 2218 684 2258; x_wconf 85' lang='lat' dir='ltr'><strong>sit,</strong></span> <span class='ocrx_word' id='word_1_286' title='bbox 726 2228 927 2263; x_wconf 87' lang='lat' dir='ltr'><strong>pacemque</strong></span> <span class='ocrx_word' id='word_1_287' title='bbox 952 2216 1144 2249; x_wconf 88' lang='lat' dir='ltr'><strong>multarum</strong></span> <span class='ocrx_word' id='word_1_288' title='bbox 1174 2216 1262 2260; x_wconf 78' lang='lat' dir='ltr'><strong>ipsis</strong></span> <span class='ocrx_word' id='word_1_289' title='bbox 1288 2221 1326 2250; x_wconf 86' lang='lat' dir='ltr'><strong><em>et</em></strong></span> <span class='ocrx_word' id='word_1_290' title='bbox 1349 2216 1548 2260; x_wconf 83' lang='lat' dir='ltr'><strong>insignium</strong></span> 
     </span>
     <span class='ocr_line' id='line_1_34' title="bbox 104 2261 1547 2308; baseline 0.001 -14"><span class='ocrx_word' id='word_1_291' title='bbox 104 2261 351 2295; x_wconf 75' lang='lat' dir='ltr'><strong>calamitatum</strong></span> <span class='ocrx_word' id='word_1_292' title='bbox 376 2262 536 2297; x_wconf 80' lang='lat' dir='ltr'><strong>suturam</strong></span> <span class='ocrx_word' id='word_1_293' title='bbox 558 2265 793 2297; x_wconf 79' lang='lat' dir='ltr'><strong>seminarium</strong></span> <span class='ocrx_word' id='word_1_294' title='bbox 827 2263 924 2297; x_wconf 86' lang='lat' dir='ltr'><strong>bello</strong></span> <span class='ocrx_word' id='word_1_295' title='bbox 960 2262 1198 2308; x_wconf 81' lang='lat' dir='ltr'><strong>praetulerit,</strong></span> <span class='ocrx_word' id='word_1_296' title='bbox 1229 2273 1266 2295; x_wconf 87' lang='lat' dir='ltr'><strong><em>re</em></strong></span> <span class='ocrx_word' id='word_1_297' title='bbox 1293 2261 1480 2304; x_wconf 77' lang='lat' dir='ltr'><strong>discussa,</strong></span> <span class='ocrx_word' id='word_1_298' title='bbox 1508 2273 1547 2296; x_wconf 75' lang='lat' dir='ltr'><strong><em>se</em></strong></span> 
     </span>
     <span class='ocr_line' id='line_1_35' title="bbox 103 2307 1565 2354; baseline 0.001 -14"><span class='ocrx_word' id='word_1_299' title='bbox 103 2319 253 2354; x_wconf 89' lang='lat' dir='ltr'><strong>quoque</strong></span> <span class='ocrx_word' id='word_1_300' title='bbox 288 2307 511 2344; x_wconf 71' lang='lat' dir='ltr'><strong>utilitatibus</strong></span> <span class='ocrx_word' id='word_1_301' title='bbox 543 2311 618 2343; x_wconf 79' lang='lat' dir='ltr'><strong>suis</strong></span> <span class='ocrx_word' id='word_1_302' title='bbox 648 2311 797 2343; x_wconf 89' lang='lat' dir='ltr'><strong>minime</strong></span> <span class='ocrx_word' id='word_1_303' title='bbox 821 2309 1049 2343; x_wconf 82' lang='lat' dir='ltr'><strong>defuturum:</strong></span> <span class='ocrx_word' id='word_1_304' title='bbox 1091 2308 1238 2341; x_wconf 89' lang='lat' dir='ltr'><strong>omnino</strong></span> <span class='ocrx_word' id='word_1_305' title='bbox 1264 2309 1362 2342; x_wconf 87' lang='lat' dir='ltr'><strong>enim</strong></span> <span class='ocrx_word' id='word_1_306' title='bbox 1388 2321 1426 2342; x_wconf 80' lang='lat' dir='ltr'><strong><em>se</em></strong></span> <span class='ocrx_word' id='word_1_307' title='bbox 1453 2320 1565 2354; x_wconf 24' lang='lat' dir='ltr'><strong>quo-⁷</strong></span> 
     </span>
     <span class='ocr_line' id='line_1_36' title="bbox 103 2355 1547 2401; baseline 0.002 -15"><span class='ocrx_word' id='word_1_308' title='bbox 103 2365 176 2399; x_wconf 84' lang='lat' dir='ltr'><strong><em>que</em></strong></span> <span class='ocrx_word' id='word_1_309' title='bbox 193 2380 202 2394; x_wconf 92' lang='lat'>‚</span> <span class='ocrx_word' id='word_1_310' title='bbox 227 2359 264 2388; x_wconf 92' lang='lat' dir='ltr'><strong><em>et</em></strong></span> <span class='ocrx_word' id='word_1_311' title='bbox 287 2355 444 2395; x_wconf 78' lang='lat' dir='ltr'><strong>facilius,</strong></span> <span class='ocrx_word' id='word_1_312' title='bbox 457 2367 563 2401; x_wconf 87' lang='lat' dir='ltr'><strong>quam</strong></span> <span class='ocrx_word' id='word_1_313' title='bbox 589 2357 680 2391; x_wconf 82' lang='lat' dir='ltr'><strong>alios</strong></span> <span class='ocrx_word' id='word_1_314' title='bbox 695 2381 704 2395; x_wconf 88' lang='lat'><strong><em>,</em></strong></span> <span class='ocrx_word' id='word_1_315' title='bbox 729 2367 834 2401; x_wconf 89' lang='lat' dir='ltr'><strong>posse</strong></span> <span class='ocrx_word' id='word_1_316' title='bbox 860 2355 966 2390; x_wconf 84' lang='lat' dir='ltr'><strong>rebus</strong></span> <span class='ocrx_word' id='word_1_317' title='bbox 991 2356 1065 2388; x_wconf 75' lang='lat' dir='ltr'><strong>suis</strong></span> <span class='ocrx_word' id='word_1_318' title='bbox 1090 2355 1184 2388; x_wconf 85' lang='lat' dir='ltr'><strong>bene</strong></span> <span class='ocrx_word' id='word_1_319' title='bbox 1209 2355 1411 2389; x_wconf 87' lang='lat' dir='ltr'><strong>consulere.</strong></span> <span class='ocrx_word' id='word_1_320' title='bbox 1446 2355 1547 2390; x_wconf 78' lang='lat' dir='ltr'><strong>Haec</strong></span> 
     </span>
     <span class='ocr_line' id='line_1_37' title="bbox 101 2400 1542 2448; baseline 0 -14"><span class='ocrx_word' id='word_1_321' title='bbox 101 2401 167 2434; x_wconf 82' lang='lat' dir='ltr'><strong>ille</strong></span> <span class='ocrx_word' id='word_1_322' title='bbox 194 2412 258 2445; x_wconf 87' lang='lat' dir='ltr'><strong><em>per</em></strong></span> <span class='ocrx_word' id='word_1_323' title='bbox 280 2400 521 2445; x_wconf 79' lang='lat' dir='ltr'><strong>patriarcham</strong></span> <span class='ocrx_word' id='word_1_324' title='bbox 545 2402 591 2436; x_wconf 87' lang='lat' dir='ltr'><strong><em>ad</em></strong></span> <span class='ocrx_word' id='word_1_325' title='bbox 614 2404 889 2448; x_wconf 73' lang='lat' dir='ltr'><strong>imperatricem.</strong></span> <span class='ocrx_word' id='word_1_326' title='bbox 940 2402 1064 2435; x_wconf 89' lang='lat' dir='ltr'><strong>Postea</strong></span> <span class='ocrx_word' id='word_1_327' title='bbox 1089 2412 1169 2434; x_wconf 87' lang='lat' dir='ltr'><strong>cum</strong></span> <span class='ocrx_word' id='word_1_328' title='bbox 1196 2406 1233 2434; x_wconf 87' lang='lat' dir='ltr'><strong><em>et</em></strong></span> <span class='ocrx_word' id='word_1_329' title='bbox 1259 2412 1410 2447; x_wconf 84' lang='lat' dir='ltr'><strong>magnus</strong></span> <span class='ocrx_word' id='word_1_330' title='bbox 1433 2401 1542 2446; x_wconf 84' lang='lat' dir='ltr'><strong>logo-</strong></span> 
     </span>
     <span class='ocr_line' id='line_1_38' title="bbox 102 2447 1543 2492; baseline 0.001 -13"><span class='ocrx_word' id='word_1_331' title='bbox 102 2447 203 2481; x_wconf 81' lang='lat' dir='ltr'><strong>theta</strong></span> <span class='ocrx_word' id='word_1_332' title='bbox 228 2447 384 2481; x_wconf 83' lang='lat' dir='ltr'><strong>Gabalas</strong></span> <span class='ocrx_word' id='word_1_333' title='bbox 410 2459 493 2482; x_wconf 86' lang='lat' dir='ltr'><strong><em>enm</em></strong></span> <span class='ocrx_word' id='word_1_334' title='bbox 515 2449 665 2488; x_wconf 81' lang='lat' dir='ltr'><strong>viseret,</strong></span> <span class='ocrx_word' id='word_1_335' title='bbox 694 2450 844 2483; x_wconf 81' lang='lat' dir='ltr'><strong>mirifice</strong></span> <span class='ocrx_word' id='word_1_336' title='bbox 870 2451 909 2482; x_wconf 88' lang='lat' dir='ltr'><strong><em>iu</em></strong></span> <span class='ocrx_word' id='word_1_337' title='bbox 935 2459 978 2481; x_wconf 88' lang='lat' dir='ltr'><strong><em>eo</em></strong></span> <span class='ocrx_word' id='word_1_338' title='bbox 1005 2459 1042 2481; x_wconf 85' lang='lat' dir='ltr'><strong><em>se</em></strong></span> <span class='ocrx_word' id='word_1_339' title='bbox 1071 2447 1258 2492; x_wconf 82' lang='lat' dir='ltr'><strong>deceptum</strong></span> <span class='ocrx_word' id='word_1_340' title='bbox 1292 2448 1406 2488; x_wconf 75' lang='lat' dir='ltr'><strong>dixit,</strong></span> <span class='ocrx_word' id='word_1_341' title='bbox 1439 2449 1543 2481; x_wconf 86' lang='lat' dir='ltr'><strong>arbi-</strong></span> 
     </span>
     <span class='ocr_line' id='line_1_39' title="bbox 101 2494 1540 2540; baseline 0.002 -15"><span class='ocrx_word' id='word_1_342' title='bbox 101 2498 216 2526; x_wconf 81' lang='lat' dir='ltr'><strong>tratus</strong></span> <span class='ocrx_word' id='word_1_343' title='bbox 250 2494 484 2539; x_wconf 84' lang='lat' dir='ltr'><strong>intelligendi</strong></span> <span class='ocrx_word' id='word_1_344' title='bbox 518 2497 682 2530; x_wconf 88' lang='lat' dir='ltr'><strong>acumine</strong></span> <span class='ocrx_word' id='word_1_345' title='bbox 717 2507 910 2540; x_wconf 82' lang='lat' dir='ltr'><strong>rerumque</strong></span> <span class='ocrx_word' id='word_1_346' title='bbox 944 2505 1147 2538; x_wconf 85' lang='lat' dir='ltr'><strong>magnarum</strong></span> <span class='ocrx_word' id='word_1_347' title='bbox 1186 2505 1253 2527; x_wconf 79' lang='lat' dir='ltr'><strong><em>usu</em></strong></span> <span class='ocrx_word' id='word_1_348' title='bbox 1294 2495 1413 2540; x_wconf 77' lang='lat' dir='ltr'><strong>ipsum</strong></span> <span class='ocrx_word' id='word_1_349' title='bbox 1448 2495 1540 2528; x_wconf 78' lang='lat' dir='ltr'><strong>alios</strong></span> 
     </span>
     <span class='ocr_line' id='line_1_40' title="bbox 102 2540 1539 2587; baseline 0.001 -15"><span class='ocrx_word' id='word_1_350' title='bbox 102 2540 331 2574; x_wconf 81' lang='lat' dir='ltr'><strong>antecellere.</strong></span> <span class='ocrx_word' id='word_1_351' title='bbox 394 2540 487 2574; x_wconf 81' lang='lat' dir='ltr'><strong><em>Nam</em></strong></span> <span class='ocrx_word' id='word_1_352' title='bbox 518 2541 618 2587; x_wconf 86' lang='lat' dir='ltr'><strong>quod</strong></span> <span class='ocrx_word' id='word_1_353' title='bbox 655 2553 753 2575; x_wconf 88' lang='lat' dir='ltr'><strong>nunc</strong></span> <span class='ocrx_word' id='word_1_354' title='bbox 789 2544 978 2587; x_wconf 83' lang='lat' dir='ltr'><strong>opinetur,</strong></span> <span class='ocrx_word' id='word_1_355' title='bbox 1027 2551 1107 2572; x_wconf 87' lang='lat' dir='ltr'><strong>cum</strong></span> <span class='ocrx_word' id='word_1_356' title='bbox 1145 2540 1393 2574; x_wconf 84' lang='lat' dir='ltr'><strong>Cantacuzeno</strong></span> <span class='ocrx_word' id='word_1_357' title='bbox 1425 2542 1539 2574; x_wconf 81' lang='lat' dir='ltr'><strong>tantis</strong></span> 
     </span>
     <span class='ocr_line' id='line_1_41' title="bbox 100 2586 1540 2632; baseline 0.001 -14"><span class='ocrx_word' id='word_1_358' title='bbox 100 2587 240 2619; x_wconf 80' lang='lat' dir='ltr'><strong>meritis</strong></span> <span class='ocrx_word' id='word_1_359' title='bbox 263 2587 457 2620; x_wconf 83' lang='lat' dir='ltr'><strong>obstrictus</strong></span> <span class='ocrx_word' id='word_1_360' title='bbox 473 2612 483 2628; x_wconf 90' lang='lat'><strong>,</strong></span> <span class='ocrx_word' id='word_1_361' title='bbox 505 2587 643 2622; x_wconf 86' lang='lat' dir='ltr'><strong>bellum</strong></span> <span class='ocrx_word' id='word_1_362' title='bbox 672 2588 791 2622; x_wconf 86' lang='lat' dir='ltr'><strong>eidem</strong></span> <span class='ocrx_word' id='word_1_363' title='bbox 820 2594 856 2621; x_wconf 90' lang='lat' dir='ltr'><strong><em>et</em></strong></span> <span class='ocrx_word' id='word_1_364' title='bbox 876 2587 1028 2620; x_wconf 83' lang='lat' dir='ltr'><strong>insidias</strong></span> <span class='ocrx_word' id='word_1_365' title='bbox 1055 2586 1203 2620; x_wconf 79' lang='lat' dir='ltr'><strong>molitus</strong></span> <span class='ocrx_word' id='word_1_366' title='bbox 1229 2587 1277 2621; x_wconf 76' lang='lat' dir='ltr'><strong><em>sit</em></strong></span> <span class='ocrx_word' id='word_1_367' title='bbox 1311 2587 1418 2632; x_wconf 86' lang='lat' dir='ltr'><strong>eique</strong></span> <span class='ocrx_word' id='word_1_368' title='bbox 1456 2588 1540 2632; x_wconf 86' lang='lat' dir='ltr'><strong>plu-</strong></span> 
     </span>
     <span class='ocr_line' id='line_1_42' title="bbox 99 2632 1539 2681; baseline 0.001 -15"><span class='ocrx_word' id='word_1_369' title='bbox 99 2632 194 2666; x_wconf 83' lang='lat' dir='ltr'><strong>rima</strong></span> <span class='ocrx_word' id='word_1_370' title='bbox 223 2638 260 2667; x_wconf 90' lang='lat' dir='ltr'><strong><em>et</em></strong></span> <span class='ocrx_word' id='word_1_371' title='bbox 286 2635 514 2677; x_wconf 81' lang='lat' dir='ltr'><strong>gravissima,</strong></span> <span class='ocrx_word' id='word_1_372' title='bbox 539 2634 569 2667; x_wconf 72' lang='lat' dir='ltr'><strong>si</strong></span> <span class='ocrx_word' id='word_1_373' title='bbox 597 2635 788 2681; x_wconf 76' lang='lat' dir='ltr'><strong>quisquam</strong></span> <span class='ocrx_word' id='word_1_374' title='bbox 814 2635 906 2667; x_wconf 85' lang='lat' dir='ltr'><strong>alius</strong></span> <span class='ocrx_word' id='word_1_375' title='bbox 922 2658 931 2673; x_wconf 93' lang='lat'>,</span> <span class='ocrx_word' id='word_1_376' title='bbox 959 2632 1190 2666; x_wconf 85' lang='lat' dir='ltr'><strong>incommoda</strong></span> <span class='ocrx_word' id='word_1_377' title='bbox 1222 2634 1415 2673; x_wconf 76' lang='lat' dir='ltr'><strong>creaverit,</strong></span> <span class='ocrx_word' id='word_1_378' title='bbox 1440 2646 1539 2668; x_wconf 87' lang='lat' dir='ltr'><strong>nunc</strong></span> 
     </span>
     <span class='ocr_line' id='line_1_43' title="bbox 101 2678 1536 2728; baseline 0.001 -17"><span class='ocrx_word' id='word_1_379' title='bbox 101 2678 195 2712; x_wconf 78' lang='lat' dir='ltr'><strong>saeta</strong></span> <span class='ocrx_word' id='word_1_380' title='bbox 220 2691 307 2724; x_wconf 84' lang='lat' dir='ltr'><strong>pace</strong></span> <span class='ocrx_word' id='word_1_381' title='bbox 335 2686 563 2714; x_wconf 79' lang='lat' dir='ltr'><strong>mansuetum</strong></span> <span class='ocrx_word' id='word_1_382' title='bbox 588 2688 696 2728; x_wconf 83' lang='lat' dir='ltr'><strong>atque</strong></span> <span class='ocrx_word' id='word_1_383' title='bbox 723 2682 938 2714; x_wconf 78' lang='lat' dir='ltr'><strong>elementem</strong></span> <span class='ocrx_word' id='word_1_384' title='bbox 963 2684 1215 2724; x_wconf 73' lang='lat' dir='ltr'><strong>experturum,</strong></span> <span class='ocrx_word' id='word_1_385' title='bbox 1252 2685 1290 2714; x_wconf 83' lang='lat' dir='ltr'><strong><em>et</em></strong></span> <span class='ocrx_word' id='word_1_386' title='bbox 1314 2692 1388 2714; x_wconf 91' lang='lat' dir='ltr'><strong><em>non</em></strong></span> <span class='ocrx_word' id='word_1_387' title='bbox 1414 2681 1536 2722; x_wconf 81' lang='lat' dir='ltr'><strong>potius</strong></span> 
     </span>
     <span class='ocr_line' id='line_1_44' title="bbox 101 2725 1536 2772; baseline 0.001 -15"><span class='ocrx_word' id='word_1_388' title='bbox 101 2736 212 2770; x_wconf 70' lang='lat' dir='ltr'><strong>seque</strong></span> <span class='ocrx_word' id='word_1_389' title='bbox 246 2737 421 2772; x_wconf 83' lang='lat' dir='ltr'><strong>suamque</strong></span> <span class='ocrx_word' id='word_1_390' title='bbox 447 2726 628 2760; x_wconf 75' lang='lat' dir='ltr'><strong>familiam</strong></span> <span class='ocrx_word' id='word_1_391' title='bbox 662 2727 826 2760; x_wconf 80' lang='lat' dir='ltr'><strong>inaudito</strong></span> <span class='ocrx_word' id='word_1_392' title='bbox 864 2725 1023 2771; x_wconf 84' lang='lat' dir='ltr'><strong>quodam</strong></span> <span class='ocrx_word' id='word_1_393' title='bbox 1056 2725 1166 2759; x_wconf 83' lang='lat' dir='ltr'><strong><em>modo</em></strong></span> <span class='ocrx_word' id='word_1_394' title='bbox 1194 2731 1231 2760; x_wconf 84' lang='lat' dir='ltr'><strong><em>et</em></strong></span> <span class='ocrx_word' id='word_1_395' title='bbox 1261 2731 1304 2760; x_wconf 81' lang='lat' dir='ltr'><strong><em>ut</em></strong></span> <span class='ocrx_word' id='word_1_396' title='bbox 1335 2726 1439 2759; x_wconf 77' lang='lat' dir='ltr'><strong>sactis</strong></span> <span class='ocrx_word' id='word_1_397' title='bbox 1474 2727 1536 2759; x_wconf 81' lang='lat' dir='ltr'><strong>illi</strong></span> 
     </span>
     <span class='ocr_line' id='line_1_45' title="bbox 101 2772 1562 2820; baseline -0.001 -16"><span class='ocrx_word' id='word_1_398' title='bbox 101 2773 334 2807; x_wconf 77' lang='lat' dir='ltr'><strong>contumeliis</strong></span> <span class='ocrx_word' id='word_1_399' title='bbox 360 2773 510 2820; x_wconf 81' lang='lat' dir='ltr'><strong>dignum</strong></span> <span class='ocrx_word' id='word_1_400' title='bbox 535 2778 610 2816; x_wconf 73' lang='lat' dir='ltr'><strong>est,</strong></span> <span class='ocrx_word' id='word_1_401' title='bbox 634 2774 855 2818; x_wconf 82' lang='lat' dir='ltr'><strong>periturum,</strong></span> <span class='ocrx_word' id='word_1_402' title='bbox 880 2782 1008 2818; x_wconf 81' lang='lat' dir='ltr'><strong>parum</strong></span> <span class='ocrx_word' id='word_1_403' title='bbox 1033 2782 1177 2819; x_wconf 82' lang='lat' dir='ltr'><strong>sapere,</strong></span> <span class='ocrx_word' id='word_1_404' title='bbox 1212 2783 1333 2819; x_wconf 81' lang='lat' dir='ltr'><strong>neque</strong></span> <span class='ocrx_word' id='word_1_405' title='bbox 1356 2772 1450 2806; x_wconf 82' lang='lat' dir='ltr'><strong>bene</strong></span> <span class='ocrx_word' id='word_1_406' title='bbox 1476 2782 1535 2803; x_wconf 84' lang='lat' dir='ltr'><strong><em>ra·</em></strong></span> <span class='ocrx_word' id='word_1_407' title='bbox 1556 2812 1562 2816; x_wconf 87' lang='lat'>.</span> 
     </span>
    </p>
   </div>
  </div>
 </body>
</html>
