1812 3132
296 190 315 227 1
335 191 399 228 10
822 189 1197 235 CANTACUZENI

86 299 168 337 A.c.
189 303 270 349 ¹34¹
286 294 482 348 κρείττω·
511 290 561 333 τὰ
593 293 632 332 δ’
660 286 769 333 ἄλλα
799 291 940 335 πάνταΙ
964 294 1130 349 χαίρειν
1158 295 1247 351 ε’ᾆν.
1306 296 1529 350 τοιγαροῦν
1558 295 1638 339 καὶ
1670 297 1724 340 σύ

285 360 335 414 τῇ
361 356 550 410 βασιλίδι
576 357 848 411 προσελθών,
879 357 1126 415 (α’ξιόχρεως
1155 362 1193 401 δ’
1221 357 1294 417 ἔσῃ
1315 359 1422 413 πρὸς
1449 360 1582 403 πειθώ
1610 360 1656 404 ἔκ
1681 378 1727 404 τε·

276 426 351 478 τῆς
376 422 605 479 προτέρας,
637 418 685 477 ἧς
713 423 901 476 ἐνεδείξω
928 425 1036 480 πρὸς
1064 422 1207 480 αύτὴν,
1240 427 1404 474 εὐνοίας
1432 429 1504 467 καί
1530 429 1718 482 σπουδῆς

142 495 183 529 V.
202 487 384 542 327μετὰ
415 486 491 544 τήν
517 490 962 545 βασιλέωςτελευτὴν,
991 491 1064 533 καί
1091 493 1170 532 τοῦ
1193 494 1268 534 νῦν
1295 491 1402 547 ὑπὲρ
1433 493 1564 547 αὐτῆς
1593 494 1726 534 δοκεῖν

279 553 533 606 σπουδάζειν
546 557 578 612 ‚)
619 556 775 597 ἐκεινου
805 556 1107 612 κατηγόρησον,
1154 558 1211 606 ὥς
1240 559 1320 610 οὐχ
1355 557 1750 612 ὖποπτευομένου,5

280 621 370 663 ἀλλ’
400 616 480 676 ἤδη
505 623 697 677 φανερῶς
734 620 809 676 τὴν
836 625 1053 675 βασιλείαν
1095 625 1209 665 ἰδίαν
1242 625 1496 676 ποιουμένου
1527 623 1601 664 καί
1625 621 1724 665 ὅσον

243 686 445 729 Βοῦδέπω
471 689 687 739 μέλλοντος
720 686 852 742 αὐτὴν
881 687 952 728 καί
978 690 1100 730 τέκνα
1141 689 1406 733 ἀποκτείνειν.
1464 684 1516 729 ἂν
1545 691 1584 730 δ’
1620 688 1725 730 ἀπό-

274 754 405 803 δειξιν
446 754 529 794 τῶν
572 755 801 806 λεγομένων
828 755 1007 809 α’παιτῇ,
1046 752 1106 807 μή
1135 756 1310 795 τοιαῦτα
1339 759 1478 796 πεῖσον
1505 759 1724 808 πολυπρα-

272 824 452 872 γμονεῖν.
509 819 690 874 φθάσειν
733 818 814 873 γὰρ
847 820 1155 873 τελευτήσασαν
1193 822 1290 874 πρίν
1317 822 1377 868 εἷς
1402 818 1500 869 τούς
1528 819 1741 874 ἐλέγχους

273 879 413 938 ἥκειν,
453 885 494 925 εἰ
517 881 575 938 μή
606 885 763 926 ἐκείνου
794 886 1026 938 διαστᾶσα,
1067 882 1223 939 ἑαυτήν
1250 883 1451 936 διασώζοι
1477 884 1549 925 καί
1573 883 1622 926 τὰ
1653 886 1775 931 tei-ro

272 965 363 990 κνα.
396 951 441 990 ἐκ
468 947 627 991 τούτων
666 951 712 991 δὲ
753 951 936 1005 ἐκείνην,
973 948 1112 1005 ὥσπερ
1143 951 1301 1004 οἴομαι,
1330 948 1411 991 ὑπὸ
1443 951 1563 1000 δέους
1592 966 1720 992 κατα-

271 1018 523 1068 πλαγεῖσαν,
571 1012 642 1056 τὸν
672 1013 774 1070 πρὸς
802 1016 956 1057 ἐκεῖνον
987 1015 1087 1070 ἡμῖν
1128 1013 1311 1068 πόλεμον
1339 1015 1595 1071 ἐπιτρέψειν.
1622 1016 1720 1056 τού-

271 1093 344 1121 του
376 1081 423 1120 δὲ
453 1082 816 1135 κατορθωθέντος,
863 1082 986 1122 ου’δὲν
1029 1075 1132 1122 ἄλλο
1159 1082 1364 1133 λείπεται,
1395 1076 1423 1136 ἢ
1462 1081 1616 1123 ἐκεῖνον
1641 1082 1719 1133 μὲν

273 1146 511 1187 ἀπολέσθαι
538 1144 671 1187 κακὸν,
695 1148 852 1198 κακῶς,
883 1149 930 1188 σὲ
962 1147 1008 1188 δὲ
1036 1145 1137 1201 πρὸς
1164 1149 1222 1203 τῷ
1238 1145 1310 1188 τὸν
1329 1147 1612 1201 ἐπηρτημένον
1631 1148 1719 1188 κίν-

273 1212 396 1252 δυνον
427 1212 671 1267 διαφυγεῖν,
701 1214 772 1254 καί
809 1210 858 1254 τὰ
881 1213 1100 1265 Ῥωμαίων
1129 1211 1358 1266 πράγματα
1387 1214 1578 1263 διοικεῖν,
1612 1212 1771 1260 miv-15

271 1293 356 1318 των
395 1275 577 1329 μάλιστα
627 1276 851 1328 οἷξιώτατον
896 1273 1010 1320 ὄντα.
1074 1278 1257 1319 διόσου
1302 1279 1451 1330 δέομαι
1492 1281 1719 1333 πεισθῆναι

270 1343 604 1396 συμβουλεύοντι
645 1345 742 1396 ε’μοί
781 1342 854 1384 καί
887 1341 947 1396 μὴ
990 1341 1096 1396 πρὸς
1137 1341 1211 1398 τὴν
1250 1345 1401 1398 πρᾶξιν
1430 1340 1716 1396 ἀναδύεσθαι,

272 1406 425 1466 ῥᾳδίαν
454 1403 608 1461 οὖσαν,
650 1407 706 1456 (ὃς
744 1407 823 1462 ἐγώ
867 1406 1168 1462 συμβουλεύω,
1214 1410 1621 1462 κατασκευασθῆναι.
1679 1409 1720 1450 εἰ

272 1476 308 1515 δ’
339 1472 588 1528 ἀποκνήσεις
627 1472 733 1529 πρὸς
775 1472 843 1515 τὸν
884 1476 1103 1527 κίνδυνον,
1145 1471 1225 1527 ἐγώ
1252 1475 1330 1525 μὲν
1358 1475 1561 1528 δυσχερὲς
1590 1474 1715 1515 οὐδὲν

237 1541 389 1594 Οὲρῶ·
417 1541 465 1580 σὲ
494 1540 540 1580 δὲ
568 1538 645 1587 τὰς
674 1540 953 1591 ἑκδεξομένας
981 1540 1112 1591 τύχας
1133 1535 1213 1592 ἤδη
1242 1536 1527 1591 στοχάζεσθαι
1556 1540 1767 1594 προσῆ-αο

268 1606 375 1647 κον.”
402 1603 562 1654 τούτοις
590 1607 668 1656 μὲν
697 1600 772 1645 οὖν
800 1603 871 1645 τὸν
898 1604 1166 1659 πατριάρχην
1196 1602 1356 1645 ἔπεισεν
1376 1604 1494 1659 αὐτῷ
1516 1620 1559 1645 τε
1580 1620 1711 1659 προσ-

267 1673 381 1724 έχειν
410 1673 483 1711 καί
508 1669 689 1722 πόλεμον
717 1668 822 1724 πρὸς
860 1668 933 1711 τὸν
960 1670 1092 1723 μέγαν
1120 1670 1364 1721 δομέστικον
1390 1674 1529 1711 κινεῖν.
1571 1668 1712 1711 ἔπειθ’

267 1735 440 1779 ἕκαστον
467 1737 550 1777 τῶν
578 1731 716 1777 ἄλλων
733 1767 744 1789 ,
776 1734 874 1793 δόξῃ
904 1734 1193 1791 διαφερόντων
1221 1730 1247 1790 ἢ
1275 1736 1384 1789 γένει
1412 1737 1497 1777 τῶν
1523 1737 1708 1788 πολλῶν,

332 1866 358 1888 ι.
373 1845 419 1887 σι)
448 1865 515 1887 om.
530 1854 577 1887 M.
640 1852 724 1900 2.τῇ
750 1863 818 1886 om.
830 1853 863 1885 P.
936 1863 987 1886 ιο.
997 1849 1041 1885 τὰ
1068 1851 1153 1885 add.
1171 1851 1218 1883 M.
1296 1863 1307 1885 1
1319 1862 1345 1885 ι.
1362 1849 1645 1895 καταπλαγεῖσα
1658 1850 1707 1884 Μ.

267 1947 435 1982 omnibus
464 1946 641 1988 dimissis,
667 1947 713 1981 ad
737 1959 849 1981 unum
872 1946 941 1980 hoc
967 1945 1163 1990 respicere,
1199 1950 1241 1978 ut
1262 1946 1392 1978 vincat.
1439 1943 1594 1978 Proinde
1626 1954 1706 1978 eam

266 1995 323 2028 fae
348 1994 560 2028 convenias:
585 1994 687 2027 illum
713 1999 754 2027 ut
784 2005 858 2028 non
884 1994 956 2025 iam
986 2004 1050 2036 per
1085 1993 1292 2031 cuniculos,
1330 1990 1394 2024 sed
1417 1990 1602 2036 propalam
1636 1991 1707 2024 im·

265 2043 406 2085 perium
434 2040 677 2075 vindicantem
710 2045 746 2072 ct
772 2052 846 2073 non
871 2040 984 2071 multo
1011 2043 1094 2082 post
1118 2038 1232 2081 ipsam
1256 2038 1406 2082 eiusque
1430 2037 1565 2070 liberos
1599 2037 1708 2082 iugu—

265 2088 606 2121 laturum‘accuses.
655 2086 782 2119 Fidem
810 2086 915 2119 dictis
938 2085 1010 2117 tuis
1039 2085 1158 2128 pariet
1185 2088 1222 2116 et
1246 2089 1353 2116 antea
1381 2088 1511 2116 navata
1539 2084 1706 2127 ipsissbe-

265 2133 474 2167 nevolentia
498 2144 537 2167 ac
566 2132 723 2166 studium
747 2138 829 2176 post
847 2132 1072 2175 imperatoris
1097 2141 1277 2164 excessum
1298 2135 1335 2163 et
1351 2130 1450 2175 quod
1473 2131 1512 2163 in
1536 2140 1705 2174 praesens

264 2182 301 2214 ei
325 2180 520 2225 diligenter
551 2190 697 2223 operam
730 2178 815 2211 dare
851 2176 1043 2211 videberis.
1093 2177 1131 2209 Si
1165 2177 1416 2221 probationem
1451 2177 1629 2219 exegerit,
1662 2187 1706 2210 ea

264 2227 476 2260 curiositate
505 2230 546 2258 ut
575 2224 820 2269 supersedeat,
852 2233 983 2266 mone;
1011 2222 1056 2255 ab
1091 2223 1155 2256 illo
1180 2234 1217 2256 sc
1249 2222 1447 2268 disiungat3
1473 2224 1582 2256 vitam
1602 2234 1704 2255 suam

264 2273 537 2317 liberorumque
563 2277 701 2313 servet3
745 2271 884 2315 alioqui
921 2270 1131 2302 morituram
1158 2269 1290 2309 citius,
1333 2280 1441 2315 quam
1468 2268 1703 2313 probationes

265 2319 515 2364 expediantur.
563 2318 627 2350 His
659 2318 703 2351 de
735 2318 850 2350 causis
886 2317 1014 2349 timore
1045 2316 1267 2360 perculsam,
1300 2315 1390 2348 belli
1419 2315 1704 2348 administratio-

264 2376 349 2399 nem
390 2365 496 2399 nobis
542 2365 796 2409 permissuram
833 2363 1012 2399 existimo,
1075 2362 1151 2394 Hoc
1190 2361 1290 2395 felici
1325 2366 1488 2395 successu
1537 2365 1700 2406 peracto,

262 2411 359 2445 nihil
391 2410 563 2451 restabit,
598 2410 669 2443 nisi
703 2415 744 2442 ut
774 2410 887 2442 malus
919 2410 1010 2441 male
1033 2414 1178 2452 pereat,
1221 2414 1258 2442 et
1284 2413 1324 2440 tu
1358 2406 1585 2452 impendenti
1619 2417 1701 2440 ere-

264 2464 349 2503 ptus
375 2457 551 2502 periculo,
584 2468 658 2490 rem
679 2458 868 2489 Romanam
892 2455 1123 2488 meritissimo
1148 2465 1234 2499 prae
1257 2454 1426 2487 omnibus
1449 2465 1514 2499 pro
1545 2453 1697 2497 imperio

263 2515 375 2549 regas.
425 2504 655 2549 Quapropter
680 2509 716 2536 te
745 2513 827 2542 oro,
865 2501 955 2535 mihi
984 2501 1230 2546 obtemperes,
1269 2511 1341 2534 neu
1374 2511 1463 2541 rem,
1495 2499 1568 2540 via,
1590 2510 1698 2544 quam

263 2561 329 2595 ego
363 2551 579 2590 monstravi,
622 2550 749 2595 ellectu
776 2559 849 2582 non
874 2548 1074 2587 difficilem,
1111 2547 1297 2581 detrectes.
1347 2546 1456 2591 Quod
1481 2546 1511 2579 si
1546 2545 1697 2590 pigrita-

263 2597 312 2630 ris
341 2597 381 2630 in
405 2596 611 2630 discrimine
641 2600 724 2635 tuo,
757 2606 821 2640 ego
853 2594 999 2640 quidem
1035 2597 1171 2638 gravius
1198 2593 1293 2627 nihil
1326 2593 1465 2634 dicam,
1501 2598 1538 2626 te
1573 2597 1696 2624 autem

263 2643 389 2688 quales
413 2644 580 2676 fortunae
607 2648 818 2686 excepturae
848 2641 941 2681 sint,
981 2642 1187 2674 coniectura
1214 2640 1404 2684 providere
1433 2650 1496 2684 par
1517 2643 1580 2672 est.
1629 2637 1694 2670 His

263 2690 327 2722 ille
355 2688 592 2734 patriarcham
621 2688 667 2720 ad
694 2689 765 2721 sibi
795 2688 1059 2721 assentiendum
1092 2687 1300 2731 bellumque
1331 2685 1499 2719 adversus
1526 2695 1695 2727 magnum

264 2735 500 2770 domesticum
527 2735 774 2778 incipiendum
800 2734 955 2780 impulit.
1004 2733 1146 2767 Deinde
1173 2733 1262 2767 alios
1289 2732 1495 2775 singulatim
1517 2730 1694 2774 opinione

263 2784 330 2817 aut·
350 2792 479 2830 genere
512 2778 993 2827 praestantescircumiens,
1037 2785 1074 2813 et
1096 2779 1282 2814 mendacia
1309 2779 1578 2822 calumniasque
1604 2787 1693 2818 con-
