1820 3152
287 132 397 190 568
814 150 1181 194 CANTACUZENJ

87 263 168 297 A..C
189 261 246 297 13
231 249 447 307 6γναίμης
475 249 648 305 ἔχοντα,
678 251 780 305 μηδ’
807 250 932 292 αὐτοι
966 252 1165 306 πειρᾶσθε
1204 252 1287 292 τῶν
1325 252 1584 305 δεδογμένων
1617 250 1721 306 α’φια

247 320 413 373 Βστᾷν·
444 332 480 357 ει
503 317 540 357 δ’
563 312 646 371 ἄρα
676 311 812 365 αλλως
855 315 1058 369 ἐγνώκατε
1097 314 1217 369 ὖμεῖς
1261 333 1332 357 και
1372 318 1517 372 μηκέτι
1549 314 1721 358 δουλεύ-

283 399 343 424 ειν
385 383 522 440 ἐκείνω
560 380 792 435 βούλεσθε,
847 382 935 423 ἀλλ’
971 384 1109 436 ετερόν
1147 398 1241 424 τινα
1268 381 1341 424 τὸν
1389 378 1566 437 αρξοντα
1593 381 1722 434 ,ὖμων

283 450 531 503 ἐπιζητεῖτε,
564 452 664 503 παρ’
682 448 778 499 ἐμοι
804 448 882 501 μὲν
910 450 962 489 ου’
990 446 1138 504 ῥάδιον
1158 448 1319 503 εὑρεῖν,
1349 449 1508 501 μᾶλλον
1539 449 1585 489 δὲ
1613 444 1719 489 ἀδύ-

283 528 436 556 νατον·
496 509 703 554 ἆποστᾶσι
735 514 780 554 δὲ
808 514 935 566 ἐμοῦ,
978 509 1031 554 τὰ
1060 511 1162 555 κατὰ
1203 529 1369 567 γνωμην
1397 513 1559 564 ἐξέσται
1590 512 1746 576 aptit-5

282 595 396 621 τειν·
426 573 556 627 αὖτὸς
585 577 663 635 γάρ
696 593 745 619 ου
775 576 901 631 μόνον
929 579 980 620 οὕ
1010 580 1249 631 συνέψομαι
1278 577 1380 633 πρὸς
1405 576 1482 632 τήν
1510 577 1724 632 επιχείρη-

283 662 351 688 σιν
377 645 499 699 ὑμῖν,
526 643 633 686 ἄλλα
660 644 834 686 κωλύσω
862 660 933 686 και
960 644 1011 687 τὰ
1046 643 1245 686 &warois
1290 645 1467 686 τοιαῦτα
1497 644 1575 696 μὲν
1603 641 1626 683 ὅ
1645 646 1725 697 fia·-

285 711 426 760 σιλεύς
467 708 572 765 πρὸς
619 708 717 759 τούς
737 711 780 751 ἐν
808 712 916 752 τέλει
945 709 1166 765 διειλέχθη
1194 708 1267 751 καί
1291 708 1367 764 τὴν
1383 707 1607 765 στρατιὰν,
1636 709 1726 759 ἀξι-

284 780 434 825 οῦντας
460 774 532 818 τὸν
557 775 651 817 υἱόν
680 773 976 819 ἀποδεικνύναι
1005 777 1198 829 βασιλέα.
1267 777 1417 818 ε’κεῖνοι
1457 775 1503 816 δὲ
1543 773 1638 817 ἐπεὶ
1663 772 1723 828 μὴ

284 844 447 894 πείθειν
477 839 614 895 εἶχον,
644 839 892 896 ἡσύχασαν,
936 839 1339 895 θαυμάσαντες-τὴν
1363 841 1569 895 βασιλέως
1595 842 1778 882 &mel-10

284 924 400 950 κειαν
426 907 853 962 καίμεγαλοψυχιάν,
884 904 950 949 ὅτι
976 907 1085 960 μετὰ
1118 904 1342 955 τοσούτους
1371 906 1523 955 πόνους
1543 905 1618 947 καί
1639 921 1726 947 κιν-

291 971 440 1022 δύνους
480 973 532 1013 οὕ
576 979 661 1021 τοῖς
700 972 865 1022 οἰκείοις
909 974 1099 1027 μᾶλλον,
1143 970 1249 1014 ἀλλὰ
1282 976 1366 1022 τοῖς
1394 972 1599 1026 βασιλέως
1626 967 1727 1026 βού-

253 1044 406 1081 (Ῑλοιτο
435 1040 556 1081 παισί
581 1037 656 1094 τήν
678 1039 897 1093 Ῥωμαίων
924 1040 1057 1096 ἀρχὴν
1085 1039 1380 1096 παραδιδόναι.

250 1107 282 1140 D
394 1106 472 1160 ἥγ’.
524 1103 622 1147 ‘Yno
658 1107 705 1148 δὲ
733 1105 832 1154 τούς
862 1105 1019 1156 αύτούς
1045 1104 1226 1163 χρόνους
1266 1108 1340 1148 καί
1381 1106 1403 1148 ὃ
1441 1108 1485 1149 ἐν
1516 1108 1727 1149 Θεσσαλο-

284 1170 375 1228 νίκῃ
408 1172 536 1225 δῆμος
582 1171 718 1212 α’νεῑλε
747 1170 925 1220 πολλούς
963 1175 1047 1213 τῶν
1075 1174 1251 1228 πολιτῶν
1279 1174 1323 1221 ἐξ
1352 1171 1491 1221 αἰτίας
1516 1172 1780 1226 τοιαύτης.15

264 1238 310 1278 Α-ὅ
336 1239 411 1279 τοῦ
430 1234 612 1290 μεγάλου
643 1236 792 1286 δουκὸς
810 1236 902 1286 υἱὸς
918 1236 1178 1286 Ἀπόκαυκος
1207 1235 1228 1279 ὅ
1257 1236 1472 1293 Ἰωάννης,
1508 1241 1638 1292 μέγας
1666 1235 1734 1279 ὢν

238 1338 250 1346 s
286 1301 587 1359 πριμμικήριος
614 1303 688 1356 τήν
715 1302 861 1354 οἶξίαν,
891 1302 967 1358 τὴν
996 1301 1132 1358 οἶρχὴν
1151 1305 1455 1358 Θεσσαλονίκης
1483 1305 1728 1359 ἐπιτετραμ-

150 1369 193 1407 V.
210 1372 273 1417 537
284 1371 426 1422 μένος,
470 1364 562 1409 οὔθ’
604 1365 737 1416 οὕτως
766 1365 904 1422 εἶχεν,
950 1365 1056 1410 ὥστε
1094 1371 1323 1420 μαίνεσθαι
1361 1367 1469 1410 κατὰ
1503 1370 1586 1410 τῶν
1622 1369 1729 1425 ᾗρῆ-

285 1437 391 1475 σθαι
420 1429 651 1474 δοκούντων
678 1431 728 1474 τὰ
757 1434 1108 1487 Καντακουζηνοῦ
1134 1434 1212 1474 τοῦ
1238 1435 1468 1486 βασιλέως,
1511 1429 1604 1476 οὔτε
1645 1449 1728 1489 φα-

285 1500 415 1552 νεραῖς
449 1499 730 1552 συνέπραττεν
777 1499 934 1546 αὐτοῖς.
994 1495 1103 1553 ὅραῖν
1135 1500 1181 1539 δὲ
1208 1497 1302 1547 τούς
1330 1497 1533 1555 Ζηλωτοὶς
1558 1496 1782 1553 ἰσχύον-20

283 1580 358 1612 τας
395 1560 570 1604 ἐπιπολύ
609 1563 682 1603 καί
705 1561 780 1617 τήν
808 1562 931 1605 πόλιν
963 1565 1102 1605 πᾶσαν
1130 1559 1305 1618 ἄγοντας
1336 1565 1390 1605 δι’
1407 1562 1593 1615 ἑαυτῶν,
1623 1565 1730 1606 ὲκεί-

164 1639 276 1685 P.673
287 1639 343 1688 ’νῳ
374 1629 419 1670 δὲ
446 1626 562 1670 κενὸν
589 1624 723 1680 ὄνομα
751 1631 822 1683 τῆς
851 1630 984 1691 α’ρχῆς
1013 1628 1381 1684 περιλειπόμενον,
1407 1627 1522 1672 δεινὰ
1552 1630 1730 1672 ἐποιεῖτο

379 1728 435 1751 20.
465 1715 668 1761 ἰσχύοντας
694 1727 762 1750 om.
777 1716 812 1750 P.

289 1807 583 1847 administrasse,
610 1813 651 1841 ut
675 1807 714 1840 id
740 1806 858 1840 facere
881 1807 1054 1851 potuerit.
1103 1806 1199 1863 Quia
1225 1807 1335 1852 igitur
1357 1808 1407 1841 ita
1436 1810 1511 1864 ipse
1548 1810 1728 1851 statuerit,

287 1867 334 1893 ne
360 1866 397 1888 se
425 1866 444 1886 a
469 1855 649 1887 sententia
674 1853 891 1898 detorquere
921 1859 1116 1895 conentur3
1153 1856 1184 1887 si
1209 1854 1302 1888 (orte
1329 1855 1434 1888 aliter
1460 1857 1530 1900 ipsi
1555 1856 1727 1898 sentiant,

288 1913 356 1934 nec
379 1900 505 1934 heredi
541 1901 703 1944 legitimo
741 1900 888 1934 subesse
922 1902 961 1933 in
986 1900 1147 1934 futurum
1172 1901 1308 1941 velint,
1333 1902 1445 1935 alium
1470 1908 1591 1936 autem
1617 1914 1729 1947 quae-

290 1952 392 1987 rant,
432 1947 495 1992 qui
529 1947 616 1990 ipsis
655 1948 825 1991 imperet:
859 1947 955 1990 apud
980 1957 1017 1979 se
1059 1946 1206 1991 quidem
1251 1947 1354 1980 illum
1381 1948 1477 1981 haud
1503 1949 1619 1982 facile
1667 1954 1730 1983 aut

291 1997 438 2026 omnino
475 2005 658 2037 nunquam
691 1994 876 2026 inventum
903 1993 959 2026 iii.
1012 1992 1050 2025 Si
1076 2005 1096 2025 a
1119 2004 1156 2026 se
1187 1993 1397 2034 desciscant,
1422 2000 1636 2039 potestatem
1659 1995 1729 2028 ha-

291 2040 433 2074 bituros
460 2039 640 2080 faciendi,
665 2051 758 2085 quae
782 2040 951 2073 libuerit:
988 2051 1026 2072 se
1064 2045 1186 2073 tamen
1213 2041 1440 2073 molitionem
1474 2041 1620 2075 illorum
1655 2053 1730 2075 non

290 2086 399 2120 modo
440 2097 513 2118 non
548 2092 775 2126 secuturum,
812 2086 875 2119 sed
910 2091 1084 2130 quantum
1120 2087 1159 2119 in
1198 2097 1236 2120 se
1275 2087 1344 2125 sit,
1376 2087 1485 2120 etiam
1523 2087 1730 2132 prohibitu-

291 2144 381 2167 rum.
431 2132 528 2164 Haec
562 2133 607 2165 ad
642 2144 806 2176 proceres
855 2138 892 2165 et
926 2134 1123 2166 exercitum
1156 2134 1367 2176 imperator,
1403 2144 1482 2165 cum
1511 2134 1626 2167 filium
1651 2135 1729 2169 eius

290 2181 543 2223 imperatorem
577 2179 757 2224 designari
791 2183 966 2223 peterent.
1018 2178 1135 2222 Quem
1175 2184 1216 2211 ut
1247 2189 1452 2231 permovere
1477 2181 1730 2226 nequiverunt,

290 2226 472 2271 petitione
507 2225 752 2265 destiterunt,
792 2226 870 2258 eius
907 2226 1117 2258 modestiam
1158 2225 1344 2270 animique
1379 2229 1636 2270 praestantiam
1668 2239 1728 2260 su-

293 2272 512 2317 spicientes,
553 2271 651 2317 quod
682 2277 764 2316 post
799 2276 854 2305 tot
889 2282 989 2304 casus
1032 2276 1068 2304 et
1100 2271 1307 2304 discrimina
1355 2282 1473 2305 rerum
1510 2285 1583 2307 non
1617 2275 1730 2318 magis

291 2318 593 2362 consanguineis,
629 2330 737 2363 quam
771 2312 1001 2363 imperatoris
1034 2317 1196 2351 defuncti
1222 2317 1347 2351 liberis
1373 2318 1566 2363 imperium
1590 2319 1729 2355 tradere

292 2370 452 2409 cuperet.

385 2413 440 2455 93.
491 2409 565 2443 Sub
598 2410 694 2444 idem
732 2414 870 2453 tempus
907 2410 1064 2454 populus
1101 2407 1435 2446 Thessalonicensis
1473 2412 1604 2445 multos
1635 2412 1730 2446 cives

296 2457 429 2489 occidit
467 2467 510 2489 ex
546 2457 609 2490 tali
643 2455 798 2500 quadam
824 2465 938 2489 causa.
988 2456 1110 2500 Magni
1137 2455 1236 2490 ducis
1263 2457 1359 2491 filius
1387 2458 1538 2491 Ioannes
1565 2458 1732 2502 Apocau-

295 2502 405 2541 chus,
439 2503 615 2545 dignitate
656 2513 801 2547 magnus
838 2504 1089 2546 primicerius,
1127 2508 1163 2536 et
1195 2504 1400 2548 praefectus
1440 2503 1732 2545 Thessalonicae,

294 2559 418 2591 neque
443 2551 494 2581 sic
519 2554 595 2583 erat
620 2553 867 2592 comparatus,
894 2553 935 2581 ut
960 2554 1082 2582 contra
1112 2559 1193 2589 eOS,
1217 2549 1281 2595 qui
1307 2550 1547 2584 Cantacuzeni
1573 2552 1730 2593 partium

295 2594 535 2634 videbantm,
575 2595 736 2635 fureret,
767 2606 886 2639 neque
911 2601 1031 2628 tamen
1056 2599 1179 2639 aperte
1216 2607 1338 2628 eorum
1378 2597 1498 2630 studia
1523 2596 1732 2634 adiuvabat.

299 2641 456 2673 Cernens
488 2646 609 2673 autem
653 2652 726 2673 non
760 2641 937 2675 modicam
969 2643 1164 2677 Zelotarum
1190 2643 1416 2686 potentiam,
1453 2648 1490 2675 et
1515 2654 1575 2676 eos
1600 2643 1728 2677 urbem

297 2691 410 2722 totam
437 2695 501 2729 ptr
523 2697 559 2717 sc
585 2688 846 2730 gubernantes,
884 2688 1028 2732 sibique
1053 2688 1161 2721 inane
1185 2689 1358 2731 praefecti
1386 2700 1518 2722 nomen
1545 2689 1726 2731 relictum,

298 2733 424 2785 inique
449 2731 610 2774 ferebat,
628 2744 701 2767 nec
725 2734 852 2769 leviter
877 2733 1145 2781 indignabatur.
1179 2733 1338 2772 Michael
1367 2735 1463 2772 enim
1485 2735 1731 2780 Palaeologus,
