1800 3132
530 164 909 208 ms'romARUM
950 167 1022 206 111.
1050 166 1123 215 59·
1431 143 1536 200 361

98 270 302 326 ποταμόν.’
352 267 444 313 ἐπεὶ
480 269 527 311 δὲ
564 269 624 318 εἷς
661 266 734 310 τόν
772 265 903 322 πόρον
941 262 1099 321 ἦλθον,
1155 266 1358 320 Τριβαλοὶ
1390 264 1468 317 μὲν
1494 263 1541 304 ἐκ
1555 267 1635 304 A.C.
1656 267 1744 312 1³43

100 340 173 394 τῆς
202 334 378 391 περαίας
399 334 707 390 παρετάσσοντο
727 333 786 382 ὥς
805 329 1060 381 κωλύσοντες
1077 330 1151 373 καὶ
1166 333 1331 384 βέλεσιν
1362 330 1546 384 ἐχρῶντο

102 400 341 459 πόρ’ῥωθεν.
396 397 597 454 βασιλεύς
625 401 671 441 δὲ
698 396 802 451 μετὰ
834 400 917 440 τῶν
945 397 1131 452 ἀρίστων
1156 395 1267 453 ὁρμῇ
1283 392 1547 451 χρησάμενοι

101 465 328 524 παραβόλῳ
358 467 433 507 καί
453 463 658 518 σωμάτων
686 461 1017 520 ἀφειδήσαντες,
1048 463 1256 516 διέβαινον
1295 458 1547 515 βαλλόμενοι

74 532 174 576 5καί
213 530 490 585 κωλυόμενοι,
537 530 594 580 ὥς
623 532 744 587 ἐνῆν,
785 527 867 571 ὑπὸ
905 531 986 571 τῶν
1029 528 1264 583 Τριβαλῶν.
1319 524 1547 579 διαβάντας

101 601 149 642 δὲ
192 599 419 651 ὑπέμειναν
461 597 556 639 οὐδ’
588 597 661 638 ε’πὶ
702 594 878 651 μικρὸν,
906 631 908 633 .
936 591 1029 637 ἀλλ’
1067 592 1246 650 ἔφευγον
1292 589 1547 648 τραπόμενοι

99 662 206 706 κατὰ
248 662 406 718 κράτος.
434 660 634 717 βασιλεῦς
655 663 702 704 δὲ
724 656 812 703 οὔτ’
842 658 1078 702 ἐπιδιώκειν
1103 656 1171 701 εἴα
1189 693 1202 713 ,
1236 651 1328 700 οὕτε
1357 655 1549 698 ἀποκτεί-

99 745 214 784 νειν,
242 725 412 783 ἄγνοιαν
444 730 519 783 τῆς
552 728 776 783 ἐπιβουλῆς
790 723 1132 782 ὖποκρινάμενος.
1158 721 1347 778 ἐβούλετο
1362 720 1443 778 γὰρ
1472 739 1552 777 μη-

100 796 248 848 δεμιάν
262 793 412 853 Κράλῃ
429 794 534 850 πρὸς
550 793 619 837 τὸν
638 792 818 846 πόλεμον
838 790 1055 848 πρόφασιν
1078 792 1292 845 παρέχειν.
1320 788 1346 843 ἦ
1376 789 1423 829 δὲ
1442 783 1546 843 ἄλλη
1561 792 1589 825 C

53 859 284 916 ιοστρατιά
309 861 491 914 διέβαινε
512 858 618 902 κατὰ
639 857 797 914 σχολὴν
821 859 954 913 μηδὲν
979 859 1254 912 ζημιωθεῖσα.
1283 853 1483 908 βασιλεῦς
1502 855 1550 896 δὲ

97 929 329 982 φιλοτίμως
372 925 656 980 ἀμειψάμενος
709 926 780 967 τὸν
827 920 1087 980 ἡγησάμενον
1131 921 1234 977 πρὸς
1273 919 1349 964 τόν
1385 917 1550 977 πόρον,

96 990 200 1047 πρὸς
225 989 440 1047 Βέᾷῥοιαν
473 990 663 1048 ἐπανῄει,
709 988 868 1040 πολλὰς
904 985 1037 1030 αὗτοῦ
1065 1003 1110 1029 τε
1148 990 1223 1029 καί
1248 987 1320 1042 τῆς
1352 988 1552 1040 στρατιᾶς

96 1057 173 1111 τῆς
204 1058 414 1112 σωτηρίας
439 1059 527 1114 θεῷ
553 1054 733 1113 χάριτας
764 1055 1000 1109 ὁμολογῶν·
1030 1056 1076 1096 ἐν
1093 1054 1185 1111 χρῷ
1202 1050 1285 1108 γάρ
1312 1051 1427 1108 εἴπερ
1449 1054 1551 1094 ποτὲ

97 1126 356 1178 κατέστησαν
385 1122 594 1168 κινδύνου.
649 1123 723 1177 τῆς
753 1118 886 1176 αὐτῆς
916 1122 964 1162 δὲ
1004 1117 1166 1174 ἡμέρας
1192 1118 1265 1161 καί
1295 1114 1322 1171 ἦ
1356 1120 1402 1160 ἐκ
1433 1114 1552 1174 Θρᾴ-

50 1191 174 1242 15κης
204 1188 278 1230 καί
306 1187 577 1238 Μακεδονίας
607 1187 787 1244 στρατιὰ
829 1184 920 1240 ἅμα
955 1192 1043 1235 τοῖς
1071 1186 1117 1226 ἐκ
1147 1187 1232 1226 τῶν
1267 1183 1474 1239 τριηρέων
1506 1179 1554 1222 ὄ-

95 1255 261 1303 πλίταις
289 1254 364 1296 καὶ
392 1258 534 1308 ψιλοῖς
566 1254 640 1295 καί
670 1254 864 1308 Πέρσαις
889 1257 978 1300 τοῖς
1006 1250 1251 1304 συμμάχοις
1278 1247 1383 1304 πρὸς
1414 1249 1553 1298 Ἀξει-

95 1318 141 1361 ὸν
174 1314 273 1375 ἧκον
305 1321 377 1361 ἐπὶ
403 1321 596 1372 βασιλέα.
651 1317 887 1372 πυθόμενοι
916 1319 992 1370 δὲ,
1025 1315 1084 1366 ὥς
1121 1314 1274 1369 διαβὰς
1300 1313 1408 1370 πρὸς
1441 1309 1553 1370 Bag}-

96 1383 218 1440 ᾆοιαν
249 1385 499 1440 ἐπανέλθοι,
540 1385 803 1442 ὑπέστρεφον
846 1385 906 1433 εἷς
949 1382 1256 1437 Θεσσαλονίκην
1300 1378 1547 1434 οἷνιώμενοι,

97 1446 164 1492 ὅτι
209 1449 500 1505 ὖστερήσειαν.
570 1449 768 1505 βασιλεύς
808 1466 852 1492 τε
892 1446 989 1491 τότε
1045 1450 1206 1502 μᾶλλον
1254 1447 1553 1502 ἀκριβέστερον
1570 1456 1613 1490 V.
1626 1455 1693 1502 442

45 1515 288 1570 aoo'vveaipa
316 1514 389 1570 την
417 1517 516 1571 περὶ
541 1513 672 1558 αὐτὸν
703 1512 904 1571 πρόνοιαν
933 1517 1012 1556 τοῦ
1031 1514 1148 1559 θεοῦ,
1204 1513 1299 1554 ἐπεὶ
1318 1514 1364 1554 δὲ
1381 1513 1590 1566 ἐγένετοῡ

101 1583 147 1624 ἐν
183 1580 395 1639 Βεῤῥοία,
434 1580 681 1636 Γερμανούς
714 1582 789 1636 τῆς
816 1582 876 1630 εἷς
905 1579 1035 1622 αὐτὸν
1062 1579 1225 1628 εὐνοίας
1253 1579 1551 1631 α’μειψάμενος

98 1643 382 1701 εὐεργεσίαις,
429 1649 670 1700 α’πέπεμπεν
703 1649 764 1696 εἰς
791 1643 969 1701 Κράλην
1003 1647 1077 1687 καί
1104 1643 1204 1693 τούς
1231 1643 1330 1700 περὶ
1352 1643 1428 1698 τήν
1456 1643 1553 1686 διά-

97 1716 224 1768 βασιν
259 1709 433 1764 Ἀξειοῦ
474 1711 711 1761 κωλύοντας
752 1710 1053 1767 προσήγγελλεν
1081 1709 1140 1760 ὥς
1165 1707 1450 1764 ἀδικήσαντας
1479 1710 1554 1750 καί

97 1777 214 1836 παρὰ
243 1777 321 1829 τὰς
348 1778 529 1829 σπονδὰς
556 1778 630 1820 καί
653 1777 750 1828 τούς
776 1774 924 1835 ὅρκους
952 1775 1092 1819 αὐτῶν
1120 1778 1219 1824 τούς
1247 1776 1307 1824 εἷς
1338 1772 1546 1829 ἀλλήλους

95 1933 259 1968 Triballi
283 1937 382 1968 trans
407 1933 557 1968 fluvium
580 1934 626 1966 ad
647 1931 918 1979 prohibendum
943 1942 982 1966 se
1005 1930 1237 1964 instruebant
1260 1935 1298 1964 et
1321 1930 1396 1964 tela
1415 1929 1544 1975 procul

99 1981 327 2027 spargebant.
375 1982 423 2015 At
446 1982 642 2028 imperator
667 1992 748 2013 cum
774 1978 982 2014 fortissimis
1021 1976 1152 2010 audaci
1191 1978 1329 2022 impetu
1375 1981 1542 2010 contem*

99 2029 248 2074 ptisque
287 2028 529 2072 corporibus,
562 2027 738 2062 Triballis
774 2024 1042 2066 iaculantibus,
1080 2029 1332 2070 quantumque
1370 2027 1543 2068 poterant

99 2073 402 2119 prohibentibus,
427 2075 591 2108 transiit:
617 2086 706 2121 quos
730 2073 853 2106 hostes
875 2083 942 2106 uec
964 2071 1009 2105 ad
1037 2075 1211 2116 punctum
1235 2070 1408 2115 temporis
1430 2070 1544 2103 susti-

99 2127 254 2161 nentes,
291 2122 330 2154 in
364 2121 485 2165 fugam
522 2132 561 2154 se
594 2119 762 2154 omnibus
789 2121 908 2153 nervis
934 2118 1175 2155 tradiderunt,
1221 2117 1426 2161 Imperator
1450 2115 1544 2149 insi-

101 2166 241 2200 diarum
268 2167 496 2212 ignoratione
524 2168 717 2208 simulata,
766 2177 834 2199 nec
860 2167 1006 2211 insequi
1031 2176 1136 2205 sum,
1160 2175 1228 2197 nec
1253 2163 1418 2197 occidere
1444 2162 1545 2206 fugi-

102 2219 204 2248 entes
238 2214 401 2256 sinebat‚
436 2214 536 2260 quod
569 2215 708 2247 nullam
733 2212 831 2246 Crali
854 2224 1033 2247 armorum
1058 2211 1284 2245 occasionem
1311 2210 1397 2243 dare
1420 2209 1545 2246 vellet.

101 2261 296 2307 Reliquum
331 2271 458 2306 agmen
488 2261 666 2306 paulatim
699 2265 736 2295 et
767 2260 869 2293 nullo
905 2271 985 2292 cum
1021 2258 1150 2292 damno
1196 2257 1386 2290 transibat.
1448 2256 1544 2289 Tum

102 2308 301 2352 imperator
325 2307 482 2341 indicem
507 2307 590 2341 vadi
616 2307 816 2340 honorifice
842 2310 1090 2340 remuneratus
1106 2330 1116 2345 ,
1135 2303 1352 2337 Berrhoeam
1377 2313 1414 2335 se
1441 2306 1543 2334 retu-

100 2354 164 2393 lit,
189 2353 236 2387 ob
263 2365 363 2387 suam
387 2354 617 2400 militumque
644 2355 796 2387 salutem
821 2354 899 2387 Deo
927 2352 1055 2396 gratias
1082 2362 1213 2397 agens:
1241 2350 1404 2394 periculo
1430 2349 1540 2389 enim,

102 2401 134 2434 si
161 2412 319 2445 unquam
345 2401 455 2442 alias,
479 2402 633 2445 proximi
658 2401 813 2434 fuerant.
874 2400 1010 2433 Eodem
1037 2398 1097 2431 die
1135 2398 1244 2430 etiam
1272 2407 1291 2429 e
1315 2395 1470 2431 Thracia
1504 2400 1542 2428 et

102 2447 317 2481 Macedonia
341 2447 555 2492 conscripti,
579 2448 689 2480 simul
713 2458 793 2480 cum
817 2447 1011 2480 classiariis
1038 2445 1228 2489 utriusque
1263 2449 1464 2477 armaturae
1503 2447 1543 2475 et

102 2495 218 2528 Persis
270 2494 473 2527 auxiliariis
514 2493 558 2526 ad
598 2495 727 2526 Axium
763 2492 986 2533 adveniunt,
1038 2491 1294 2535 imperatorem
1330 2490 1541 2535 aggressuri,

105 2540 225 2586 Quem
249 2540 396 2574 flumine
422 2541 572 2573 transito
601 2539 815 2574 Berrhoeam
839 2550 1020 2573 reversum
1055 2537 1244 2571 audientes
1261 2561 1272 2578 ,
1307 2535 1550 2571 Thessaloni-⁷*

106 2599 184 2620 eam
208 2587 358 2627 moesti,
382 2585 480 2631 quod
506 2588 619 2620 serius
648 2588 856 2626 affuissent,
882 2591 1075 2620 retrorsum
1101 2583 1282 2620 abierunt.
1343 2584 1543 2627 Imperator

105 2639 182 2667 tum
217 2645 237 2666 a
271 2634 349 2668 Deo
386 2644 423 2666 se
460 2644 533 2666 non
566 2634 718 2687 negligi,
762 2631 988 2666 manifestius
1031 2630 1221 2674 cognovit,
1271 2634 1309 2664 et
1344 2627 1543 2663 Berrhoeae

106 2680 302 2713 Germanos
351 2690 416 2723 pro
455 2690 579 2713 eorum
617 2691 656 2713 1n
701 2692 739 2714 se
772 2678 1029 2712 benevolentia
1065 2677 1248 2721 congiario
1281 2675 1458 2716 donatos,
1496 2673 1543 2707 ad

107 2725 245 2760 Cralem
271 2726 428 2760 dimisit:
455 2727 592 2771 quique
618 2728 746 2761 Axium
775 2725 981 2759 transituris
1008 2723 1253 2763 obstitissent,
1293 2734 1354 2757 eos
1378 2733 1443 2768 pro
1484 2721 1542 2754 in-

105 2773 210 2811 iuriis
243 2772 474 2819 foederisque
506 2774 602 2808 inter
634 2772 757 2808 ambos
795 2772 923 2807 sanciti
962 2769 1199 2807 violatoribus
1223 2769 1370 2810 detulit,
1418 2767 1540 2802 ctales
