<?xml version="1.0" encoding="UTF-8"?>
<!DOCTYPE html PUBLIC "-//W3C//DTD XHTML 1.0 Transitional//EN"
    "http://www.w3.org/TR/xhtml1/DTD/xhtml1-transitional.dtd">
<html xmlns="http://www.w3.org/1999/xhtml" xml:lang="en" lang="en">
 <head>
  <title>
</title>
<meta http-equiv="Content-Type" content="text/html;charset=utf-8" />
  <meta name='ocr-system' content='tesseract 3.04.00' />
  <meta name='ocr-capabilities' content='ocr_page ocr_carea ocr_par ocr_line ocrx_word'/>
</head>
<body>
  <div class='ocr_page' id='page_1' title='image "./corpusscriptorum24niebuoft_0569.png"; bbox 0 0 1820 3152; ppageno 0'>
   <div class='ocr_carea' id='block_1_1' title="bbox 490 146 1510 213">
    <p class='ocr_par' dir='ltr' id='par_1_1' title="bbox 490 146 1510 213">
     <span class='ocr_line' id='line_1_1' title="bbox 490 146 1510 213; baseline -0.012 -1"><span class='ocrx_word' id='word_1_1' title='bbox 490 167 867 212; x_wconf 73' lang='lat' dir='ltr'><strong>nrs‘romAmm</strong></span> <span class='ocrx_word' id='word_1_2' title='bbox 906 168 978 210; x_wconf 85' lang='lat'>111.</span> <span class='ocrx_word' id='word_1_3' title='bbox 1016 168 1088 213; x_wconf 85' lang='lat'><strong>90.</strong></span> <span class='ocrx_word' id='word_1_4' title='bbox 1400 146 1510 202; x_wconf 54' lang='lat'><strong>55⁹1</strong></span> 
     </span>
    </p>
   </div>
   <div class='ocr_carea' id='block_1_2' title="bbox 1486 198 1501 221">
    <p class='ocr_par' dir='ltr' id='par_1_2' title="bbox 1486 198 1501 221">
     <span class='ocr_line' id='line_1_2' title="bbox 1486 198 1501 221; baseline 0 0"><span class='ocrx_word' id='word_1_5' title='bbox 1486 198 1501 221; x_wconf 79' lang='grc' dir='ltr'><strong><em>Ι</em></strong></span> 
     </span>
    </p>
   </div>
   <div class='ocr_carea' id='block_1_3' title="bbox 25 266 1711 1842">
    <p class='ocr_par' dir='ltr' id='par_1_3' title="bbox 25 266 1711 1842">
     <span class='ocr_line' id='line_1_3' title="bbox 72 266 1711 330; baseline -0.002 -16"><span class='ocrx_word' id='word_1_6' title='bbox 72 272 120 314; x_wconf 77' lang='grc' dir='ltr'><strong>δὲ</strong></span> <span class='ocrx_word' id='word_1_7' title='bbox 148 269 404 330; x_wconf 70' lang='grc' dir='ltr'><em>αΰτῷἸέραξ</em></span> <span class='ocrx_word' id='word_1_8' title='bbox 422 286 468 313; x_wconf 86' lang='grc' dir='ltr'><strong>τε</strong></span> <span class='ocrx_word' id='word_1_9' title='bbox 497 273 570 314; x_wconf 80' lang='grc' dir='ltr'><strong>τὸν</strong></span> <span class='ocrx_word' id='word_1_10' title='bbox 600 273 646 314; x_wconf 78' lang='grc' dir='ltr'><strong>ἐκ</strong></span> <span class='ocrx_word' id='word_1_11' title='bbox 669 269 976 328; x_wconf 81' lang='grc' dir='ltr'><em>Τζερνομιὰνου</em></span> <span class='ocrx_word' id='word_1_12' title='bbox 994 266 1123 323; x_wconf 83' lang='grc' dir='ltr'><em>λόχον</em></span> <span class='ocrx_word' id='word_1_13' title='bbox 1151 266 1290 324; x_wconf 75' lang='grc' dir='ltr'><em>ἄγων,</em></span> <span class='ocrx_word' id='word_1_14' title='bbox 1324 266 1396 310; x_wconf 79' lang='grc' dir='ltr'><strong><em>καί</em></strong></span> <span class='ocrx_word' id='word_1_15' title='bbox 1412 271 1605 310; x_wconf 64' lang='lat' dir='ltr'><strong>Ila-Ae</strong></span> <span class='ocrx_word' id='word_1_16' title='bbox 1625 275 1711 320; x_wconf 73' lang='lat'><strong>1346</strong></span> 
     </span>
     <span class='ocr_line' id='line_1_4' title="bbox 71 331 1514 395; baseline -0.002 -15"><span class='ocrx_word' id='word_1_17' title='bbox 71 337 358 394; x_wconf 82' lang='grc' dir='ltr'><em>ρασπόνδυλος</em></span> <span class='ocrx_word' id='word_1_18' title='bbox 374 353 387 365; x_wconf 84' lang='grc'><em>·</em></span> <span class='ocrx_word' id='word_1_19' title='bbox 438 331 471 395; x_wconf 80' lang='grc' dir='ltr'><em>ᾧ</em></span> <span class='ocrx_word' id='word_1_20' title='bbox 505 339 780 392; x_wconf 76' lang='grc' dir='ltr'><strong><em>προσέταττεν</em></strong></span> <span class='ocrx_word' id='word_1_21' title='bbox 814 338 837 378; x_wconf 79' lang='grc' dir='ltr'>ὅ</span> <span class='ocrx_word' id='word_1_22' title='bbox 869 335 1069 390; x_wconf 74' lang='grc' dir='ltr'><em>βασιλεῦς</em></span> <span class='ocrx_word' id='word_1_23' title='bbox 1109 333 1208 385; x_wconf 75' lang='grc' dir='ltr'><strong>τούς</strong></span> <span class='ocrx_word' id='word_1_24' title='bbox 1236 336 1514 390; x_wconf 50' lang='grc' dir='ltr'><em>στρατευομέ*</em></span> 
     </span>
     <span class='ocr_line' id='line_1_5' title="bbox 70 399 1518 459; baseline -0.004 -12"><span class='ocrx_word' id='word_1_25' title='bbox 70 420 171 453; x_wconf 83' lang='grc' dir='ltr'><em>νους</em></span> <span class='ocrx_word' id='word_1_26' title='bbox 201 402 318 446; x_wconf 68' lang='grc' dir='ltr'><em>κατὰ»</em></span> <span class='ocrx_word' id='word_1_27' title='bbox 338 402 414 458; x_wconf 78' lang='grc' dir='ltr'><strong>τήν</strong></span> <span class='ocrx_word' id='word_1_28' title='bbox 449 404 677 458; x_wconf 76' lang='grc' dir='ltr'><em>Ἀδριανοῦ</em></span> <span class='ocrx_word' id='word_1_29' title='bbox 720 406 879 459; x_wconf 78' lang='grc' dir='ltr'><em>πάντας</em></span> <span class='ocrx_word' id='word_1_30' title='bbox 919 399 1034 458; x_wconf 71' lang='grc' dir='ltr'><em>ἄγειν</em></span> <span class='ocrx_word' id='word_1_31' title='bbox 1065 400 1173 457; x_wconf 80' lang='grc' dir='ltr'><em>πλὴν</em></span> <span class='ocrx_word' id='word_1_32' title='bbox 1222 399 1396 456; x_wconf 77' lang='grc' dir='ltr'><em>Βράνου</em></span> <span class='ocrx_word' id='word_1_33' title='bbox 1444 399 1518 442; x_wconf 78' lang='grc' dir='ltr'><em>καὶ</em></span> 
     </span>
     <span class='ocr_line' id='line_1_6' title="bbox 72 463 1517 526; baseline -0.004 -13"><span class='ocrx_word' id='word_1_34' title='bbox 72 471 346 526; x_wconf 84' lang='grc' dir='ltr'><em>Μουγδουφῆ</em></span> <span class='ocrx_word' id='word_1_35' title='bbox 387 485 456 510; x_wconf 89' lang='grc' dir='ltr'><strong>και</strong></span> <span class='ocrx_word' id='word_1_36' title='bbox 503 469 854 525; x_wconf 78' lang='grc' dir='ltr'><em>Φραγγοπούλου,</em></span> <span class='ocrx_word' id='word_1_37' title='bbox 902 470 947 511; x_wconf 82' lang='grc' dir='ltr'><strong>οὶ</strong></span> <span class='ocrx_word' id='word_1_38' title='bbox 975 471 1048 524; x_wconf 81' lang='grc' dir='ltr'><strong>τῆς</strong></span> <span class='ocrx_word' id='word_1_39' title='bbox 1084 470 1129 510; x_wconf 80' lang='grc' dir='ltr'><strong>ἐν</strong></span> <span class='ocrx_word' id='word_1_40' title='bbox 1178 467 1288 523; x_wconf 71' lang='grc' dir='ltr'><em>αὔτῇ</em></span> <span class='ocrx_word' id='word_1_41' title='bbox 1330 463 1517 516; x_wconf 76' lang='grc' dir='ltr'><em>στάσεως</em></span> 
     </span>
     <span class='ocr_line' id='line_1_7' title="bbox 46 531 1516 616; baseline -0.004 -36"><span class='ocrx_word' id='word_1_42' title='bbox 46 533 204 594; x_wconf 76' lang='grc' dir='ltr'><em>ὄῆρξαν</em></span> <span class='ocrx_word' id='word_1_43' title='bbox 234 535 407 591; x_wconf 76' lang='grc' dir='ltr'><em>πρώτως</em></span> <span class='ocrx_word' id='word_1_44' title='bbox 462 553 533 578; x_wconf 84' lang='grc' dir='ltr'><strong>και</strong></span> <span class='ocrx_word' id='word_1_45' title='bbox 575 533 751 585; x_wconf 79' lang='grc' dir='ltr'><em>πολλοὺς</em></span> <span class='ocrx_word' id='word_1_46' title='bbox 782 537 1045 616; x_wconf 37' lang='grc' dir='ltr'><strong>Α,διέφθειραν</strong></span> <span class='ocrx_word' id='word_1_47' title='bbox 1086 551 1171 577; x_wconf 86' lang='grc' dir='ltr'><strong>των</strong></span> <span class='ocrx_word' id='word_1_48' title='bbox 1218 531 1516 590; x_wconf 86' lang='grc' dir='ltr'><em>προσεχόντων</em></span> 
     </span>
     <span class='ocr_line' id='line_1_8' title="bbox 72 597 1517 659; baseline -0.003 -14"><span class='ocrx_word' id='word_1_49' title='bbox 72 606 250 657; x_wconf 86' lang='grc' dir='ltr'><em>βασιλεῖ.</em></span> <span class='ocrx_word' id='word_1_50' title='bbox 305 599 457 652; x_wconf 81' lang='grc' dir='ltr'><em>σκοπὸς</em></span> <span class='ocrx_word' id='word_1_51' title='bbox 497 604 545 645; x_wconf 81' lang='grc' dir='ltr'><strong>δὲ</strong></span> <span class='ocrx_word' id='word_1_52' title='bbox 587 597 641 658; x_wconf 82' lang='grc' dir='ltr'><strong>ἦν</strong></span> <span class='ocrx_word' id='word_1_53' title='bbox 687 602 803 659; x_wconf 68' lang='grc' dir='ltr'><em>αὐτῷ</em></span> <span class='ocrx_word' id='word_1_54' title='bbox 821 633 833 655; x_wconf 86' lang='lat'>,</span> <span class='ocrx_word' id='word_1_55' title='bbox 877 600 946 643; x_wconf 77' lang='grc' dir='ltr'><strong>ἵνα</strong></span> <span class='ocrx_word' id='word_1_56' title='bbox 987 599 1047 656; x_wconf 81' lang='grc' dir='ltr'><strong>μὴ</strong></span> <span class='ocrx_word' id='word_1_57' title='bbox 1097 601 1237 655; x_wconf 85' lang='grc' dir='ltr'><em>δοκοίη</em></span> <span class='ocrx_word' id='word_1_58' title='bbox 1279 597 1351 641; x_wconf 79' lang='grc' dir='ltr'><em>διὰ</em></span> <span class='ocrx_word' id='word_1_59' title='bbox 1385 598 1517 655; x_wconf 81' lang='grc' dir='ltr'><em>φόβον</em></span> 
     </span>
     <span class='ocr_line' id='line_1_9' title="bbox 53 665 1555 725; baseline -0.002 -13.96"><span class='ocrx_word' id='word_1_60' title='bbox 53 671 327 725; x_wconf 68' lang='grc' dir='ltr'><strong><em>ἐφέλκεσθαι</em></strong></span> <span class='ocrx_word' id='word_1_61' title='bbox 359 669 449 725; x_wconf 85' lang='grc' dir='ltr'><em>εἰκῇ</em></span> <span class='ocrx_word' id='word_1_62' title='bbox 481 685 552 710; x_wconf 84' lang='grc' dir='ltr'><strong>και</strong></span> <span class='ocrx_word' id='word_1_63' title='bbox 583 667 730 723; x_wconf 81' lang='grc' dir='ltr'><em>μάτην·</em></span> <span class='ocrx_word' id='word_1_64' title='bbox 760 666 864 723; x_wconf 86' lang='grc' dir='ltr'><em>πρὸς</em></span> <span class='ocrx_word' id='word_1_65' title='bbox 893 665 971 721; x_wconf 77' lang='grc' dir='ltr'><strong>γὰρ</strong></span> <span class='ocrx_word' id='word_1_66' title='bbox 1006 667 1221 720; x_wconf 80' lang='grc' dir='ltr'><strong><em>στρατείας</em></strong></span> <span class='ocrx_word' id='word_1_67' title='bbox 1251 666 1555 708; x_wconf 75' lang='grc' dir='ltr'><em>παντάπασινῦ</em></span> 
     </span>
     <span class='ocr_line' id='line_1_10' title="bbox 77 728 1519 789; baseline -0.003 -13"><span class='ocrx_word' id='word_1_68' title='bbox 77 732 305 789; x_wconf 82' lang='grc' dir='ltr'><em>ανάσκητοι</em></span> <span class='ocrx_word' id='word_1_69' title='bbox 346 735 495 776; x_wconf 78' lang='grc' dir='ltr'><em>ἐκεῖνοι</em></span> <span class='ocrx_word' id='word_1_70' title='bbox 550 728 658 788; x_wconf 79' lang='grc' dir='ltr'><em>ἦσαν</em></span> <span class='ocrx_word' id='word_1_71' title='bbox 710 750 780 774; x_wconf 84' lang='grc' dir='ltr'><strong>και</strong></span> <span class='ocrx_word' id='word_1_72' title='bbox 829 729 1001 782; x_wconf 86' lang='grc' dir='ltr'><em>ουδενὸς</em></span> <span class='ocrx_word' id='word_1_73' title='bbox 1046 747 1216 786; x_wconf 88' lang='grc' dir='ltr'><em>αμεινον</em></span> <span class='ocrx_word' id='word_1_74' title='bbox 1267 731 1519 784; x_wconf 70' lang='grc' dir='ltr'><strong>διακείμενοι</strong></span> 
     </span>
     <span class='ocr_line' id='line_1_11' title="bbox 75 791 1521 852; baseline -0.003 -10"><span class='ocrx_word' id='word_1_75' title='bbox 75 802 158 842; x_wconf 78' lang='grc' dir='ltr'><strong>τῶν</strong></span> <span class='ocrx_word' id='word_1_76' title='bbox 190 800 291 841; x_wconf 71' lang='grc' dir='ltr'><em>οὐδὲ</em></span> <span class='ocrx_word' id='word_1_77' title='bbox 323 796 350 840; x_wconf 74' lang='grc' dir='ltr'>ὅ</span> <span class='ocrx_word' id='word_1_78' title='bbox 347 815 405 852; x_wconf 86' lang='grc' dir='ltr'><strong>,τι</strong></span> <span class='ocrx_word' id='word_1_79' title='bbox 436 801 534 842; x_wconf 84' lang='grc' dir='ltr'><em>ποτέ</em></span> <span class='ocrx_word' id='word_1_80' title='bbox 566 802 672 842; x_wconf 88' lang='grc' dir='ltr'><em>εἰσιν</em></span> <span class='ocrx_word' id='word_1_81' title='bbox 702 797 875 842; x_wconf 78' lang='grc' dir='ltr'><em>εἰδότων</em></span> <span class='ocrx_word' id='word_1_82' title='bbox 907 795 1031 840; x_wconf 87' lang='grc' dir='ltr'><em>οπλα.</em></span> <span class='ocrx_word' id='word_1_83' title='bbox 1086 796 1284 852; x_wconf 78' lang='grc' dir='ltr'><em>βασιλεὺς</em></span> <span class='ocrx_word' id='word_1_84' title='bbox 1324 799 1402 851; x_wconf 83' lang='grc' dir='ltr'><strong>μὲν</strong></span> <span class='ocrx_word' id='word_1_85' title='bbox 1444 791 1521 838; x_wconf 85' lang='grc' dir='ltr'><strong>ουν</strong></span> 
     </span>
     <span class='ocr_line' id='line_1_12' title="bbox 27 861 1520 922; baseline -0.003 -14"><span class='ocrx_word' id='word_1_86' title='bbox 27 863 273 922; x_wconf 74' lang='grc' dir='ltr'><em>ιοτοιαύτην</em></span> <span class='ocrx_word' id='word_1_87' title='bbox 308 863 477 921; x_wconf 77' lang='grc' dir='ltr'><em>γνώμην</em></span> <span class='ocrx_word' id='word_1_88' title='bbox 508 865 636 920; x_wconf 83' lang='grc' dir='ltr'><em>ἔχων,</em></span> <span class='ocrx_word' id='word_1_89' title='bbox 684 866 846 907; x_wconf 77' lang='grc' dir='ltr'><em>ἐκέλευε</em></span> <span class='ocrx_word' id='word_1_90' title='bbox 875 861 1227 922; x_wconf 75' lang='grc' dir='ltr'><em>Παρασπονδύλῳ</em></span> <span class='ocrx_word' id='word_1_91' title='bbox 1255 866 1416 919; x_wconf 81' lang='grc' dir='ltr'><em>μηδένα</em></span> <span class='ocrx_word' id='word_1_92' title='bbox 1435 863 1520 905; x_wconf 73' lang='grc' dir='ltr'><strong>τῶν</strong></span> 
     </span>
     <span class='ocr_line' id='line_1_13' title="bbox 75 925 1521 988; baseline -0.003 -14"><span class='ocrx_word' id='word_1_93' title='bbox 75 934 204 988; x_wconf 81' lang='grc' dir='ltr'><em>τριῶν</em></span> <span class='ocrx_word' id='word_1_94' title='bbox 237 933 403 974; x_wconf 80' lang='grc' dir='ltr'><em>ἐκείνων</em></span> <span class='ocrx_word' id='word_1_95' title='bbox 436 926 576 986; x_wconf 71' lang='grc' dir='ltr'><em>ἄγειν·</em></span> <span class='ocrx_word' id='word_1_96' title='bbox 603 933 758 980; x_wconf 79' lang='grc' dir='ltr'><em>ἐκεῖνος</em></span> <span class='ocrx_word' id='word_1_97' title='bbox 790 931 851 984; x_wconf 82' lang='grc' dir='ltr'><strong>δὲ,</strong></span> <span class='ocrx_word' id='word_1_98' title='bbox 884 930 943 980; x_wconf 76' lang='grc' dir='ltr'><strong>ὥς</strong></span> <span class='ocrx_word' id='word_1_99' title='bbox 972 928 1121 984; x_wconf 74' lang='grc' dir='ltr'><em>ἔλεγεν,</em></span> <span class='ocrx_word' id='word_1_100' title='bbox 1139 925 1300 984; x_wconf 80' lang='grc' dir='ltr'><em>ἆγνοῶν</em></span> <span class='ocrx_word' id='word_1_101' title='bbox 1331 925 1431 988; x_wconf 71' lang='grc' dir='ltr'><em>ὅθεν</em></span> <span class='ocrx_word' id='word_1_102' title='bbox 1461 929 1521 976; x_wconf 81' lang='grc' dir='ltr'><strong>εἷς</strong></span> 
     </span>
     <span class='ocr_line' id='line_1_14' title="bbox 76 992 1523 1052; baseline -0.004 -11"><span class='ocrx_word' id='word_1_103' title='bbox 76 1000 199 1041; x_wconf 82' lang='grc' dir='ltr'><em>τοῦτο</em></span> <span class='ocrx_word' id='word_1_104' title='bbox 233 999 459 1052; x_wconf 75' lang='grc' dir='ltr'><em>ἐναχθε-ίη,</em></span> <span class='ocrx_word' id='word_1_105' title='bbox 500 995 574 1039; x_wconf 83' lang='grc' dir='ltr'><strong>τὸν</strong></span> <span class='ocrx_word' id='word_1_106' title='bbox 611 995 964 1052; x_wconf 80' lang='grc' dir='ltr'><em>Φραγγόπουλον,</em></span> <span class='ocrx_word' id='word_1_107' title='bbox 1000 995 1136 1038; x_wconf 87' lang='grc' dir='ltr'><em>καίτοι</em></span> <span class='ocrx_word' id='word_1_108' title='bbox 1167 997 1371 1037; x_wconf 77' lang='grc' dir='ltr'><em>νοσοῦντα</em></span> <span class='ocrx_word' id='word_1_109' title='bbox 1398 992 1523 1037; x_wconf 85' lang='grc' dir='ltr'><em>νόσον</em></span> 
     </span>
     <span class='ocr_line' id='line_1_15' title="bbox 78 1057 1523 1119; baseline -0.003 -13"><span class='ocrx_word' id='word_1_110' title='bbox 78 1061 240 1118; x_wconf 73' lang='grc' dir='ltr'><em>δεινὴν,</em></span> <span class='ocrx_word' id='word_1_111' title='bbox 273 1065 549 1119; x_wconf 84' lang='grc' dir='ltr'><em>(ε’ρὺσίπελας</em></span> <span class='ocrx_word' id='word_1_112' title='bbox 566 1063 646 1118; x_wconf 83' lang='grc' dir='ltr'><strong>γὰρ</strong></span> <span class='ocrx_word' id='word_1_113' title='bbox 675 1057 767 1118; x_wconf 78' lang='grc' dir='ltr'><em>ἦν,)</em></span> <span class='ocrx_word' id='word_1_114' title='bbox 799 1061 1008 1118; x_wconf 77' lang='grc' dir='ltr'><em>ἠνάγκασε</em></span> <span class='ocrx_word' id='word_1_115' title='bbox 1029 1063 1309 1103; x_wconf 73' lang='grc' dir='ltr'><em>συνέπεσθαι·</em></span> <span class='ocrx_word' id='word_1_116' title='bbox 1340 1058 1388 1102; x_wconf 84' lang='grc' dir='ltr'><strong>ὃν</strong></span> <span class='ocrx_word' id='word_1_117' title='bbox 1419 1059 1523 1102; x_wconf 78' lang='grc' dir='ltr'><em>ἰδών</em></span> 
     </span>
     <span class='ocr_line' id='line_1_16' title="bbox 79 1123 1522 1204; baseline -0.003 -33"><span class='ocrx_word' id='word_1_118' title='bbox 79 1129 101 1172; x_wconf 78' lang='grc' dir='ltr'>ὅ</span> <span class='ocrx_word' id='word_1_119' title='bbox 127 1127 325 1183; x_wconf 69' lang='grc' dir='ltr'><em>βασιλεὺς</em></span> <span class='ocrx_word' id='word_1_120' title='bbox 365 1130 674 1183; x_wconf 79' lang='grc' dir='ltr'><em>ἐνδιατρίβοντα</em></span> <span class='ocrx_word' id='word_1_121' title='bbox 708 1130 764 1186; x_wconf 79' lang='grc' dir='ltr'><strong>τῷ</strong></span> <span class='ocrx_word' id='word_1_122' title='bbox 812 1129 1075 1204; x_wconf 78' lang='grc' dir='ltr'><em>στρατοπέδῳ</em></span> <span class='ocrx_word' id='word_1_123' title='bbox 1123 1123 1522 1182; x_wconf 81' lang='grc' dir='ltr'><em>Παρασπονδύλου,</em></span> 
     </span>
     <span class='ocr_line' id='line_1_17' title="bbox 28 1189 1527 1251; baseline -0.003 -14"><span class='ocrx_word' id='word_1_124' title='bbox 28 1194 299 1251; x_wconf 76' lang='grc' dir='ltr'><em>ῐόκατηγόρει</em></span> <span class='ocrx_word' id='word_1_125' title='bbox 342 1192 447 1250; x_wconf 82' lang='grc' dir='ltr'><em>πρὸς</em></span> <span class='ocrx_word' id='word_1_126' title='bbox 491 1191 618 1250; x_wconf 82' lang='grc' dir='ltr'><em>ὄργην</em></span> <span class='ocrx_word' id='word_1_127' title='bbox 661 1209 738 1235; x_wconf 83' lang='grc' dir='ltr'><strong>ουκ</strong></span> <span class='ocrx_word' id='word_1_128' title='bbox 771 1193 991 1235; x_wconf 71' lang='grc' dir='ltr'><em>ἀπείθειαν</em></span> <span class='ocrx_word' id='word_1_129' title='bbox 1020 1192 1174 1246; x_wconf 82' lang='grc' dir='ltr'><em>μόνον,</em></span> <span class='ocrx_word' id='word_1_130' title='bbox 1218 1190 1327 1234; x_wconf 81' lang='grc' dir='ltr'><em>αλλα</em></span> <span class='ocrx_word' id='word_1_131' title='bbox 1361 1209 1432 1234; x_wconf 86' lang='grc' dir='ltr'><strong>και</strong></span> <span class='ocrx_word' id='word_1_132' title='bbox 1468 1189 1527 1233; x_wconf 80' lang='grc' dir='ltr'><strong>ὦ-</strong></span> 
     </span>
     <span class='ocr_line' id='line_1_18' title="bbox 76 1254 1528 1317; baseline -0.003 -14"><span class='ocrx_word' id='word_1_133' title='bbox 76 1261 254 1317; x_wconf 83' lang='grc' dir='ltr'><em>μότητα,</em></span> <span class='ocrx_word' id='word_1_134' title='bbox 301 1257 369 1303; x_wconf 79' lang='grc' dir='ltr'><strong>ὅτι</strong></span> <span class='ocrx_word' id='word_1_135' title='bbox 414 1262 616 1304; x_wconf 78' lang='grc' dir='ltr'><em>νοσοῦντα</em></span> <span class='ocrx_word' id='word_1_136' title='bbox 660 1254 880 1315; x_wconf 80' lang='grc' dir='ltr'><em>ανθρωπον</em></span> <span class='ocrx_word' id='word_1_137' title='bbox 923 1257 1033 1302; x_wconf 75' lang='grc' dir='ltr'><em>οὕτω</em></span> <span class='ocrx_word' id='word_1_138' title='bbox 1084 1259 1229 1308; x_wconf 77' lang='grc' dir='ltr'><em>δεινῶς</em></span> <span class='ocrx_word' id='word_1_139' title='bbox 1276 1274 1368 1313; x_wconf 87' lang='grc' dir='ltr'><em>αγει</em></span> <span class='ocrx_word' id='word_1_140' title='bbox 1420 1257 1528 1315; x_wconf 83' lang='grc' dir='ltr'><em>πρὸς</em></span> 
     </span>
     <span class='ocr_line' id='line_1_19' title="bbox 76 1322 1526 1383; baseline -0.003 -15"><span class='ocrx_word' id='word_1_141' title='bbox 76 1326 123 1368; x_wconf 88' lang='grc' dir='ltr'><strong>τὸ</strong></span> <span class='ocrx_word' id='word_1_142' title='bbox 170 1328 473 1383; x_wconf 84' lang='grc' dir='ltr'><em>στρατόπεδον,</em></span> <span class='ocrx_word' id='word_1_143' title='bbox 522 1327 655 1368; x_wconf 89' lang='grc' dir='ltr'><em>καίτοι</em></span> <span class='ocrx_word' id='word_1_144' title='bbox 694 1328 934 1374; x_wconf 82' lang='grc' dir='ltr'><em>κελευσθεις</em></span> <span class='ocrx_word' id='word_1_145' title='bbox 979 1326 1113 1380; x_wconf 83' lang='grc' dir='ltr'><em>μηδὲν</em></span> <span class='ocrx_word' id='word_1_146' title='bbox 1155 1328 1440 1380; x_wconf 76' lang='grc' dir='ltr'><em>παρενοχλεῖν.</em></span> <span class='ocrx_word' id='word_1_147' title='bbox 1504 1322 1526 1365; x_wconf 79' lang='grc' dir='ltr'><em>ὃ</em></span> 
     </span>
     <span class='ocr_line' id='line_1_20' title="bbox 79 1388 1528 1448; baseline -0.003 -14"><span class='ocrx_word' id='word_1_148' title='bbox 79 1394 126 1435; x_wconf 81' lang='grc' dir='ltr'><strong>δὲ</strong></span> <span class='ocrx_word' id='word_1_149' title='bbox 158 1392 233 1448; x_wconf 77' lang='grc' dir='ltr'><strong>τήν</strong></span> <span class='ocrx_word' id='word_1_150' title='bbox 263 1408 308 1433; x_wconf 91' lang='grc' dir='ltr'><strong>τε</strong></span> <span class='ocrx_word' id='word_1_151' title='bbox 342 1391 564 1434; x_wconf 73' lang='grc' dir='ltr'><em>α’πείθειαν</em></span> <span class='ocrx_word' id='word_1_152' title='bbox 595 1390 801 1445; x_wconf 70' lang='grc' dir='ltr'><em>ὡμολόγει</em></span> <span class='ocrx_word' id='word_1_153' title='bbox 842 1391 915 1433; x_wconf 85' lang='grc' dir='ltr'>καί</span> <span class='ocrx_word' id='word_1_154' title='bbox 961 1388 1209 1446; x_wconf 72' lang='grc' dir='ltr'><em>συγγνώμης</em></span> <span class='ocrx_word' id='word_1_155' title='bbox 1243 1395 1388 1444; x_wconf 82' lang='grc' dir='ltr'><em>τυχεῖν</em></span> <span class='ocrx_word' id='word_1_156' title='bbox 1419 1391 1528 1431; x_wconf 85' lang='grc' dir='ltr'><em>εδεῖ-</em></span> 
     </span>
     <span class='ocr_line' id='line_1_21' title="bbox 78 1453 1559 1513; baseline -0.001 -14"><span class='ocrx_word' id='word_1_157' title='bbox 78 1473 150 1500; x_wconf 87' lang='grc' dir='ltr'><strong>το·</strong></span> <span class='ocrx_word' id='word_1_158' title='bbox 181 1456 391 1513; x_wconf 79' lang='grc' dir='ltr'><em>μηδὲγὰρ</em></span> <span class='ocrx_word' id='word_1_159' title='bbox 422 1457 597 1510; x_wconf 83' lang='grc' dir='ltr'><em>εἰδέναι,</em></span> <span class='ocrx_word' id='word_1_160' title='bbox 631 1453 731 1498; x_wconf 77' lang='grc' dir='ltr'><em>ὅθεν</em></span> <span class='ocrx_word' id='word_1_161' title='bbox 750 1459 936 1511; x_wconf 76' lang='grc' dir='ltr'><em>κινηθείη</em></span> <span class='ocrx_word' id='word_1_162' title='bbox 955 1456 1061 1512; x_wconf 82' lang='grc' dir='ltr'><em>πρὸς</em></span> <span class='ocrx_word' id='word_1_163' title='bbox 1093 1455 1140 1498; x_wconf 89' lang='grc' dir='ltr'>τὸ</span> <span class='ocrx_word' id='word_1_164' title='bbox 1174 1458 1391 1498; x_wconf 85' lang='grc' dir='ltr'><em>τοιοῦτον·</em></span> <span class='ocrx_word' id='word_1_165' title='bbox 1425 1456 1559 1498; x_wconf 80' lang='grc' dir='ltr'><em>καί-Ι)</em></span> 
     </span>
     <span class='ocr_line' id='line_1_22' title="bbox 25 1518 1531 1579; baseline -0.002 -13"><span class='ocrx_word' id='word_1_166' title='bbox 25 1539 144 1566; x_wconf 74' lang='grc' dir='ltr'><strong>2οτοι</strong></span> <span class='ocrx_word' id='word_1_167' title='bbox 172 1526 246 1579; x_wconf 80' lang='grc' dir='ltr'><strong>τῆς</strong></span> <span class='ocrx_word' id='word_1_168' title='bbox 280 1522 501 1579; x_wconf 85' lang='grc' dir='ltr'><em>στρατείας</em></span> <span class='ocrx_word' id='word_1_169' title='bbox 533 1518 756 1578; x_wconf 72' lang='grc' dir='ltr'><em>ἀφεθῆναι</em></span> <span class='ocrx_word' id='word_1_170' title='bbox 788 1521 920 1564; x_wconf 79' lang='grc' dir='ltr'><em>πολλὰ</em></span> <span class='ocrx_word' id='word_1_171' title='bbox 960 1522 1172 1576; x_wconf 79' lang='grc' dir='ltr'><em>δεόμενον,</em></span> <span class='ocrx_word' id='word_1_172' title='bbox 1204 1522 1384 1563; x_wconf 75' lang='grc' dir='ltr'><em>ἕπεσθαι</em></span> <span class='ocrx_word' id='word_1_173' title='bbox 1402 1539 1531 1563; x_wconf 82' lang='grc' dir='ltr'><em>κατα-</em></span> 
     </span>
     <span class='ocr_line' id='line_1_23' title="bbox 77 1585 1532 1644; baseline -0.003 -12"><span class='ocrx_word' id='word_1_174' title='bbox 77 1589 311 1644; x_wconf 79' lang='grc' dir='ltr'><em>ναγκάζειν.</em></span> <span class='ocrx_word' id='word_1_175' title='bbox 346 1587 550 1642; x_wconf 68' lang='grc' dir='ltr'><em>βασιὶεὺς</em></span> <span class='ocrx_word' id='word_1_176' title='bbox 585 1589 632 1629; x_wconf 83' lang='grc' dir='ltr'><strong>δὲ</strong></span> <span class='ocrx_word' id='word_1_177' title='bbox 662 1589 733 1643; x_wconf 82' lang='grc' dir='ltr'><strong>τῆς</strong></span> <span class='ocrx_word' id='word_1_178' title='bbox 763 1585 891 1629; x_wconf 89' lang='grc' dir='ltr'><em>νόσου</em></span> <span class='ocrx_word' id='word_1_179' title='bbox 918 1586 992 1629; x_wconf 91' lang='grc' dir='ltr'><strong>τὸν</strong></span> <span class='ocrx_word' id='word_1_180' title='bbox 1023 1585 1349 1642; x_wconf 84' lang='grc' dir='ltr'><em>Φραγγόπουλον</em></span> <span class='ocrx_word' id='word_1_181' title='bbox 1382 1588 1532 1629; x_wconf 86' lang='grc' dir='ltr'><em>οἰκτεί-</em></span> 
     </span>
     <span class='ocr_line' id='line_1_24' title="bbox 79 1650 1536 1712; baseline -0.003 -15"><span class='ocrx_word' id='word_1_182' title='bbox 79 1672 181 1712; x_wconf 87' lang='grc' dir='ltr'><em>ρας,</em></span> <span class='ocrx_word' id='word_1_183' title='bbox 232 1656 396 1697; x_wconf 80' lang='grc' dir='ltr'><em>ἐκέλευε</em></span> <span class='ocrx_word' id='word_1_184' title='bbox 446 1660 534 1702; x_wconf 87' lang='grc' dir='ltr'><em>τοῖς</em></span> <span class='ocrx_word' id='word_1_185' title='bbox 565 1656 766 1696; x_wconf 81' lang='grc' dir='ltr'><em>συνοῦσιν</em></span> <span class='ocrx_word' id='word_1_186' title='bbox 811 1654 972 1708; x_wconf 82' lang='grc' dir='ltr'><em>ἰατροῖς</em></span> <span class='ocrx_word' id='word_1_187' title='bbox 1003 1650 1203 1709; x_wconf 89' lang='grc' dir='ltr'><em>πρόνοιαν</em></span> <span class='ocrx_word' id='word_1_188' title='bbox 1239 1654 1371 1694; x_wconf 67' lang='grc' dir='ltr'><em>αὐτοῦ</em></span> <span class='ocrx_word' id='word_1_189' title='bbox 1402 1658 1536 1693; x_wconf 77' lang='grc' dir='ltr'><em>ποιεῖ-</em></span> 
     </span>
     <span class='ocr_line' id='line_1_25' title="bbox 82 1712 1533 1775; baseline -0.001 -13"><span class='ocrx_word' id='word_1_190' title='bbox 82 1724 209 1773; x_wconf 74' lang='grc' dir='ltr'><em>σθαι,</em></span> <span class='ocrx_word' id='word_1_191' title='bbox 250 1712 375 1769; x_wconf 68' lang='grc' dir='ltr'><em>αὐτὸς</em></span> <span class='ocrx_word' id='word_1_192' title='bbox 419 1721 465 1762; x_wconf 82' lang='grc' dir='ltr'><strong>δὲ</strong></span> <span class='ocrx_word' id='word_1_193' title='bbox 508 1719 622 1775; x_wconf 75' lang='grc' dir='ltr'><em>παρὰ</em></span> <span class='ocrx_word' id='word_1_194' title='bbox 662 1717 741 1774; x_wconf 80' lang='grc' dir='ltr'><strong>τήν</strong></span> <span class='ocrx_word' id='word_1_195' title='bbox 785 1723 857 1774; x_wconf 83' lang='grc' dir='ltr'><strong>τῆς</strong></span> <span class='ocrx_word' id='word_1_196' title='bbox 889 1720 1096 1775; x_wconf 82' lang='grc' dir='ltr'><em>Καμὴλου</em></span> <span class='ocrx_word' id='word_1_197' title='bbox 1137 1719 1330 1775; x_wconf 83' lang='grc' dir='ltr'><em>γέφυραν</em></span> <span class='ocrx_word' id='word_1_198' title='bbox 1373 1718 1533 1772; x_wconf 73' lang='grc' dir='ltr'><em>ελθιὸν,</em></span> 
     </span>
     <span class='ocr_line' id='line_1_26' title="bbox 83 1781 1534 1842; baseline -0.001 -13"><span class='ocrx_word' id='word_1_199' title='bbox 83 1781 212 1836; x_wconf 78' lang='grc' dir='ltr'><em>αυθις</em></span> <span class='ocrx_word' id='word_1_200' title='bbox 244 1786 619 1842; x_wconf 78' lang='grc' dir='ltr'><em>ἐστρατοπεδεύετο</em></span> <span class='ocrx_word' id='word_1_201' title='bbox 659 1787 734 1828; x_wconf 80' lang='grc' dir='ltr'><em>καί</em></span> <span class='ocrx_word' id='word_1_202' title='bbox 780 1787 981 1841; x_wconf 81' lang='grc' dir='ltr'><em>διελέγετο</em></span> <span class='ocrx_word' id='word_1_203' title='bbox 1015 1784 1159 1842; x_wconf 68' lang='grc' dir='ltr'><em>κρύφα</em></span> <span class='ocrx_word' id='word_1_204' title='bbox 1185 1791 1272 1835; x_wconf 84' lang='grc' dir='ltr'><em>τοῖς</em></span> <span class='ocrx_word' id='word_1_205' title='bbox 1301 1802 1346 1828; x_wconf 88' lang='grc' dir='ltr'><strong>εν</strong></span> <span class='ocrx_word' id='word_1_206' title='bbox 1366 1786 1534 1837; x_wconf 80' lang='grc' dir='ltr'><em>Βυζαν-</em></span> 
     </span>
    </p>
   </div>
   <div class='ocr_carea' id='block_1_4' title="bbox 82 1919 1539 2807">
    <p class='ocr_par' dir='ltr' id='par_1_4' title="bbox 82 1919 1539 2807">
     <span class='ocr_line' id='line_1_27' title="bbox 82 1919 1529 1967; baseline -0.003 -10"><span class='ocrx_word' id='word_1_207' title='bbox 82 1921 271 1957; x_wconf 84' lang='lat' dir='ltr'><strong>cohortem</strong></span> <span class='ocrx_word' id='word_1_208' title='bbox 304 1920 579 1967; x_wconf 82' lang='lat' dir='ltr'><strong>praesidiariam</strong></span> <span class='ocrx_word' id='word_1_209' title='bbox 613 1922 878 1956; x_wconf 87' lang='lat' dir='ltr'><strong>Tzernomiano</strong></span> <span class='ocrx_word' id='word_1_210' title='bbox 918 1920 1118 1961; x_wconf 79' lang='lat' dir='ltr'><strong>adducens,</strong></span> <span class='ocrx_word' id='word_1_211' title='bbox 1153 1926 1191 1954; x_wconf 83' lang='lat' dir='ltr'><strong>et</strong></span> <span class='ocrx_word' id='word_1_212' title='bbox 1222 1919 1529 1965; x_wconf 76' lang='lat' dir='ltr'><strong>Paraspontiylus·</strong></span> 
     </span>
     <span class='ocr_line' id='line_1_28' title="bbox 83 1967 1531 2014; baseline -0.002 -11"><span class='ocrx_word' id='word_1_213' title='bbox 83 1969 143 2003; x_wconf 89' lang='lat' dir='ltr'><strong>cui</strong></span> <span class='ocrx_word' id='word_1_214' title='bbox 186 1968 371 2002; x_wconf 83' lang='lat' dir='ltr'><strong>mandavit</strong></span> <span class='ocrx_word' id='word_1_215' title='bbox 405 1969 622 2014; x_wconf 87' lang='lat' dir='ltr'><strong>imperator,</strong></span> <span class='ocrx_word' id='word_1_216' title='bbox 665 1973 706 2001; x_wconf 84' lang='lat' dir='ltr'><strong>ut</strong></span> <span class='ocrx_word' id='word_1_217' title='bbox 741 1974 917 2013; x_wconf 80' lang='lat' dir='ltr'><strong>quantum</strong></span> <span class='ocrx_word' id='word_1_218' title='bbox 961 1973 1055 2000; x_wconf 83' lang='lat' dir='ltr'><strong>esset</strong></span> <span class='ocrx_word' id='word_1_219' title='bbox 1090 1967 1248 2001; x_wconf 88' lang='lat' dir='ltr'><strong>militum</strong></span> <span class='ocrx_word' id='word_1_220' title='bbox 1281 1968 1531 2011; x_wconf 78' lang='lat' dir='ltr'><strong>Adrianopoli‚</strong></span> 
     </span>
     <span class='ocr_line' id='line_1_29' title="bbox 85 2014 1536 2061; baseline -0.002 -12"><span class='ocrx_word' id='word_1_221' title='bbox 85 2016 236 2050; x_wconf 84' lang='lat' dir='ltr'><strong>duceret</strong></span> <span class='ocrx_word' id='word_1_222' title='bbox 258 2017 590 2061; x_wconf 74' lang='lat' dir='ltr'><strong>praeterBranum‚</strong></span> <span class='ocrx_word' id='word_1_223' title='bbox 618 2014 864 2059; x_wconf 82' lang='lat' dir='ltr'><strong>Mugdupham</strong></span> <span class='ocrx_word' id='word_1_224' title='bbox 898 2020 935 2048; x_wconf 87' lang='lat' dir='ltr'><strong>et</strong></span> <span class='ocrx_word' id='word_1_225' title='bbox 959 2014 1269 2060; x_wconf 83' lang='lat' dir='ltr'><strong>Plrrangopulum,</strong></span> <span class='ocrx_word' id='word_1_226' title='bbox 1298 2015 1433 2060; x_wconf 89' lang='lat' dir='ltr'><strong>primos</strong></span> <span class='ocrx_word' id='word_1_227' title='bbox 1460 2015 1536 2047; x_wconf 85' lang='lat' dir='ltr'><strong>ibi-</strong></span> 
     </span>
     <span class='ocr_line' id='line_1_30' title="bbox 86 2059 1535 2107; baseline -0.002 -10"><span class='ocrx_word' id='word_1_228' title='bbox 86 2059 167 2097; x_wconf 85' lang='lat' dir='ltr'><strong>dem</strong></span> <span class='ocrx_word' id='word_1_229' title='bbox 203 2062 394 2096; x_wconf 79' lang='lat' dir='ltr'><strong>seditionis</strong></span> <span class='ocrx_word' id='word_1_230' title='bbox 425 2069 612 2103; x_wconf 81' lang='lat' dir='ltr'><strong>auctores,</strong></span> <span class='ocrx_word' id='word_1_231' title='bbox 649 2062 920 2107; x_wconf 84' lang='lat' dir='ltr'><strong>multorumque</strong></span> <span class='ocrx_word' id='word_1_232' title='bbox 950 2061 1177 2105; x_wconf 87' lang='lat' dir='ltr'><strong>imperatoris</strong></span> <span class='ocrx_word' id='word_1_233' title='bbox 1207 2061 1451 2095; x_wconf 85' lang='lat' dir='ltr'><strong>studiosorum</strong></span> <span class='ocrx_word' id='word_1_234' title='bbox 1476 2063 1535 2094; x_wconf 88' lang='lat' dir='ltr'><strong>in·-</strong></span> 
     </span>
     <span class='ocr_line' id='line_1_31' title="bbox 85 2107 1536 2154; baseline -0.001 -11"><span class='ocrx_word' id='word_1_235' title='bbox 85 2114 334 2154; x_wconf 84' lang='lat' dir='ltr'><strong>teremptores.</strong></span> <span class='ocrx_word' id='word_1_236' title='bbox 384 2109 584 2143; x_wconf 84' lang='lat' dir='ltr'><strong>Consilium</strong></span> <span class='ocrx_word' id='word_1_237' title='bbox 610 2109 705 2147; x_wconf 84' lang='lat' dir='ltr'><strong>suit,</strong></span> <span class='ocrx_word' id='word_1_238' title='bbox 741 2119 788 2141; x_wconf 90' lang='lat' dir='ltr'><strong>ne</strong></span> <span class='ocrx_word' id='word_1_239' title='bbox 822 2111 952 2142; x_wconf 87' lang='lat' dir='ltr'><strong>timore</strong></span> <span class='ocrx_word' id='word_1_240' title='bbox 979 2114 1116 2141; x_wconf 84' lang='lat' dir='ltr'><strong>tautum</strong></span> <span class='ocrx_word' id='word_1_241' title='bbox 1156 2107 1363 2153; x_wconf 83' lang='lat' dir='ltr'>frustraque</span> <span class='ocrx_word' id='word_1_242' title='bbox 1399 2120 1440 2141; x_wconf 83' lang='lat' dir='ltr'><strong>ac</strong></span> <span class='ocrx_word' id='word_1_243' title='bbox 1479 2114 1536 2141; x_wconf 81' lang='lat' dir='ltr'><strong>te-</strong></span> 
     </span>
     <span class='ocr_line' id='line_1_32' title="bbox 86 2154 1534 2201; baseline -0.003 -11"><span class='ocrx_word' id='word_1_244' title='bbox 86 2167 186 2190; x_wconf 82' lang='lat' dir='ltr'><strong>mere</strong></span> <span class='ocrx_word' id='word_1_245' title='bbox 213 2166 287 2188; x_wconf 91' lang='lat' dir='ltr'><strong>non</strong></span> <span class='ocrx_word' id='word_1_246' title='bbox 315 2160 387 2189; x_wconf 76' lang='lat' dir='ltr'><strong>tam</strong></span> <span class='ocrx_word' id='word_1_247' title='bbox 416 2156 510 2197; x_wconf 86' lang='lat' dir='ltr'><strong>duci,</strong></span> <span class='ocrx_word' id='word_1_248' title='bbox 526 2167 631 2201; x_wconf 88' lang='lat' dir='ltr'><strong>quam</strong></span> <span class='ocrx_word' id='word_1_249' title='bbox 652 2154 747 2188; x_wconf 79' lang='lat' dir='ltr'><strong>trahi</strong></span> <span class='ocrx_word' id='word_1_250' title='bbox 768 2155 999 2188; x_wconf 83' lang='lat' dir='ltr'><strong>viderentur:</strong></span> <span class='ocrx_word' id='word_1_251' title='bbox 1025 2166 1107 2188; x_wconf 78' lang='lat' dir='ltr'><strong>nam</strong></span> <span class='ocrx_word' id='word_1_252' title='bbox 1133 2154 1177 2188; x_wconf 86' lang='lat' dir='ltr'><strong>ad</strong></span> <span class='ocrx_word' id='word_1_253' title='bbox 1197 2155 1365 2188; x_wconf 84' lang='lat' dir='ltr'><strong>militiam</strong></span> <span class='ocrx_word' id='word_1_254' title='bbox 1385 2156 1534 2189; x_wconf 86' lang='lat' dir='ltr'><strong>omnino</strong></span> 
     </span>
     <span class='ocr_line' id='line_1_33' title="bbox 87 2201 1536 2247; baseline -0.002 -10"><span class='ocrx_word' id='word_1_255' title='bbox 87 2203 319 2237; x_wconf 81' lang='lat' dir='ltr'><strong>inexercitati</strong></span> <span class='ocrx_word' id='word_1_256' title='bbox 363 2208 466 2236; x_wconf 84' lang='lat' dir='ltr'><strong>erant</strong></span> <span class='ocrx_word' id='word_1_257' title='bbox 503 2214 572 2236; x_wconf 92' lang='lat' dir='ltr'><strong>nec</strong></span> <span class='ocrx_word' id='word_1_258' title='bbox 606 2202 757 2235; x_wconf 85' lang='lat' dir='ltr'><strong>multum</strong></span> <span class='ocrx_word' id='word_1_259' title='bbox 800 2213 923 2235; x_wconf 87' lang='lat' dir='ltr'><strong>eorum</strong></span> <span class='ocrx_word' id='word_1_260' title='bbox 958 2201 1173 2242; x_wconf 84' lang='lat' dir='ltr'><strong>dissimiles,</strong></span> <span class='ocrx_word' id='word_1_261' title='bbox 1214 2201 1279 2247; x_wconf 91' lang='lat' dir='ltr'><strong>qui</strong></span> <span class='ocrx_word' id='word_1_262' title='bbox 1311 2212 1379 2235; x_wconf 85' lang='lat' dir='ltr'><strong>nec</strong></span> <span class='ocrx_word' id='word_1_263' title='bbox 1415 2203 1536 2236; x_wconf 83' lang='lat' dir='ltr'><strong>sciunt</strong></span> 
     </span>
     <span class='ocr_line' id='line_1_34' title="bbox 88 2248 1535 2295; baseline 0 -13"><span class='ocrx_word' id='word_1_264' title='bbox 88 2249 237 2295; x_wconf 88' lang='lat' dir='ltr'><strong>quidem</strong></span> <span class='ocrx_word' id='word_1_265' title='bbox 263 2249 461 2295; x_wconf 87' lang='lat' dir='ltr'><strong>aliquando</strong></span> <span class='ocrx_word' id='word_1_266' title='bbox 486 2261 582 2283; x_wconf 90' lang='lat' dir='ltr'><strong>arma</strong></span> <span class='ocrx_word' id='word_1_267' title='bbox 607 2250 800 2282; x_wconf 83' lang='lat' dir='ltr'><strong>exstitisse.</strong></span> <span class='ocrx_word' id='word_1_268' title='bbox 836 2249 910 2281; x_wconf 87' lang='lat' dir='ltr'><strong>Hae</strong></span> <span class='ocrx_word' id='word_1_269' title='bbox 935 2248 1060 2293; x_wconf 86' lang='lat' dir='ltr'><strong>itaque</strong></span> <span class='ocrx_word' id='word_1_270' title='bbox 1088 2252 1208 2282; x_wconf 84' lang='lat' dir='ltr'><strong>mente</strong></span> <span class='ocrx_word' id='word_1_271' title='bbox 1234 2249 1430 2292; x_wconf 82' lang='lat' dir='ltr'><strong>imperator</strong></span> <span class='ocrx_word' id='word_1_272' title='bbox 1462 2254 1535 2282; x_wconf 77' lang='lat' dir='ltr'><strong>tres</strong></span> 
     </span>
     <span class='ocr_line' id='line_1_35' title="bbox 87 2295 1535 2343; baseline -0.001 -13"><span class='ocrx_word' id='word_1_273' title='bbox 87 2297 172 2330; x_wconf 88' lang='lat' dir='ltr'><strong>illos</strong></span> <span class='ocrx_word' id='word_1_274' title='bbox 198 2295 405 2340; x_wconf 86' lang='lat' dir='ltr'><strong>relinquere</strong></span> <span class='ocrx_word' id='word_1_275' title='bbox 427 2295 690 2343; x_wconf 83' lang='lat' dir='ltr'><strong>Paraspondylo</strong></span> <span class='ocrx_word' id='word_1_276' title='bbox 705 2296 900 2340; x_wconf 82' lang='lat' dir='ltr'><strong>praecepit.</strong></span> <span class='ocrx_word' id='word_1_277' title='bbox 932 2296 964 2328; x_wconf 88' lang='lat' dir='ltr'><strong>ls</strong></span> <span class='ocrx_word' id='word_1_278' title='bbox 993 2296 1174 2340; x_wconf 82' lang='lat' dir='ltr'><strong>ignorans,</strong></span> <span class='ocrx_word' id='word_1_279' title='bbox 1200 2300 1240 2328; x_wconf 87' lang='lat' dir='ltr'><strong>ut</strong></span> <span class='ocrx_word' id='word_1_280' title='bbox 1264 2296 1407 2336; x_wconf 80' lang='lat' dir='ltr'><strong>aiebat,</strong></span> <span class='ocrx_word' id='word_1_281' title='bbox 1437 2295 1535 2329; x_wconf 86' lang='lat' dir='ltr'><strong>unde</strong></span> 
     </span>
     <span class='ocr_line' id='line_1_36' title="bbox 88 2340 1536 2388; baseline 0 -12"><span class='ocrx_word' id='word_1_282' title='bbox 88 2344 306 2382; x_wconf 80' lang='lat' dir='ltr'><strong>instinctus,</strong></span> <span class='ocrx_word' id='word_1_283' title='bbox 342 2342 647 2387; x_wconf 72' lang='lat' dir='ltr'><strong>Phr-mgnpulum,</strong></span> <span class='ocrx_word' id='word_1_284' title='bbox 673 2342 818 2375; x_wconf 85' lang='lat' dir='ltr'><strong>tametsi</strong></span> <span class='ocrx_word' id='word_1_285' title='bbox 859 2342 955 2387; x_wconf 78' lang='lat' dir='ltr'><strong>gravi</strong></span> <span class='ocrx_word' id='word_1_286' title='bbox 990 2340 1130 2382; x_wconf 89' lang='lat' dir='ltr'><strong>morbo,</strong></span> <span class='ocrx_word' id='word_1_287' title='bbox 1155 2353 1286 2386; x_wconf 87' lang='lat' dir='ltr'><strong>nempe</strong></span> <span class='ocrx_word' id='word_1_288' title='bbox 1317 2353 1415 2376; x_wconf 86' lang='lat' dir='ltr'><strong>sacro</strong></span> <span class='ocrx_word' id='word_1_289' title='bbox 1443 2343 1536 2388; x_wconf 83' lang='lat' dir='ltr'><strong>igni,</strong></span> 
     </span>
     <span class='ocr_line' id='line_1_37' title="bbox 88 2389 1538 2435; baseline 0 -13"><span class='ocrx_word' id='word_1_290' title='bbox 88 2394 250 2429; x_wconf 87' lang='lat' dir='ltr'><strong>tortum,</strong></span> <span class='ocrx_word' id='word_1_291' title='bbox 295 2390 398 2435; x_wconf 87' lang='lat' dir='ltr'><strong>sequi</strong></span> <span class='ocrx_word' id='word_1_292' title='bbox 437 2390 564 2435; x_wconf 82' lang='lat' dir='ltr'><strong>coegit,</strong></span> <span class='ocrx_word' id='word_1_293' title='bbox 620 2389 737 2433; x_wconf 87' lang='lat' dir='ltr'><strong>Quem</strong></span> <span class='ocrx_word' id='word_1_294' title='bbox 766 2390 803 2421; x_wconf 88' lang='lat' dir='ltr'><strong>in</strong></span> <span class='ocrx_word' id='word_1_295' title='bbox 829 2389 954 2421; x_wconf 72' lang='lat' dir='ltr'><strong>castris</strong></span> <span class='ocrx_word' id='word_1_296' title='bbox 987 2389 1145 2422; x_wconf 79' lang='lat' dir='ltr'><strong>intuitus</strong></span> <span class='ocrx_word' id='word_1_297' title='bbox 1173 2389 1391 2434; x_wconf 80' lang='lat' dir='ltr'><strong>imperator,</strong></span> <span class='ocrx_word' id='word_1_298' title='bbox 1431 2389 1538 2422; x_wconf 81' lang='lat' dir='ltr'><strong>Para·</strong></span> 
     </span>
     <span class='ocr_line' id='line_1_38' title="bbox 90 2434 1536 2480; baseline -0.001 -11"><span class='ocrx_word' id='word_1_299' title='bbox 90 2436 308 2480; x_wconf 84' lang='lat' dir='ltr'><strong>spondylum</strong></span> <span class='ocrx_word' id='word_1_300' title='bbox 343 2447 418 2468; x_wconf 87' lang='lat' dir='ltr'><strong>non</strong></span> <span class='ocrx_word' id='word_1_301' title='bbox 452 2435 497 2469; x_wconf 90' lang='lat' dir='ltr'><strong>de</strong></span> <span class='ocrx_word' id='word_1_302' title='bbox 522 2435 777 2469; x_wconf 79' lang='lat' dir='ltr'><strong>inobedientia</strong></span> <span class='ocrx_word' id='word_1_303' title='bbox 804 2436 945 2475; x_wconf 88' lang='lat' dir='ltr'><strong>solum,</strong></span> <span class='ocrx_word' id='word_1_304' title='bbox 984 2434 1047 2468; x_wconf 89' lang='lat' dir='ltr'><strong>sed</strong></span> <span class='ocrx_word' id='word_1_305' title='bbox 1078 2437 1227 2480; x_wconf 87' lang='lat' dir='ltr'><strong>insuper</strong></span> <span class='ocrx_word' id='word_1_306' title='bbox 1252 2434 1297 2468; x_wconf 87' lang='lat' dir='ltr'><strong>de</strong></span> <span class='ocrx_word' id='word_1_307' title='bbox 1322 2435 1536 2469; x_wconf 84' lang='lat' dir='ltr'><strong>crudelitate</strong></span> 
     </span>
     <span class='ocr_line' id='line_1_39' title="bbox 90 2482 1537 2536; baseline 0.001 -21"><span class='ocrx_word' id='word_1_308' title='bbox 90 2482 314 2526; x_wconf 83' lang='lat' dir='ltr'><strong>obiurgavit,</strong></span> <span class='ocrx_word' id='word_1_309' title='bbox 355 2484 419 2536; x_wconf 66' lang='lat' dir='ltr'><strong>qui</strong></span> <span class='ocrx_word' id='word_1_310' title='bbox 461 2482 646 2515; x_wconf 87' lang='lat' dir='ltr'><strong>homiuem</strong></span> <span class='ocrx_word' id='word_1_311' title='bbox 683 2488 756 2516; x_wconf 88' lang='lat' dir='ltr'><strong>tam</strong></span> <span class='ocrx_word' id='word_1_312' title='bbox 795 2482 1031 2515; x_wconf 84' lang='lat' dir='ltr'><strong>vehementer</strong></span> <span class='ocrx_word' id='word_1_313' title='bbox 1074 2488 1281 2526; x_wconf 83' lang='lat' dir='ltr'><strong>aegrotum,</strong></span> <span class='ocrx_word' id='word_1_314' title='bbox 1317 2486 1354 2515; x_wconf 85' lang='lat' dir='ltr'><strong>et</strong></span> <span class='ocrx_word' id='word_1_315' title='bbox 1387 2483 1537 2528; x_wconf 87' lang='lat' dir='ltr'><strong>quidem</strong></span> 
     </span>
     <span class='ocr_line' id='line_1_40' title="bbox 90 2527 1536 2569; baseline -0.001 -7"><span class='ocrx_word' id='word_1_316' title='bbox 90 2531 207 2562; x_wconf 85' lang='lat' dir='ltr'><strong>iussus</strong></span> <span class='ocrx_word' id='word_1_317' title='bbox 245 2528 340 2561; x_wconf 87' lang='lat' dir='ltr'><strong>nihil</strong></span> <span class='ocrx_word' id='word_1_318' title='bbox 375 2531 409 2562; x_wconf 90' lang='lat' dir='ltr'><strong>ei</strong></span> <span class='ocrx_word' id='word_1_319' title='bbox 442 2529 686 2562; x_wconf 82' lang='lat' dir='ltr'><strong>molestiarum</strong></span> <span class='ocrx_word' id='word_1_320' title='bbox 721 2529 894 2562; x_wconf 70' lang='lat' dir='ltr'><strong>exhibere</strong></span> <span class='ocrx_word' id='word_1_321' title='bbox 916 2554 925 2569; x_wconf 90' lang='lat'><strong>,</strong></span> <span class='ocrx_word' id='word_1_322' title='bbox 958 2530 996 2561; x_wconf 90' lang='lat' dir='ltr'><strong>in</strong></span> <span class='ocrx_word' id='word_1_323' title='bbox 1023 2534 1135 2561; x_wconf 80' lang='lat' dir='ltr'><strong>castra</strong></span> <span class='ocrx_word' id='word_1_324' title='bbox 1163 2527 1380 2562; x_wconf 77' lang='lat' dir='ltr'><strong>deduxisset..</strong></span> <span class='ocrx_word' id='word_1_325' title='bbox 1431 2530 1536 2563; x_wconf 82' lang='lat' dir='ltr'><strong>Para-</strong></span> 
     </span>
     <span class='ocr_line' id='line_1_41' title="bbox 90 2575 1537 2621; baseline -0.001 -12"><span class='ocrx_word' id='word_1_326' title='bbox 90 2575 289 2621; x_wconf 80' lang='lat' dir='ltr'><strong>spondylus</strong></span> <span class='ocrx_word' id='word_1_327' title='bbox 317 2579 354 2608; x_wconf 85' lang='lat' dir='ltr'><strong>et</strong></span> <span class='ocrx_word' id='word_1_328' title='bbox 382 2575 666 2610; x_wconf 79' lang='lat' dir='ltr'><strong>inobedientiam</strong></span> <span class='ocrx_word' id='word_1_329' title='bbox 692 2577 855 2608; x_wconf 84' lang='lat' dir='ltr'><strong>confiteri</strong></span> <span class='ocrx_word' id='word_1_330' title='bbox 879 2580 916 2608; x_wconf 84' lang='lat' dir='ltr'><strong>et</strong></span> <span class='ocrx_word' id='word_1_331' title='bbox 943 2576 1085 2608; x_wconf 83' lang='lat' dir='ltr'><strong>veniam</strong></span> <span class='ocrx_word' id='word_1_332' title='bbox 1112 2576 1269 2620; x_wconf 87' lang='lat' dir='ltr'><strong>precari·</strong></span> <span class='ocrx_word' id='word_1_333' title='bbox 1295 2585 1415 2621; x_wconf 84' lang='lat' dir='ltr'><strong>neque</strong></span> <span class='ocrx_word' id='word_1_334' title='bbox 1438 2577 1537 2609; x_wconf 87' lang='lat' dir='ltr'><strong>enim</strong></span> 
     </span>
     <span class='ocr_line' id='line_1_42' title="bbox 92 2621 1537 2668; baseline -0.001 -13"><span class='ocrx_word' id='word_1_335' title='bbox 92 2624 205 2661; x_wconf 80' lang='lat' dir='ltr'><strong>scire,</strong></span> <span class='ocrx_word' id='word_1_336' title='bbox 232 2621 413 2667; x_wconf 88' lang='lat' dir='ltr'><strong>quomodo</strong></span> <span class='ocrx_word' id='word_1_337' title='bbox 438 2622 528 2655; x_wconf 84' lang='lat' dir='ltr'><strong>haec</strong></span> <span class='ocrx_word' id='word_1_338' title='bbox 553 2622 624 2654; x_wconf 86' lang='lat' dir='ltr'><strong>sibi</strong></span> <span class='ocrx_word' id='word_1_339' title='bbox 650 2633 749 2655; x_wconf 87' lang='lat' dir='ltr'><strong>mens</strong></span> <span class='ocrx_word' id='word_1_340' title='bbox 776 2622 911 2654; x_wconf 80' lang='lat' dir='ltr'><strong>iniecta</strong></span> <span class='ocrx_word' id='word_1_341' title='bbox 940 2622 1071 2655; x_wconf 66' lang='lat' dir='ltr'><strong>fuerit:</strong></span> <span class='ocrx_word' id='word_1_342' title='bbox 1109 2621 1172 2654; x_wconf 85' lang='lat' dir='ltr'><strong>sed</strong></span> <span class='ocrx_word' id='word_1_343' title='bbox 1198 2622 1358 2668; x_wconf 82' lang='lat' dir='ltr'><strong>quamvis</strong></span> <span class='ocrx_word' id='word_1_344' title='bbox 1386 2623 1537 2667; x_wconf 81' lang='lat' dir='ltr'><strong>expedi-</strong></span> 
     </span>
     <span class='ocr_line' id='line_1_43' title="bbox 92 2668 1538 2714; baseline 0 -14"><span class='ocrx_word' id='word_1_345' title='bbox 92 2669 231 2701; x_wconf 88' lang='lat' dir='ltr'><strong>tionem</strong></span> <span class='ocrx_word' id='word_1_346' title='bbox 264 2669 388 2701; x_wconf 87' lang='lat' dir='ltr'><strong>multis</strong></span> <span class='ocrx_word' id='word_1_347' title='bbox 422 2668 672 2712; x_wconf 84' lang='lat' dir='ltr'><strong>deprecantem</strong></span> <span class='ocrx_word' id='word_1_348' title='bbox 709 2670 812 2714; x_wconf 87' lang='lat' dir='ltr'><strong>sequi</strong></span> <span class='ocrx_word' id='word_1_349' title='bbox 832 2669 1075 2713; x_wconf 87' lang='lat' dir='ltr'><strong>compulisse.</strong></span> <span class='ocrx_word' id='word_1_350' title='bbox 1124 2669 1332 2714; x_wconf 81' lang='lat' dir='ltr'><strong>Imperator</strong></span> <span class='ocrx_word' id='word_1_351' title='bbox 1356 2669 1538 2713; x_wconf 73' lang='lat' dir='ltr'><strong>Phi-ango-</strong></span> 
     </span>
     <span class='ocr_line' id='line_1_44' title="bbox 93 2715 1538 2759; baseline -0.001 -12"><span class='ocrx_word' id='word_1_352' title='bbox 93 2715 219 2759; x_wconf 85' lang='lat' dir='ltr'><strong>pulnm</strong></span> <span class='ocrx_word' id='word_1_353' title='bbox 246 2715 363 2746; x_wconf 91' lang='lat' dir='ltr'><strong>morbi</strong></span> <span class='ocrx_word' id='word_1_354' title='bbox 389 2727 493 2748; x_wconf 84' lang='lat' dir='ltr'><strong>causa</strong></span> <span class='ocrx_word' id='word_1_355' title='bbox 522 2716 712 2748; x_wconf 81' lang='lat' dir='ltr'><strong>miseratus</strong></span> <span class='ocrx_word' id='word_1_356' title='bbox 754 2716 900 2748; x_wconf 86' lang='lat' dir='ltr'><strong>medicis</strong></span> <span class='ocrx_word' id='word_1_357' title='bbox 941 2715 1188 2759; x_wconf 81' lang='lat' dir='ltr'><strong>praesentibus</strong></span> <span class='ocrx_word' id='word_1_358' title='bbox 1215 2716 1414 2749; x_wconf 86' lang='lat' dir='ltr'><strong>curandum</strong></span> <span class='ocrx_word' id='word_1_359' title='bbox 1440 2726 1538 2747; x_wconf 87' lang='lat' dir='ltr'><strong>com-</strong></span> 
     </span>
     <span class='ocr_line' id='line_1_45' title="bbox 95 2761 1539 2807; baseline 0 -13"><span class='ocrx_word' id='word_1_360' title='bbox 95 2761 213 2796; x_wconf 82' lang='lat' dir='ltr'><strong>misit:</strong></span> <span class='ocrx_word' id='word_1_361' title='bbox 247 2762 324 2807; x_wconf 87' lang='lat' dir='ltr'><strong>ipse</strong></span> <span class='ocrx_word' id='word_1_362' title='bbox 362 2761 409 2794; x_wconf 80' lang='lat' dir='ltr'><strong>ad</strong></span> <span class='ocrx_word' id='word_1_363' title='bbox 437 2766 588 2807; x_wconf 84' lang='lat' dir='ltr'><strong>pontem</strong></span> <span class='ocrx_word' id='word_1_364' title='bbox 617 2762 756 2797; x_wconf 80' lang='lat' dir='ltr'><strong>Cameli</strong></span> <span class='ocrx_word' id='word_1_365' title='bbox 788 2761 987 2807; x_wconf 77' lang='lat' dir='ltr'><strong>procedens</strong></span> <span class='ocrx_word' id='word_1_366' title='bbox 1032 2773 1171 2797; x_wconf 84' lang='lat' dir='ltr'><strong>rursum</strong></span> <span class='ocrx_word' id='word_1_367' title='bbox 1205 2763 1258 2798; x_wconf 88' lang='lat' dir='ltr'><strong>ibi</strong></span> <span class='ocrx_word' id='word_1_368' title='bbox 1298 2768 1413 2797; x_wconf 78' lang='lat' dir='ltr'><strong>castra</strong></span> <span class='ocrx_word' id='word_1_369' title='bbox 1450 2761 1539 2795; x_wconf 82' lang='lat' dir='ltr'><strong>feeit</strong></span> 
     </span>
    </p>
   </div>
  </div>
 </body>
</html>
