1820 3138
274 167 392 234 ’436
738 146 761 195 θ·
813 182 1183 225 CANTACUZENJ

78 297 261 342 A.C.1343
275 286 430 328 ἐκείνου
464 285 702 337 συντυχίαν,
730 282 893 336 ὀλίγους
920 283 1035 333 τινὰς
1063 282 1143 333 ἔξω
1172 280 1439 333 καταλιπών“,
1469 284 1542 336 τῆς
1569 285 1608 324 δ’
1638 277 1713 325 ἆλ-

234 385 237 392 .
273 357 345 406 λης
375 351 576 407 στρατιᾶς
603 350 762 403 μηδένα
790 351 938 403 τειχῶν
965 351 1151 390 ἐκέλευεν
1180 349 1259 400 ἔξω
1293 344 1399 390 εἶναι
1418 374 1443 401 ,-
1469 349 1618 397 δεδιὼς
1650 342 1711 403 μή

271 415 386 471 παρα
422 415 531 463 τινός
557 432 597 457 τι
623 416 704 455 ταῖν
731 417 943 469 νεωτέρων
975 416 1164 471 τολμηθῇ
1203 415 1276 454 καί
1317 413 1531 468 πρόφασις,
1554 415 1713 468 γένοιτο

271 483 349 524 τοῦ
376 479 435 534 μὴ
474 478 547 522 τὸν
586 479 764 531 πόλεμον
791 483 1093 534 καταλυθῆναι.
1150 478 1174 519 ὅ
1203 481 1330 533 μέγας
1358 480 1404 520 δὲ
1444 477 1567 530 doeg,
1614 481 1714 534 πρὶν

271 550 346 602 τῆς
373 544 530 594 πόλεως
557 543 677 599 ἐγγυς
708 546 858 597 ἐλθεῖν,
888 547 967 587 τῶν
994 543 1092 598 περὶ
1118 542 1244 586 αὐτὸν
1271 543 1438 594 τοξότας
1462 542 1576 593 τινας
1606 538 1739 597 πέμ-5

270 623 372 666 ψας,
405 607 491 652 εἶτα
523 610 594 651 καί
618 609 692 663 τὴν
723 604 851 664 ἄλλην
878 608 1095 665 στρατιάν,
1127 611 1288 651 ἐκέλευε
1320 615 1405 656 τοῖς
1434 607 1536 650 κατὰ
1567 607 1614 650 τὸ
1635 612 1714 650 Δι-

271 675 524 729 δυμότειχον
562 677 734 717 ἐπιέναι.
799 673 851 717 οἱ.
881 677 927 717 δὲ
977 676 1181 717 ἐπέκειντο
1214 672 1371 728 ἀθρόον
1425 676 1498 716 καί
1539 672 1714 727 ἔβαλλον

271 746 444 795 συχνοῖς
475 746 557 789 τοῖς
588 741 764 793 βέλεσιν,
796 738 939 782 ἔπειτα
970 739 1042 780 καί
1064 742 1147 794 πῦρ
1179 739 1342 780 ἐνίεσαν
1371 740 1416 780 ἐν
1444 745 1536 789 ταῖς
1563 739 1713 786 οἰκίαις

233 812 366 856 Βταῖς
394 804 474 861 πρὸ
501 807 570 859 τῆς
601 803 771 854 πόλεως.
826 807 918 847 ἐπεὶ
945 805 990 846 δὲ
1018 807 1165 846 ἐκεῖνοι
1190 804 1332 859 μάχης
1357 797 1517 858 ἦρχον,
1565 806 1637 845 καί
1674 801 1714 844 οἱ

273 875 319 914 ἐκ
348 872 655 924 Διδυμοτείχου
687 867 894 925 ἠμύνοντο
924 867 1157 920 ἐξελθόντες
1210 872 1282 910 καί
1322 870 1584 924 τραυματίας
1612 868 1767 910 dno-10

273 937 477 987 δείξαντες
516 933 694 985 πολλοὺς
706 969 717 988 ,
761 933 1095 978 ἀπεσκευάσαντο
1134 936 1267 989 μηδὲν
1295 935 1417 975 πλέον
1445 934 1714 988 δυνηθέντας.

251 1001 469 1056 ..βασιλεὺς
513 1002 559 1043 δὲ
596 999 671 1042 τὸν
708 998 892 1056 Μάκρης
934 1001 1134 1056 α’ρχιερέα
1173 999 1277 1055 πρὸς
1315 998 1388 1041 τὸν
1418 1001 1551 1053 μέγαν
1583 999 1714 1040 δοῦκα

272 1063 405 1115 αὖθις
445 1068 638 1121 πέμψας,
688 1065 900 1118 ὠνείδιζεν
945 1063 1059 1124 αὐτῷ
1096 1064 1187 1121 τήν,
1211 1067 1335 1120 φίλην
1362 1065 1616 1119 πανουργίαν
1643 1063 1717 1106 καί

271 1132 319 1174 τὸ
360 1133 541 1185 ψεῦδος·
609 1134 761 1182 ἐκεῖνος
802 1133 848 1173 δὲ
886 1134 978 1174 ἐπεὶ
1016 1133 1088 1187 τῆς
1135 1131 1292 1186 α’πατης
1331 1129 1523 1172 ἀπώνατο
1562 1126 1712 1184 οῦδὲν,

271 1196 377 1250 μετὰ
407 1199 539 1252 μέσην
567 1197 729 1253 ἡμέραν
759 1199 918 1238 ἐκεῖθεν
946 1193 1154 1252 ἀνεχώρει
1190 1198 1263 1237 καί
1290 1195 1492 1250 ηὐλίσατο
1523 1193 1600 1250 τὴν
1641 1193 1767 1236 vti-15

272 1280 348 1305 κτα
378 1263 428 1304 οὔ
458 1262 636 1318 μακράν.
676 1264 734 1312 εἷς
763 1260 836 1317 την
863 1262 1089 1317 ὑστεραίαν
1118 1264 1187 1315 δὲ,
1215 1260 1313 1310 τούς
1342 1259 1493 1309 ἱππέας
1521 1258 1644 1310 αὐτὸς
1671 1259 1714 1302 ἔ-

269 1345 361 1382 χων
400 1331 474 1369 καί
511 1327 556 1369 τὸ
588 1326 798 1369 ὁπλιτικὸν
825 1329 896 1369 καί
924 1327 969 1370 τὸ
1008 1327 1161 1381 ψιλὸν,
1211 1326 1363 1382 ἐχώρει
1403 1325 1510 1366 κατὰ
1536 1322 1750 1386 Μόρῥαςι

272 1396 345 1435 καί
361 1390 554 1435 Αἐκάκωσε
582 1391 634 1434 τα
666 1394 844 1447 μέγιστα
875 1391 949 1447 την
975 1390 1123 1447 χώραν
1148 1391 1284 1433 πάντα
1314 1393 1419 1446 πυρὶ
1442 1392 1713 1444 παραδιδούς·

271 1460 356 1500 τῶν
403 1460 628 1511 πολιχνίων
668 1461 714 1499 δὲ
754 1457 923 1511 ἴσχυσεν
966 1455 1134 1505 οὐδενὸς
1163 1456 1481 1511 περιγενέσθαι,
1513 1462 1715 1514 φρουροῖς

273 1522 354 1564 ὑπὸ
379 1525 585 1576 βασιλέως
617 1520 780 1577 πάντων
809 1524 1107 1576 κατεχομένων,
1136 1523 1294 1564 ἐκεῖθεν
1327 1523 1373 1563 δὲ
1402 1523 1461 1570 εἰς
1478 1518 1768 1573 Βυζάντιοναο

237 1588 495 1643 (ζοῖνεχιόρει.
562 1587 824 1640 Μομιτζίλος
864 1589 910 1628 δὲ
948 1589 993 1629 ἐκ
1030 1589 1103 1629 τοῦ
1145 1586 1249 1643 πρὸς
1278 1585 1481 1641 ἀλλήλους
1508 1584 1714 1637 τῶῘνῬω-

274 1655 414 1706 μαίων
451 1655 635 1705 πολέμου
668 1654 894 1707 ηὐξημένος
931 1653 1005 1693 καί
1038 1654 1170 1707 μέγας
1207 1648 1287 1708 ἤδη
1325 1654 1589 1707 γεγενημένος
1612 1708 1615 1712 Ι
1641 1651 1716 1695 καί

274 1719 449 1771 νομίσας
485 1715 624 1774 ἑαυτῷ
662 1718 804 1771 ιῖρκεῖν
830 1715 935 1773 πρὸς
961 1716 1006 1759 τὸ
1037 1715 1327 1773 συστήσασθαι
1355 1717 1576 1772 ἡγεμονίαν
1603 1719 1713 1775 ι’διζι,

278 1781 430 1836 ὁμοίως
461 1785 816 1838 Καντακουζηνοῦ
846 1799 891 1825 τε
919 1784 1126 1840 ἀφίστατο
1166 1786 1241 1826 τοῦ
1267 1786 1470 1839 βασιλέως
1521 1784 1594 1826 καί
1611 1780 1714 1827 ’Ἀν-

346 1900 350 1903 «
373 1868 423 1901 13.
449 1867 563 1911 φίλου
587 1865 623 1905 Ρ.

277 1951 314 1972 se
353 1940 524 1981 ornabat,
562 1941 713 1984 eiusque
749 1949 976 1985 congressum
1006 1941 1260 1986 exspectabat,
1296 1939 1551 1985 militibusque
1585 1941 1710 1984 paucis

276 1985 494 2030 quibusdam
526 1985 613 2019 foris
649 1986 807 2026 relictis,
842 1997 888 2019 ne
919 1988 999 2031 quis
1036 1993 1233 2021 ceterorum
1267 1992 1367 2020 extra
1387 1998 1507 2020 muros
1533 1987 1710 2030 prodiret,

278 2032 463 2073 edicebat,
490 2038 654 2066 metuens
679 2034 877 2072 nimirum,
907 2044 954 2066 ne
982 2034 1169 2080 quippiam
1195 2045 1311 2067 rerum
1335 2043 1509 2066 novarum
1543 2032 1711 2077 designa-

277 2083 376 2112 retur
409 2079 454 2111 ab
488 2079 636 2125 aliquo,
673 2078 769 2111 unde
805 2080 943 2113 occasio
975 2079 1066 2113 belli
1100 2080 1258 2113 nondum
1294 2080 1445 2113 finiendi
1490 2084 1708 2113 nasceretur.

274 2125 347 2157 Sed
386 2136 532 2169 magnus
571 2125 664 2164 dux,
706 2131 900 2169 antequam
937 2125 1063 2159 urbem
1103 2127 1314 2170 attingeret,
1358 2126 1477 2159 missis
1516 2126 1708 2169 sagittariis

275 2171 420 2216 aliquot
446 2177 482 2204 et
508 2170 728 2214 manipulis,
753 2170 1002 2214 Didymotichi
1027 2178 1308 2221 propugnatores
1334 2172 1468 2206 adoriri
1494 2170 1609 2204 iussit.
1635 2171 1711 2218 Qui

274 2218 465 2250 confertim
491 2219 688 2255 instantes,
714 2217 787 2250 tela
811 2218 935 2250 crebra
960 2219 1150 2252 iaciebant.
1176 2220 1361 2252 Praeterea
1384 2217 1590 2258 suburbana
1607 2218 1710 2252 aedi-

274 2264 355 2296 ficia
392 2265 564 2296 coniectis
598 2261 741 2307 ignibus
774 2263 1027 2298 incendebant.
1076 2264 1181 2297 Hunc
1205 2266 1244 2298 in
1267 2265 1413 2298 modum
1442 2266 1536 2297 facto
1561 2263 1606 2297 ab
1634 2265 1708 2299 illis

272 2311 459 2354 pugnandi
493 2309 622 2350 initio,
657 2309 992 2352 Didymotiehenses
1028 2317 1245 2355 erumpunt,
1285 2311 1482 2357 multisque
1508 2311 1710 2344 convulne-

273 2357 360 2389 ratis
380 2367 399 2387 a
419 2357 609 2389 moenibus
635 2365 695 2388 eos
722 2356 909 2390 frustratos
936 2356 1129 2400 repellunt.
1154 2357 1352 2401 Imperator
1376 2357 1518 2390 Mam-ae
1539 2357 1707 2402 episcopo

273 2403 318 2443 ad
342 2411 506 2446 magnum
531 2401 656 2436 ducem
679 2402 841 2443 remisso,
869 2402 1053 2435 solennem
1077 2403 1130 2435 illi
1157 2404 1392 2436 calliditatem
1418 2409 1455 2436 et
1480 2402 1707 2442 mendacium

275 2448 492 2491 exprobrat:
528 2449 591 2494 qui
629 2459 709 2480 cum
745 2448 871 2482 fraude
905 2459 945 2482 ac
978 2448 1062 2481 dolo
1098 2448 1193 2482 nihil
1236 2451 1474 2494 profecisset,
1509 2448 1706 2483 secundum

273 2495 463 2527 meridiem
506 2495 590 2528 iude
626 2500 739 2527 castra
778 2506 944 2536 movens,
975 2506 1049 2528 non
1082 2495 1209 2539 procul
1243 2496 1477 2539 pernoctavit.
1526 2495 1706 2530 Postridie

274 2550 354 2572 cum
393 2541 556 2585 equitatu
595 2547 631 2574 et
663 2541 853 2587 utriusque
883 2546 1082 2574 armaturae
1118 2542 1298 2576 militibus
1330 2542 1514 2576 Morrham
1549 2541 1703 2583 invadit,

271 2586 528 2631 regionemque
555 2587 763 2620 foedissime
790 2587 1002 2628 devastans,
1029 2588 1148 2620 omnia
1174 2588 1325 2621 flammis
1353 2588 1494 2632 implet.
1541 2587 1706 2634 Oppido·
1726 2592 1734 2598 ‘

270 2643 349 2664 rum
382 2637 499 2664 autem
536 2635 637 2667 nullo
663 2633 833 2674 subacto,
860 2633 959 2678 quod
985 2634 1124 2677 singula
1150 2635 1346 2680 imperator
1370 2632 1558 2680 praesidiis
1584 2635 1701 2678 impo-

270 2678 348 2710 sitis
385 2680 688 2719 communiverat,
714 2681 923 2722 Byzantium
949 2679 1070 2716 rediit,
1118 2681 1339 2715 Momitzilus
1366 2693 1408 2715 cx
1434 2680 1604 2714 intestino
1632 2680 1702 2713 Ro-

270 2734 458 2756 manorum
484 2724 581 2756 bello
611 2725 742 2769 opibus
761 2731 884 2760 auctus
903 2731 939 2759 et
956 2726 1088 2759 clarum
1112 2737 1242 2760 nomen
1260 2729 1464 2773 famamque
1489 2730 1699 2760 consecutus

271 2774 309 2803 et
331 2769 539 2812 arbitratus,
564 2771 609 2803 ad
632 2773 873 2817 principatum
891 2773 1082 2819 separatim
1097 2773 1322 2810 condendum
1347 2786 1411 2809 sua
1435 2772 1507 2807 tibi
1529 2771 1700 2815 sufficere,
