1820 3152
563 177 941 220 ffls'romARUM
984 180 1058 219 111.
1087 181 1172 227 89..
1240 153 1243 158 ⁴
1460 158 1564 215 551

126 283 290 335 ρείχετο
319 279 452 322 πίνειν
489 281 563 321 καί
603 275 785 336 ἄκρατον
812 275 923 322 οἶνον
951 278 1144 322 παλαιόν.
1200 279 1284 321 τῶν
1312 281 1501 334 πυρετῶν
1521 281 1568 322 δὲ
1583 291 1662 327 ΑΒ.
1681 292 1768 337 1345

127 339 256 396 αὖθις
280 343 407 399 ἶσχῦν
435 343 658 399 λαβόντων,
683 345 722 388 οἱ
753 346 1080 400 περίΣουλιμὰν
1109 348 1294 401 ἐχρῶντο
1318 351 1405 396 τοῖς
1431 347 1578 402 προτέ·

123 427 215 468 ροις
234 406 374 464 αὖθις,
394 410 590 466 α’πειρίαν
617 410 773 467 πολλὴν
802 410 964 466 Ἀμούρ
985 407 1286 465 κατεγνωκότες
1305 427 1318 439 ·
1348 412 1575 466 νεκρωθεί-

125 494 203 533 σης
220 478 267 519 δὲ
293 471 420 527 αὖθις
445 479 520 532 τῆς
543 476 720 533 καρδίας
737 508 749 530 ,
778 473 970 518 ἀπέθανε
1001 479 1284 532 παραχρῆμα.
1337 475 1375 519 οἱ
1406 479 1453 519 δὲ
1479 477 1580 533 περὶ

99 544 280 586 δέκεῖνον
325 541 401 584 οὐκ
435 542 588 593 αὐτοὺς
616 544 694 585 τοῦ
720 543 905 585 θανάτου
944 537 1074 600 ᾤοντο
1104 545 1266 595 αἰτίους
1295 539 1432 597 εἶναι,
1461 542 1570 586 α’λλοὶ

119 607 287 664 ’Λμούρ
304 607 561 664 κατηγόρουν
581 612 788 665 φανερῶς,
808 609 865 658 ὥς
887 608 1160 659 α’πεκτονότος
1180 610 1427 667 δηλητηρίῳ,
1445 610 1571 665 ἡνίκα

125 674 352 730 παρειχετο
380 673 452 716 τὸν
480 671 604 718 οἶνον,
638 672 666 716 ἃ
699 677 939 729 πυθόμενος
968 673 989 716 ὁ
1014 674 1176 730 Ἀμοὺρ
1206 674 1342 718 ἔδεισε
1370 677 1471 732 περὶ
1496 679 1571 732 τῆς
1586 684 1619 718 Ρ.
1630 685 1699 721 662

121 741 276 795 ἀ’ρχῆς,
300 739 359 796 μη
374 739 595 796 Σαρχάνης
615 739 638 782 o‘
658 740 796 797 πατὴρ
817 744 915 797 περὶ
932 743 1006 796 τῆς
1025 743 1219 795 τελευτῆς
1239 741 1481 795 πυθόμενος
1499 743 1574 784 τοῦ

125 805 226 848 υἱοῦ
252 807 326 848 καί
352 805 581 857 πιστεύσας
623 809 676 865 τῇ
709 809 910 864 διαβολῇ,
941 805 999 856 ὥς
1016 810 1116 862 παρ’
1138 809 1274 850 αὐτοῦ
1310 807 1573 864 α’ναιρεθείη,

77 871 336 928 ιοὲπίθηται,
367 873 502 915 αὐτοῦ
530 872 709 923 ἀπόντος
726 872 830 927 μετὰ
848 876 924 928 τῆς
944 875 1146 930 στρατιᾶς
1164 907 1176 928 ,
1211 877 1283 916 καί
1309 874 1575 930 ὑπαγάγηται

124 936 199 987 τοὶς
228 937 364 988 πόλεις
395 938 669 993 ἀμυνόμενος.
695 941 752 982 δι’
772 939 800 982 ἃ
821 939 958 983 ἐδόκει
983 942 1069 982 δεῖν
1096 939 1174 995 την
1204 941 1409 996 ταχίστην
1432 940 1574 983 οἴκαδε

123 1004 361 1059 ἀναχωρεῖν
381 1008 482 1060 πρίν
502 1004 687 1049 ἔκπυστα
707 1008 903 1061 γενέσθαι
921 1024 972 1048 τα
993 1005 1097 1048 κατὰ
1128 1005 1203 1048 τὸν
1227 1005 1458 1059 Σουλιμὰν.
1501 1003 1575 1049 ‘A-

121 1069 232 1126 μούρ
250 1072 329 1124 μὲν
351 1067 428 1114 ουν
446 1073 492 1113 ἐκ
510 1070 708 1128 τοιαύτης
736 1073 875 1123 αιτιάς
906 1067 1035 1123 αυθις
1063 1089 1122 1122 εις
1145 1069 1307 1116 Ἰωιίαν
1335 1071 1574 1128 απεχώρει,

121 1138 256 1179 καίτοι
274 1135 441 1192 γνώμην
458 1135 592 1192 ἔχων,
622 1154 748 1192 αχρις
778 1155 830 1180 αν
861 1135 882 1180 ὃ
910 1137 1089 1192 πόλεμος
1126 1140 1372 1195 καταλυθῇ,
1406 1141 1576 1181 συνέσε-

75 1201 229 1245 ι5σθαι
247 1205 306 1244 ‘cui‘
324 1202 606 1256 βασιλεῖ’.καί
634 1201 754 1256 μόλις
773 1202 915 1245 ἔπειθε
928 1202 1167 1260 Σαρχάνην,
1195 1206 1358 1254 πίστεις
1385 1196 1573 1260 μεγάλας

123 1267 430 1324 παρεχόμενος,
463 1268 519 1318 ὥς
547 1270 670 1312 οὐδὲν
690 1269 821 1320 αιῖτὸς
847 1269 948 1326 περὶ
973 1269 1047 1312 τὸν
1076 1269 1172 1313 υἱόν
1200 1273 1360 1312 ἐκείνου
1389 1287 1574 1325 κακουρ-

122 1350 310 1390 γησειεν,
339 1333 445 1377 ἄλλα
478 1342 784 1392 συκοφαντοῖτο
810 1333 894 1377 υπὸ
924 1338 1008 1378 τῶν
1026 1333 1239 1391 ειπόντων.
1293 1336 1493 1389 βασιλεὺς
1522 1338 1570 1379 δὲ

121 1403 184 1450 εἰς
203 1397 552 1455 Διδυμότειχονῗ
525 1417 648 1457 ηκεν,
679 1400 908 1463 ἀνιώμενος
928 1401 1060 1444 πολλὰ
1087 1404 1186 1458 περι
1208 1405 1358 1457 Φερων
1386 1404 1460 1445 καί
1486 1403 1607 1445 τῶνΒ

122 1461 263 1508 αλλων
289 1468 372 1508 τῶν
397 1465 502 1508 κατὰ
534 1469 807 1509 Μακεδονίαν
830 1466 1003 1510 πόλεων.
1032 1468 1185 1510 ἐδεδίει
1208 1468 1291 1523 γὰρ
1308 1501 1322 1520 ‚
1345 1486 1406 1524 μη
1437 1459 1573 1511 ἁλῶσι

68 1535 350 1587 20T01ssazocg
361 1566 374 1585 ‚
417 1530 518 1588 ὅπερ
559 1531 610 1588 δη
641 1534 797 1587 ἐγένετο
827 1534 952 1591 ὀλίγω
981 1531 1168 1589 ὕστερον.
1223 1534 1318 1576 ἐπει
1343 1533 1422 1590 γὰρ
1469 1535 1574 1578 ἐπύ-

121 1601 220 1640 θετο
245 1614 267 1638 ο
299 1596 474 1653 Κράλης
503 1614 562 1648 εις
590 1615 667 1654 την
694 1601 749 1640 ἕω
780 1598 933 1652 διαβὰν
960 1597 1008 1640 τὸ
1041 1599 1286 1655 Περσικὸν,
1316 1596 1446 1650 αυθις
1480 1602 1625 1647 ἐπι-ν.
1639 1615 1710 1662 529

120 1667 296 1717 θέμενος
326 1667 506 1720 Φεραῖς,
537 1661 646 1718 εἷλε,
687 1667 770 1707 τῶν
798 1663 851 1707 τὰ
881 1666 1040 1708 ἐκείνου
1066 1665 1287 1743 ᾑρημένων
1314 1665 1433 1709 ἔνδον
1460 1683 1572 1721 πρα-

123 1729 306 1784 ξάντων,
348 1727 405 1780 ὦς
440 1728 641 1784 ἐλάβοντο
682 1733 846 1786 καιροῦ.
902 1733 977 1772 καί
1008 1731 1116 1784 μετὰ
1145 1733 1264 1773 τοῦτο
1301 1732 1458 1783 ἐκεῖνος
1487 1727 1570 1788 ηδη

119 1799 228 1851 μέγα
258 1799 424 1854 φρονῶν
467 1797 540 1840 καί
582 1799 658 1839 τοῦ
683 1796 869 1847 πλείονος
895 1799 1052 1854 μέρους
1080 1799 1155 1853 τῆς
1178 1795 1403 1851 Ῥωμαίων
1433 1797 1569 1855 ἀρχῆς

116 1930 296 1965 Fcbribus
336 1930 456 1966 denuo
488 1932 575 1966 hinc
610 1931 964 1978 ingravescentibus,
1000 1932 1178 1967 Sulimani
1217 1933 1366 1967 comites
1403 1933 1565 1977 priorem

116 1978 359 2019 medicinam,
384 1979 530 2012 Amurio
556 1990 680 2013 eorum
708 1980 887 2013 inscitiam
914 1979 1133 2021 damnante,
1159 1985 1342 2025 repetunt,
1400 1981 1453 2013 lta
1477 1991 1565 2013 ene-

117 2031 176 2058 cto
208 2036 347 2058 rursum
388 2026 522 2067 corde,
563 2027 683 2060 statim
717 2026 807 2060 obit.
868 2027 965 2060 Socii
990 2037 1064 2060 non
1099 2038 1156 2067 se,
1194 2025 1258 2059 scd
1284 2026 1496 2067 Amurium‚
1523 2033 1564 2060 ut

115 2082 260 2106 causam
285 2073 413 2106 mortis
437 2073 537 2114 eius,
561 2073 754 2107 manifeste
777 2078 963 2113 accusant,
989 2073 1053 2119 qui
1077 2073 1229 2113 viuum,
1261 2072 1299 2106 id
1328 2078 1404 2114 est,
1430 2074 1467 2106 in
1493 2072 1564 2107 hoc

115 2118 235 2154 morbi
262 2129 393 2173 genere
418 2130 610 2161 venenum,
636 2121 670 2154 ei
695 2119 867 2158 dedisset.
905 2120 989 2165 Quo
1021 2119 1160 2160 audito,
1184 2121 1354 2154 Amurius
1384 2120 1563 2164 satrapiae

116 2177 204 2199 suae
229 2166 378 2207 timuit,
402 2177 449 2200 ne
474 2167 613 2201 scilicet
636 2172 739 2211 pater
771 2166 983 2207 Sarchanes,
1006 2165 1052 2200 de
1076 2166 1144 2199 filii
1170 2166 1273 2200 obitu
1298 2178 1337 2200 re
1361 2166 1562 2208 intellecta,

118 2213 322 2247 calumniae
354 2213 420 2256 (ab
447 2214 527 2258 ipso
555 2215 726 2248 nimirum
755 2215 914 2248 occisum
950 2213 1046 2258 csse)
1097 2213 1247 2247 credens
1281 2224 1347 2258 per
1376 2214 1454 2246 eius
1491 2213 1561 2246 ab·-

117 2260 270 2294 uentiam
295 2258 342 2292 ad
365 2260 609 2294 ulciscendum
629 2272 706 2294 sese
732 2260 896 2294 adductis
922 2259 1036 2305 copiis
1060 2260 1168 2294 urbes
1193 2260 1388 2306 subigeret.
1437 2259 1577 2306 Quare‘

117 2307 333 2346 celerrime,
367 2307 578 2353 priusquam
609 2318 711 2342 casus
746 2308 924 2341 Sulimani
960 2308 1055 2340 fama
1086 2308 1216 2341 nuntia
1256 2318 1299 2341 eo
1330 2306 1559 2352 pervaderet,

117 2353 264 2387 domum
290 2353 361 2387 sibi
387 2354 611 2388 redeundum
637 2360 693 2388 est
715 2355 896 2400 opinatus.
947 2354 1024 2387 Hoc
1048 2353 1139 2394 fuit,
1174 2365 1236 2387 cur
1266 2354 1305 2386 in
1337 2353 1473 2386 ioniam
1499 2364 1559 2386 re-

115 2405 333 2434 verteretur:
370 2402 513 2434 tametsi
545 2401 718 2447 quamdiu
758 2402 896 2435 bellum
926 2400 1140 2440 duceretur,
1166 2401 1212 2434 ab
1239 2399 1458 2445 imperatore
1481 2412 1556 2434 non

119 2446 305 2480 discedere
337 2447 444 2480 fixum
468 2447 638 2482 habebat.
700 2449 751 2482 Ac
775 2449 834 2482 vix
862 2447 1032 2487 tandem,
1058 2446 1184 2480 solidis
1212 2447 1298 2480 licet
1321 2449 1556 2493 argumentiS‚

118 2493 289 2528 Sarchani
318 2493 425 2526 fidem
454 2495 566 2536 fecit,
592 2495 687 2529 nihil
711 2507 748 2529 se
773 2495 811 2527 in
838 2495 951 2528 filium
975 2495 1143 2527 maleficii
1168 2493 1376 2535 admisisse,
1412 2494 1476 2528 sed
1508 2495 1555 2528 ab

116 2540 427 2574 obtrectatoribus
466 2541 556 2575 salso
596 2554 634 2576 se
665 2541 808 2575 deferri.
877 2543 1076 2586 Imperator
1111 2540 1403 2584 Didymotichum
1439 2543 1554 2582 venit,

116 2598 282 2621 moerens
308 2588 462 2630 graviter
486 2594 634 2634 propter
658 2588 787 2621 Pheras
818 2588 981 2632 aliasque
1019 2587 1126 2621 urbes
1166 2587 1431 2629 Macedonicas,
1463 2599 1553 2633 quas

114 2646 135 2668 a
160 2634 334 2668 Triballis
359 2640 502 2678 captum
528 2636 573 2667 iri
598 2634 840 2674 formidabat,
866 2634 963 2680 quod
990 2633 1137 2679 quidem
1165 2634 1264 2668 haud
1298 2635 1405 2679 longo
1438 2635 1554 2667 inter-

113 2681 210 2714 vallo
235 2681 368 2714 factum
394 2686 453 2713 est.
505 2681 596 2715 Nam
625 2688 665 2715 ut
686 2682 731 2715 ad
757 2681 897 2714 Cralem
922 2681 1072 2714 allatum
1098 2686 1178 2722 est,
1214 2682 1335 2715 Persas
1361 2683 1399 2715 in
1425 2682 1552 2714 orien-

114 2732 186 2760 tem
214 2727 388 2768 rediisse,
413 2728 511 2761 illico
535 2729 664 2762 Pheras
688 2739 891 2773 aggressus,
927 2728 1046 2772 cepit,
1079 2727 1160 2762 data
1186 2729 1459 2773 opportunitate
1485 2726 1550 2758 ad·

113 2773 342 2816 iuvantibus,
368 2785 457 2825 quos
485 2776 579 2810 intus
607 2776 661 2813 sui
688 2774 837 2824 cupidos
862 2773 1030 2811 habebat.
1079 2776 1128 2810 Ac
1151 2780 1226 2810 tum
1250 2777 1319 2811 iam
1346 2787 1382 2808 se
1410 2773 1548 2819 magui-
