1820 3138
532 180 908 223 msmmAmm
947 184 1019 223 m.
1052 184 1118 229 72.
1426 163 1541 237 439

106 282 273 338 γμάτων
291 282 413 324 ου’δὲν
441 276 565 337 ἧττόν
591 281 680 324 ἐστι
707 278 864 336 κύριος,
898 283 1165 337 περίβλεπτος
1181 281 1225 323 ἐν
1242 283 1346 324 πᾶσι
1366 281 1624 335 ‘Pacuui-AC
1651 289 1738 337 ¹³4⁸

107 365 170 399 οις
205 349 470 404 γεγενημένος
507 348 578 389 καὶ
623 347 758 402 πατὴρ
795 349 869 389 καί
893 346 1082 402 κηδεμών
1106 349 1313 401 βασιλέως
1339 363 1544 404 προσαγο-

108 413 352 469 ρευόμενος·
381 410 410 454 ἃ
438 413 568 468 ἐχρῆν
595 417 789 465 σκοπεῖν,
820 411 893 454 καί
917 411 972 467 μὴ
992 445 1004 465 ,
1036 414 1378 469 προσδοκωμένης
1406 408 1545 455 ἄλλων

109 476 340 535 ω’φελείας,
385 477 462 534 τὴν
499 479 654 521 οἰκείαν
695 479 920 534 προΐεσθαι
953 481 1177 534 σωτηρίαν.
1230 479 1330 535 πρίν
1356 480 1434 532 μὲν
1464 477 1543 535 γὰρ

81 542 183 591 5τὸν
222 542 404 596 πόλεμον
440 545 684 598 κεκινῆσθαι
721 540 852 598 μέχρι
880 544 1167 600 καθαιρέσεως
1194 541 1366 599 ἔστησεν
1393 540 1445 586 ἂν
1471 543 1547 599 τὴν

103 609 229 664 ὀργὴν
263 607 285 651 ὁ
311 605 681 664 Καντακουζηνός·
729 607 829 655 νυνὶ
862 611 909 652 δὲ
948 607 1055 663 μετὰ
1092 607 1140 651 τὸ
1169 611 1356 652 τοσαῦτα
1383 610 1669 658 ἑκεῖνονΡ.596

102 673 335 733 ἐφύβριστα
355 676 429 716 καί
457 673 572 717 δεινοὶ
595 676 963 730 ὑπομεμενηκέναι,
994 669 1066 727 ὧν,
1094 673 1289 732 ἔφασκεν,
1322 675 1447 717 ου’δὲν
1476 670 1549 728 ἧτ-

105 756 175 784 τον
202 739 336 789 αἴτιος
364 733 479 795 ἦσθα
506 740 579 782 καί
604 740 742 794 αὐτὸς,
769 739 828 796 μὴ
860 738 1161 797 φιλάνθρωπόν
1195 756 1288 783 τινα
1334 739 1407 782 καί
1455 736 1550 781 ἆνε-

107 804 206 861 κτῆν
234 806 323 847 οἴου
354 809 434 849 τῶν
460 804 665 849 τοσούτων
693 808 832 849 κακῶν
859 805 1033 849 ἔσεσθαι
1065 805 1141 861 τὴν
1167 807 1399 862 τιμωρίαν,
1437 803 1546 848 ἀλλὰ

58 869 285 915 ιοθὰνατόν
311 887 357 914 τε
383 869 640 928 ἐφύβριστον
667 873 829 915 σαυτοῦ
867 874 940 914 καί
977 874 1053 914 τοῦ
1067 873 1212 926 γένους
1229 868 1427 922 ἐξώλειαν
1445 887 1550 913 παν-

106 937 191 987 τός.
259 934 370 980 οὕτω
403 936 484 993 γάρ
524 936 763 994 ἀκηκόαμεν
798 939 845 981 ἐκ
871 940 1035 980 πολλῶν
1064 940 1149 980 τῶν
1179 939 1340 979 ἐκεῖθεν
1367 937 1551 993 α’φιγμέ-

107 1019 212 1062 νων,
239 1002 298 1052 ὥς
322 1002 505 1058 μεγάλην
530 1007 628 1045 καθ’
655 1001 776 1060 ἡμῶν
801 1006 883 1046 τῶν
910 1001 1255 1059 πεπολεμηκότων
1281 1000 1370 1055 ἔχει
1397 1001 1470 1056 τήν
1498 1001 1549 1043 α’·

108 1071 323 1124 πέχθειαν.
386 1070 443 1111 δι’
486 1067 515 1111 ἃ
549 1067 678 1119 αιῖτός
702 1085 746 1112 τε
774 1067 931 1124 ἔγνωκα
959 1071 1089 1124 μέχρι
1115 1067 1267 1118 παντὸς
1297 1069 1440 1126 ἐκείνῳ
1472 1082 1550 1109 πο·

107 1139 261 1188 λεμεῖν,
286 1133 358 1177 καί
382 1136 452 1178 σοι’
479 1133 528 1176 τὰ
556 1133 628 1177 ἴσα
658 1136 958 1190 συμβουλεύω,
1007 1137 1081 1178 καί
1105 1132 1165 1189 μη
1194 1134 1245 1176 τὰ
1285 1131 1434 1190 πόρ’ῥω
1476 1134 1552 1175 καί

57 1201 236 1256 ιόμηδὲν
268 1196 468 1256 ὄνήσοντα
497 1204 875 1258 πολυπραγμονεῖν,
920 1202 1013 1244 ἀλλ’
1040 1201 1157 1257 ἡμῶν
1186 1200 1323 1242 αὐτῶν
1349 1199 1550 1254 πρόνοιαν

106 1269 347 1322 ποιεῖσθαι,
393 1262 505 1316 ὅπως
535 1266 834 1322 σωθησόμεθα.
889 1269 1007 1309 τοῦτο
1036 1268 1084 1308 δὲ
1111 1269 1200 1326 κατ’
1228 1266 1380 1307 ου’δένα
1397 1261 1589 1320 τρόπονΒ

106 1331 245 1388 ἕτερον
281 1334 516 1388 περιέσται,
557 1328 586 1388 ἢ
616 1332 685 1375 αἐἰ
710 1330 996 1385 σπουδάζουσι
1022 1331 1093 1376 τὸν
1125 1330 1231 1388 πρὸς
1258 1333 1413 1373 ἐκεῖνον
1443 1326 1552 1372 εἶναι

105 1395 302 1451 πόλεμον.
359 1396 435 1453 τὴν
464 1396 543 1454 γὰρ
573 1400 794 1454 λεγομένην
820 1395 986 1455 εἰρήνην
1013 1400 1148 1455 μηδὲν
1178 1399 1321 1454 ἕτερον
1363 1394 1454 1439 οἴου
1488 1392 1551 1438 εἶ·-

106 1478 199 1515 ναι,
247 1458 277 1518 ἢ
321 1460 508 1518 φανεράν
538 1462 658 1517 ἧμῶν
692 1479 738 1505 τε
782 1465 923 1506 αὐτῶν
964 1463 1038 1506 καί
1071 1464 1235 1505 παίδων
1273 1463 1348 1505 καί
1389 1462 1551 1504 οἰκείων

54 1527 391 1584 2οδιαφθοράν.”
450 1529 625 1570 τοιαῦτα
651 1529 729 1581 μὲν
755 1526 868 1583 ἔλεγε
896 1527 1002 1585 πρὸς
1029 1526 1309 1583 πατριάρχην,
1338 1529 1412 1569 καί
1437 1525 1551 1568 ἔπει-

105 1595 211 1647 θεν,
261 1593 352 1635 οὐδ’
394 1591 524 1635 αὐτὸν
551 1592 658 1649 πρὸς
683 1592 758 1648 τήν
786 1594 953 1649 εἰρήνην
982 1591 1091 1635 πάνυ
1128 1591 1400 1649 ὡρμημένον,
1441 1590 1549 1634 α’λλιὶ

103 1660 269 1713 λέγουσι
306 1664 395 1708 τοῖς
423 1654 566 1708 ἄλλοις
606 1655 840 1714 ἀναγκαίως
869 1657 1162 1712 συνεπόμενον.
1220 1656 1367 1699 ἔπειτα
1396 1658 1552 1712 ἐχρῆτο

103 1727 177 1767 καί
202 1723 306 1781 πρὸς
334 1726 534 1778 βασιλίδα
561 1726 812 1782 πρεσβευτῇ,
840 1724 998 1780 ε’μήνυέ
1024 1739 1070 1766 τε
1095 1725 1285 1779 βασιλίδι
1313 1724 1367 1765 δι’
1398 1724 1554 1777 αὐτοῦ,

103 1788 161 1840 ὥς
189 1791 391 1847 α’ποροιή,
432 1786 530 1834 ὅτου
560 1793 678 1839 ἕνεκα
705 1789 834 1841 αὐτὸς
868 1790 947 1844 μὲν
981 1789 1088 1848 ὑπὲρ
1128 1789 1262 1844 αὐτῆς
1289 1790 1362 1832 καί
1387 1788 1555 1831 παίδων

105 1903 278 1937 eeclesiae
306 1902 531 1949 praesideat,
564 1904 673 1937 etiam
706 1903 760 1936 rei
791 1902 961 1949 publicae
999 1912 1076 1935 esse
1107 1901 1319 1943 dominum,
1344 1905 1550 1947 spectatum

105 1951 203 1984 inter
239 1951 416 1984 Romanos
444 1961 589 1992 omneS,
625 1954 836 1996 patremque
866 1961 907 1983 ac
939 1954 1098 1983 tutorem
1130 1948 1357 1994 imperatoris
1382 1948 1552 1992 appella--

103 2001 197 2037 tum,
219 2007 313 2043 quae
339 1996 577 2042 perpendere,
606 2008 687 2038 nec,
708 1996 793 2029 dum
816 1997 971 2031 aliorum
1002 1995 1188 2041 quaeritur
1211 1996 1364 2035 utilitas,
1392 1995 1551 2027 salutem,

103 2044 288 2088 propriam
325 2043 364 2077 in
395 2045 588 2089 postremis
623 2054 811 2076 numerare
859 2042 1074 2087 oportuerit.
1146 2042 1238 2075 Ram
1273 2046 1357 2074 ante
1392 2040 1546 2080 bellum,

104 2089 248 2134 inquit,
280 2101 394 2135 usque
430 2090 478 2123 ad
511 2090 842 2124 exauctorationem
875 2095 974 2123 tuam
1000 2088 1274 2122 Cantacuzenus
1300 2088 1388 2120 iram
1414 2091 1544 2120 exten-

105 2136 230 2170 disset.
290 2137 385 2177 Iam,
418 2138 504 2184 quia
537 2142 612 2170 tam
644 2135 760 2169 multa
794 2136 1058 2169 contumeliosa
1094 2139 1131 2167 et
1167 2133 1289 2178 gravia
1325 2138 1362 2167 te
1395 2144 1547 2178 quoque

97 2182 325 2219 allaborante
350 2194 473 2227 passus
499 2188 571 2224 est,
597 2193 682 2216 cave
709 2183 918 2222 existimes,
945 2187 1127 2215 tantarum
1159 2181 1374 2213 iniuriarum
1410 2179 1543 2211 h.uma-·

98 2240 183 2263 nam
209 2228 369 2274 aliquam
396 2241 437 2263 ac
464 2229 709 2270 tolerabilem,
729 2230 820 2274 quin
846 2229 967 2274 potius
994 2233 1090 2261 tuam
1118 2227 1231 2271 ipsius
1265 2226 1546 2271 ignominiosam

97 2287 225 2310 necem
251 2281 289 2310 et
312 2276 455 2319 generis
481 2277 598 2310 totius
623 2276 773 2311 exilium
798 2285 955 2321 poenam
978 2274 1068 2308 fore.
1118 2273 1176 2307 Sic
1203 2273 1297 2305 enim
1324 2272 1431 2305 multi
1455 2271 1547 2304 inde

99 2323 148 2355 ad
171 2333 236 2357 nos
261 2322 449 2356 venientes
474 2328 646 2365 narrant,
673 2333 756 2356 eum
779 2323 819 2355 in
842 2331 931 2362 nos,
956 2331 975 2352 a
1000 2320 1134 2366 quibus
1171 2324 1227 2352 est
1255 2319 1359 2352 bello
1392 2319 1542 2352 lacessi-

98 2373 180 2410 tus,
214 2369 362 2402 immani
403 2367 489 2403 odio
520 2369 682 2413 flagrare.
731 2367 978 2414 Quamobrem
1013 2366 1104 2400 mihi
1129 2366 1312 2399 sententia
1336 2369 1412 2405 est,
1437 2365 1544 2399 illum

99 2426 309 2461 oppugnare
342 2420 538 2459 perpetuo,
578 2420 615 2447 et
647 2419 684 2448 te
717 2415 817 2449 idem
841 2415 958 2448 facere
985 2414 1091 2457 cupio
1117 2422 1340 2458 moneoque,
1362 2421 1407 2446 ne
1433 2411 1540 2456 longe

98 2463 228 2507 positis
284 2461 452 2506 nihilque
488 2461 686 2507 profuturis
725 2463 867 2495 curiose
900 2465 937 2493 te
980 2460 1204 2498 immisceas,
1258 2457 1321 2491 sed
1357 2458 1540 2503 quomodo

99 2513 242 2542 nosmet
270 2508 340 2552 ipsi
377 2517 578 2548 servemur,
602 2507 813 2552 provideas,
837 2506 935 2553 quod
973 2506 1120 2552 quidem
1158 2505 1264 2537 aliter
1294 2516 1371 2538 non
1397 2503 1539 2545 licebit,

100 2555 171 2588 nisi
200 2555 338 2588 bellum
364 2555 459 2586 istuc
498 2554 709 2587 continuum
743 2565 819 2588 esse
845 2553 1098 2586 studuerimus.
1146 2551 1236 2584 Nam
1261 2561 1331 2595 pax
1351 2551 1418 2583 ista
1444 2561 1539 2595 quae

101 2600 260 2641 dicitur,
301 2599 392 2633 mihi
431 2600 562 2640 crede,
601 2599 698 2633 nihil
725 2605 779 2633 est
804 2598 928 2638 aliud,
964 2609 1074 2643 quam
1111 2601 1147 2631 et
1170 2602 1291 2630 nostra
1317 2601 1354 2630 et
1379 2597 1541 2631 filiorum

100 2648 460 2693 propinquorumque
484 2650 687 2680 nostrorum
713 2646 912 2679 certissima
936 2644 1104 2688 perditio,
1137 2643 1213 2677 Hoc
1238 2654 1401 2676 sermone
1426 2643 1539 2686 patri-

100 2693 269 2733 archam,
294 2703 363 2726 ncc
387 2693 505 2735 ipsum
529 2703 653 2735 pacem
678 2693 782 2725 valde
808 2691 1047 2734 suspirantem
1068 2715 1077 2731 ,
1117 2690 1179 2723 scd
1211 2690 1360 2729 aliorum
1393 2690 1543 2734 placitis,

102 2741 304 2776 necessario
346 2740 594 2783 suffragantem
639 2740 750 2783 cepit.
818 2736 960 2771 Deinde
1001 2735 1260 2781 imperatricem
1297 2746 1443 2781 quoque
1476 2745 1540 2779 per

103 2786 261 2836 legatum
293 2785 503 2836 appellans,
546 2784 780 2823 vehementer
822 2794 859 2818 se
892 2783 1014 2819 mirari
1038 2782 1174 2829 flixit,
1217 2781 1307 2831 quid
1343 2782 1410 2818 hoc
1448 2784 1545 2815 esset.
