1800 3132
519 175 899 218 HISTORIARUM
939 179 1014 216 111.
1053 177 1097 223 5.
1474 158 1548 234 3⁴7

416 275 428 292 n
481 269 503 286 Ἰ
664 277 675 291 ι
794 274 803 288 r
938 273 952 287 ν
1046 278 1057 293 ,
1341 279 1351 294 ‚
1393 273 1408 289 2
1517 278 1525 290 ι

108 282 327 337 φθαρται,
353 293 425 319 και
453 291 546 319 ουτε
575 280 720 332 φιλιας
745 293 874 332 χαρις
903 279 1079 332 ουδεμια
1095 281 1225 320 κεῖται
1252 294 1338 334 παρ
1380 281 1588 334 ανθρω-Δ.
1600 287 1641 324 C.
1657 287 1739 334 13⁴1

107 362 227 400 ποις,
253 340 343 387 οὔτ’
372 339 575 398 ἀληθείας
600 343 718 396 μέλει
745 342 821 385 καί
846 343 1113 400 δικαιοσύνης
1141 344 1302 387 ου’δενί·
1342 346 1552 400 λογισμῶν

106 428 151 455 τε
177 408 403 467 στεῤῥότης
431 407 593 463 vij-Stat
612 410 658 450 ἐκ
677 410 760 451 τῶν
787 407 1025 464 ἀνθρώπων
1051 411 1126 452 καί
1152 410 1389 467 συλλήβδην
1414 410 1551 454 πάντα

108 475 250 532 ἀγαθοὶ
266 508 278 529 ,
309 477 350 518 εἰ
371 473 425 530 δὴ
455 471 477 516 ὃ
502 476 634 528 μέγας
661 475 904 528 δομέστικος
932 471 1071 531 ὥσπερ
1101 474 1146 517 ἔκ
1174 492 1284 526 τινος
1313 477 1552 525 α’ντιπνοίας

83 536 413 591 δέναντιοότατος
447 538 586 598 ἑαυτῷ
630 542 777 597 φανείς
803 540 879 583 καί
902 543 978 596 τῆς
1001 542 1080 595 μὲν
1108 544 1256 598 φιλίας
1282 543 1554 598 ἐπιλελησμέ-

105 623 175 657 νος
202 609 432 661 βασιλέως,
471 606 685 660 ἀμελήσας
723 608 770 648 δὲ
798 608 872 648 καί
893 609 968 662 τῆς
993 607 1109 666 αὕτῷ
1136 606 1421 664 προσηκούσης
1450 608 1554 663 α’λη-

102 672 224 722 &flag
249 673 324 715 καί
349 669 615 727 δικαιοσύνης
642 671 713 714 καί
739 675 981 728 φιλοτιμίας
1007 674 1091 715 τῶν
1118 675 1256 716 καλῶν
1272 707 1285 727 ,
1314 669 1442 723 αὐτὸς
1471 675 1554 728 μὲν

104 739 314 791 ἐσκέψατο
356 736 660 796 ἀπραγμοσύνῃ
688 736 757 780 τὸν
784 740 997 781 ἐπίλοιπον
1023 741 1116 793 βίον
1147 741 1248 797 ζῇν,
1306 741 1381 794 ἐμὲ
1410 741 1456 783 δὲ
1482 741 1559 783 καί

102 805 260 853 παῖδας
298 802 398 853 τούς
435 803 563 858 ἐμοὺς
599 806 754 859 πολλῆς
792 803 888 846 νυνὶ
927 806 1003 860 τῆς
1044 806 1291 860 κηδεμονίας
1331 807 1554 860 δεομένους

55 866 242 925 ἰοῶσπερ
262 886 302 912 τι
331 867 463 925 βάρος
492 866 684 926 ἀνόνητον
713 870 986 926 ἆηεῤῥίψατο
1022 873 1097 912 καί
1129 873 1371 925 κατέλιπεν,
1411 868 1552 928 ὥσπερ

105 934 336 990 ἀγνοήσας,
375 935 416 977 εἰ
441 932 595 992 δήποτε
635 934 708 978 καὶ
733 934 905 992 μορφήν
933 936 1054 990 ἧμῶν
1083 934 1185 991 ἔγνω
1214 933 1243 992 ἢ
1269 938 1373 994 α’κοῇ
1400 949 1590 993 παρει-Ῑ)

103 1000 232 1058 λη’φει
270 1000 323 1043 τὰ
362 1004 461 1044 καθ’
502 999 630 1056 ἡμᾶς.
686 998 799 1044 οὕτω
840 1004 887 1044 δὲ
913 1001 958 1044 τὸ
989 998 1142 1059 ἄφιλον
1171 1006 1245 1059 τῆς
1281 1005 1360 1058 σῆς
1385 1002 1553 1059 γνώμης

104 1070 179 1109 καί
206 1061 385 1109 ἄστατον
412 1066 486 1109 καὶ
511 1069 713 1122 α’βέβαιον
740 1068 1073 1124 στηλιτεύσασα,
1103 1070 1147 1110 εἴ
1168 1084 1215 1124 γε
1243 1069 1455 1124 συμβαίη,
1484 1067 1558 1111 καί

104 1133 352 1188 τεθνήξομαι
380 1133 537 1188 ἡδέως,
578 1131 695 1189 παρὰ
724 1136 804 1176 σοῦ’
836 1136 956 1184 δίκας
995 1131 1204 1191 α’ρκούσας
1222 1136 1321 1188 ἐμοὶ
1346 1138 1552 1188 λαβοῦσα.

54 1197 175 1244 ’15ἑηί
198 1198 361 1249 τούτοις
389 1201 435 1241 δὲ
462 1201 592 1241 πᾶσιν
619 1195 748 1251 αὖθις
772 1202 852 1243 σοῦ
880 1202 1030 1254 δέομαι
1046 1233 1058 1255 ,
1088 1202 1220 1256 μηδὲν
1247 1205 1549 1257 παρενοχλεῖν,

105 1263 213 1306 ἀλλὰ
251 1267 333 1307 τῶν
358 1281 402 1307 τε
430 1263 564 1320 λόγων
593 1267 860 1320 α’ποσχέσθαι
887 1269 1063 1309 τουτωνί
1099 1268 1174 1309 καί
1198 1265 1252 1310 τά
1281 1269 1429 1310 δέοντα
1456 1282 1551 1309 ποι-

104 1335 165 1371 εῖν
179 1364 192 1384 ,
221 1328 359 1386 ὥσπερ
389 1333 569 1387 έξαρχῆς
596 1330 796 1386 ἐχόμενον
823 1334 906 1375 τῶν
932 1332 1206 1389 πραγμάτων.

214 1395 260 1439 ε’.
320 1401 506 1440 Τοιαῦτα
534 1401 612 1451 μὲν
641 1400 888 1454 α’πεκρίνατο
920 1398 947 1455 ἦ
986 1399 1155 1454 βασιλὶς
1193 1401 1238 1450 ἐξ
1266 1394 1370 1454 ἄγαν
1401 1395 1671 1453 ‹Elymi-2363

105 1478 182 1518 σης
223 1464 296 1504 καὶ
332 1464 597 1520 ὀδυνωμένης
630 1467 785 1520 ψυχῆς.
844 1464 868 1506 ὅ
895 1467 1026 1520 μέγας
1064 1467 1110 1508 δὲ
1140 1467 1382 1519 δὀμέστικος
1410 1462 1549 1519 ὥσπερ

55 1529 379 1583 αοέλεγχόμενος
406 1528 535 1580 αὐτὸς
563 1531 638 1587 ὑφ’
664 1529 844 1584 ἑαυτοῦ,
886 1530 943 1580 οἷς
972 1529 1114 1574 δίκαιά
1141 1547 1187 1574 τε
1217 1529 1325 1585 ὁμοῦ
1352 1531 1428 1573 καί
1451 1547 1555 1586 προ-

107 1591 285 1648 σήκοντα
322 1596 578 1651 ἐφθέγξατο,
617 1598 690 1638 καὶ
721 1598 854 1651 μηδὲν
891 1593 1117 1651 ἀντιλέγειν
1145 1595 1257 1652 ἔχων
1285 1595 1391 1651 πρὸς
1418 1593 1552 1644 οὕτως

107 1659 320 1712 ἀπόδειξιν
347 1662 501 1717 ἐναργῆ
527 1663 602 1716 τῆς
629 1663 850 1717 ἀληθείας,
878 1661 986 1718 πρὸς
1012 1661 1275 1718 πατριάρχην
1291 1664 1369 1716 μὲν
1396 1664 1586 1718 ἐφθέγ-Β

107 1730 206 1778 ξατο
235 1728 381 1782 ου’δὲν,
410 1726 667 1784 παραλαβών
695 1731 743 1771 δὲ
773 1727 927 1782 αὐτὸν,
969 1728 1140 1771 εἴσεισιν
1168 1730 1228 1777 εἰς
1253 1728 1470 1783 βασιλίδα.
1523 1728 1552 1784 ἦ

202 1862 253 1887 ιο.
278 1849 518 1899 α’περῥίψατο
543 1854 606 1896 V.,
631 1853 867 1900 ἀπετρίψατο
891 1854 926 1890 Ρ.
952 1859 990 1889 et
1011 1855 1060 1889 M.

108 1955 159 1989 tia
179 1963 200 1996 ‚'
222 1955 447 1995 summatim,
481 1955 578 1990 bona
613 1957 734 1990 omnia
769 1956 815 1990 ab
847 1955 1058 1991 hominibus
1084 1957 1347 2001 demigrarunt:
1374 1957 1557 2004 siquidem

107 2012 256 2047 magnus
289 2001 508 2036 domesticus
542 2014 607 2036 ceu
648 2009 757 2037 vento
784 2004 935 2038 reflante
960 2005 1109 2037 sibimet
1136 2016 1180 2038 ex
1205 2004 1382 2037 diametro
1408 2011 1556 2038 contra-

108 2049 183 2082 rius
221 2049 358 2088 evasit,
395 2055 432 2082 et
462 2050 670 2091 amicitiae,
706 2061 801 2095 quae
836 2051 893 2083 ini
929 2062 1008 2083 cum
1043 2051 1263 2095 imperatore
1290 2051 1556 2092 intercedebat,

109 2095 266 2135 oblitus,
291 2096 551 2142 neglectaque,
576 2096 675 2143 quod
700 2097 851 2130 minime
878 2096 1052 2137 decebat,
1088 2099 1241 2131 veritate
1279 2103 1389 2142 atque
1414 2098 1555 2140 iustitia

109 2146 148 2175 et
171 2141 372 2175 honestatis
408 2154 527 2177 amore
554 2142 782 2187 posthabito,
820 2145 897 2188 ipse
925 2143 1098 2189 quidem,
1125 2143 1224 2189 quod
1250 2149 1413 2188 superest
1437 2157 1553 2178 anno-

110 2199 207 2229 rum,
232 2200 295 2233 per
319 2190 487 2223 inertiam
514 2190 705 2224 traducere
729 2190 941 2224 constituit:
973 2202 1030 2223 me
1055 2195 1176 2224 autem
1208 2190 1418 2237 liberosque
1451 2202 1551 2224 meos

109 2245 206 2268 nune
229 2235 348 2269 aliena
374 2242 410 2269 et
434 2237 548 2269 muita
572 2236 808 2270 solicitudine
834 2238 1054 2282 indigentes,
1081 2237 1131 2270 ita
1157 2237 1310 2283 reliquit
1332 2248 1374 2270 ac
1400 2239 1431 2271 si
1459 2249 1552 2271 onus

108 2281 241 2315 inutile
267 2283 456 2316 reiiceret:
483 2283 586 2328 quasi
614 2285 793 2324 nesciret,
822 2284 953 2330 ecquid
981 2295 1141 2329 unquam
1160 2295 1225 2317 nos
1249 2283 1294 2316 de
1314 2284 1407 2317 facie
1429 2291 1553 2319 nosset

107 2333 172 2361 aut
195 2338 250 2361 res
275 2336 414 2363 nostras
438 2329 587 2363 auribus
615 2331 823 2375 accepisset.
851 2331 911 2365 Sic
934 2331 1093 2364 animum
1117 2335 1219 2363 tuum
1243 2341 1263 2363 a
1287 2331 1438 2364 colenda
1462 2333 1554 2364 ami-

108 2374 197 2408 citia
220 2375 378 2409 alienum
403 2381 440 2409 et
469 2377 750 2410 inconstantiam
775 2382 876 2411 tuam
908 2377 1078 2413 omnibus
1111 2377 1231 2421 palam
1257 2377 1405 2422 prodam
1433 2384 1492 2420 et,
1520 2379 1551 2410 si

109 2422 162 2455 ita
195 2431 249 2454 res
283 2423 431 2463 tulerit,
464 2425 574 2457 etiam
608 2424 703 2457 laeta
735 2426 894 2466 moriar,
934 2436 1052 2470 poena
1088 2423 1133 2456 de
1169 2428 1205 2456 te
1230 2428 1360 2462 sumta.
1407 2425 1472 2458 His
1507 2425 1552 2458 de

110 2467 226 2500 causis
251 2480 390 2502 rursum
411 2475 448 2503 te
472 2480 548 2509 oro,
572 2481 619 2503 ne
645 2469 767 2503 turbas
793 2483 958 2505 moveas:
994 2471 1057 2504 sed
1081 2469 1200 2502 verbis
1228 2469 1433 2506 istiusmodi
1460 2478 1553 2506 tem-

109 2525 260 2560 perans»,
284 2521 325 2548 ut
347 2515 391 2548 ab
415 2516 523 2549 initio
549 2516 714 2557 solebas,
739 2529 812 2550 rem
838 2518 1022 2563 publicam
1047 2516 1288 2550 administrem

205 2561 239 2594 5.
285 2561 360 2595 Hoc
383 2573 593 2607 responsum
622 2575 640 2595 e
672 2565 826 2597 nimium
859 2565 1007 2598 dolente
1043 2569 1080 2598 et
1114 2563 1250 2596 afflicto
1287 2568 1434 2608 pectore
1464 2576 1554 2610 pro-

112 2609 245 2641 fectum
278 2609 418 2641 remisit
450 2611 670 2654 imperatrix.
720 2611 869 2656 Magnus
902 2617 1022 2646 autem
1061 2610 1280 2643 domesticus
1314 2614 1497 2657 tamquam
1531 2625 1553 2646 a

111 2655 305 2698 semetipso
330 2657 537 2696 convictus,
565 2667 642 2689 eam
668 2658 763 2691 iusta
790 2659 997 2702 rationique
1033 2662 1275 2690 consentanea
1299 2656 1483 2700 locutam,
1515 2665 1553 2693 et

111 2699 206 2734 nihil
230 2702 324 2746 potis
350 2701 440 2735 adeo
470 2703 683 2737 manifestae
713 2706 876 2738 veritatis
908 2702 1451 2749 demonstrationiopponere,
1487 2718 1554 2751 pa-

112 2747 290 2780 triarchae
315 2748 460 2794 quidem
493 2749 586 2783 nihil
618 2751 833 2794 respondet:
868 2751 932 2784 sed
960 2762 1040 2785 cum
1066 2762 1108 2784 eo
1133 2749 1180 2782 ad
1205 2750 1468 2794 imperatricem
1493 2756 1554 2788 in·-

113 2793 282 2839 greditur.
342 2796 446 2842 Quae
481 2796 598 2841 primo
637 2798 714 2831 eius
758 2802 904 2844 aspectu
943 2797 1068 2833 dolore
1110 2808 1303 2843 oppressa,
1349 2798 1413 2832 diu
1451 2801 1550 2847 largo
