1800 3138
536 175 912 219 msTomAme
951 178 1023 216 m.
1057 177 1125 220 35.
1429 176 1457 210 2
1473 176 1490 210 1
1505 154 1535 210 5

116 274 238 335 ὀλίγῳ
267 276 466 333 πρότερον
493 275 813 330 α’ντιστήσεσθαι
846 275 931 323 τοῖς
958 274 1143 327 βασιλίδι
1165 274 1389 326 πολεμοῦσι
1415 274 1582 327 μέχριΔ.
1602 277 1733 323 Ο.ι34α

114 343 187 384 καί
210 345 284 386 τοῦ
311 342 503 384 δυνατοῦ.
529 341 627 389 τούς
651 356 695 381 τε
717 337 866 394 ὅρκους
883 341 1102 394 τοιγαροῦν
1125 339 1383 394 τετηρηκέναι
1403 338 1544 393 ἄσφα-

114 411 217 461 λῶς,
258 406 331 449 καί
366 405 412 448 τὸ
439 409 516 448 νῦν
551 410 778 448 λυσιτελεῖν
805 402 1056 460 φαινόμενον
1090 406 1136 447 ἑκ
1163 406 1246 446 τῶν
1282 400 1539 459 πραγμάτων

112 474 307 528 πράττειν
330 475 420 525 μετ’
446 468 773 526 εὐγνωμοσύνης.
814 466 915 511 ὅθεν
947 464 1057 519 ἄξιοι
1085 466 1326 524 συγγνώμης
1354 466 1537 519 νομίζειν
1558 469 1583 500 Β

89 535 224 583 5εἶναι
253 536 496 593 παράὖτῷ.
553 537 718 577 δεῖσθαι
737 535 878 588 μέντοι
899 533 972 576 καί
998 536 1071 588 τῆς
1099 535 1153 575 δι’
1182 530 1315 588 ὅρκων
1343 532 1542 588 ἀσφαλεί-

118 618 190 653 ας,
224 601 282 651 ὥς
314 602 437 643 οῦδὲν
463 603 674 643 πείσονται
703 597 834 642 δεινὸν
860 602 942 642 τῶν
968 597 1075 641 κατὰ
1101 597 1174 641 τὸν
1193 596 1372 651 πόλεμον
1400 593 1542 646 αὖτοῖς

113 668 392 721 εἰργασμένων
432 665 549 708 ἕνεκα
586 668 658 707 καί
696 667 779 708 τῶν
806 663 966 719 ὕβρεων
986 697 996 715 ,
1047 663 1095 705 αἳ
1118 662 1231 719 παρὰ
1269 662 1445 719 φαύλων
1471 663 1544 702 καί

111 735 184 775 τοῦ
210 731 382 787 μηδενὸς
410 733 536 781 α’ξίων
577 728 808 789 ἆνθριόπων
845 729 1031 786 εἴρηνται
1069 728 1171 785 πρὸς
1199 726 1349 781 αὖτὸν,
1388 730 1470 770 τῶν
1497 729 1543 768 έν

112 795 218 854 λόγῳ
257 795 421 839 πάντων
458 793 642 850 μάλιστα
680 798 919 849 α’νιωμένων
962 794 1034 836 καί
1079 793 1156 850 τήν
1203 795 1426 835 α’κολασίαν
1467 795 1541 846 τῆς

66 860 290 916 ιογλώττης
317 863 544 915 τιθεμένων
571 864 615 904 ἑν
645 864 776 919 δεινῷ,
807 862 1004 913 οὐδεμιᾶς
1028 859 1108 914 γὰρ
1142 856 1301 914 ὕβρεως
1328 859 1540 913 ἐφείδοντο

115 925 286 975 ἑστῶτες
313 926 385 969 ἐπὶ
409 930 492 969 τῶν
517 930 678 982 τειχῶν,
735 924 831 969 ὅθεν
858 927 936 967 καί
958 941 1055 966 ποτε
1083 926 1288 979 βασιλέως
1325 925 1370 965 ἑν
1400 919 1541 971 ὅπλοις

110 990 325 1047 παριόντος
351 995 424 1034 καί
457 991 507 1035 τὰ
551 995 671 1048 τείχη
700 992 1080 1044 κατασκεπτομένου
1128 988 1197 1031 διὰ
1227 988 1303 1044 τὴν
1342 1003 1541 1042 τειχομα-

108 1058 232 1110 χίαν,
279 1063 390 1112 τρεῖς
425 1073 531 1108 τινες
559 1054 730 1107 ἑστῶτες
768 1058 838 1099 ἑπί
861 1059 944 1098 τῶν
971 1058 1123 1108 τειχῶν
1140 1087 1152 1109 ‚
1193 1058 1350 1108 μᾶλλον
1378 1057 1462 1095 τῶν
1490 1049 1540 1092 ὕ-

108 1125 240 1178 βρεων
274 1123 476 1179 ἠφείδουν
501 1125 710 1178 γνωρίμου
744 1124 972 1177 γινομένου.
1027 1120 1049 1162 ὅ
1079 1122 1125 1162 δὲ
1154 1118 1274 1174 ὲγγύς
1300 1116 1511 1174 γενόμενος
1520 1120 1582 1170 ,V-
1597 1121 1663 1167 375

61 1185 265 1243 ιόἤρῶτα,
295 1190 334 1230 εἰ
359 1188 527 1241 εἰδότες,
557 1186 667 1239 ὅστις
695 1187 776 1243 εἴη,
806 1188 1050 1243 ὑβρίζουσιν
1076 1184 1205 1234 οὕτως
1224 1186 1422 1241 ἀφειδῶς.
1451 1180 1583 1231 ὲνύςῦ

109 1255 155 1295 δὲ
199 1255 552 1309 ἀποκριναμένου,
592 1253 649 1302 ῶς
671 1251 850 1306 μάλιστα
890 1254 1060 1304 εἰδεῖεν,
1098 1250 1171 1292 καί
1211 1249 1279 1292 διὰ
1323 1252 1442 1291 τοῦτο
1469 1249 1543 1290 καί

107 1319 292 1373 ὑβρίζειν
319 1322 479 1360 πολλῶν
507 1314 605 1361 ὄντα
633 1314 750 1369 ἄξιον
779 1318 1022 1372 λοιδοριῶν,
1064 1313 1124 1358 ὅτι
1155 1313 1386 1369 ἀποστάτης
1425 1328 1540 1368 γεγο-

109 1383 190 1432 νώς
217 1389 303 1432 τοῖς
328 1386 536 1438 βασιλέως
563 1383 836 1437 ἐπεβούλευσε
869 1384 991 1424 παισί
1017 1384 1089 1423 καί
1116 1383 1312 1433 ου’δεμιᾶς
1339 1380 1539 1432 ἀπέσχετο

105 1450 250 1502 πείρας
270 1450 506 1490 α’ποκτεῖναι
524 1446 625 1497 τούς
651 1449 777 1489 οὐδὲν
799 1447 1044 1502 ἠδικηκότας
1065 1464 1122 1500 μη
1125 1445 1386 1499 χανῶμενος·
1414 1442 1539 1496 „mire

54 1514 175 1558 aod-“s'’
221 1511 380 1568 εἰρηκεν
418 1510 439 1553 ὅ
479 1510 676 1566 βασιλεύς
706 1514 807 1564 „gna”
831 1512 946 1566 δίκην
975 1508 1254 1562 καταστάντα,
1294 1506 1356 1551 ὅτι
1394 1508 1452 1563 μη
1485 1507 1538 1550 τὰ

112 1574 350 1632 ἐγκλήματα
389 1575 602 1632 ἠδυνήθην
643 1573 963 1628 ἀπολύσασθαι,
1000 1578 1345 1630 κατεψηφίσασθε
1384 1575 1540 1623 ᾆδικεῖν

109 1641 235 1683 αὐτοὶ
253 1643 326 1683 καί
352 1643 558 1696 ἐπιορκεῖν
585 1642 657 1682 καί
675 1642 848 1683 τοιαῦτα
865 1672 876 1691 ,
898 1637 964 1683 οἶα
983 1641 1130 1693 λέγετε,
1151 1640 1304 1694 τολμᾷν
1313 1640 1350 1689 ,·”
1377 1639 1458 1679 τῶν
1475 1639 1538 1689 δὲ,

108 1705 281 1761 ἔναγχος
301 1706 608 1760 έκΒυζαιτίου,
635 1704 849 1758 εἰπόντων,
882 1702 1018 1761 ἥκειν,
1054 1707 1097 1747 ὲν
1124 1698 1156 1763 ᾧ
1194 1702 1246 1746 τὰ
1285 1700 1387 1744 κατὰ
1417 1706 1539 1756 βασι-ι

196 1823 231 1857 6.
256 1820 386 1859 δεινὸν
409 1832 478 1856 om.
502 1822 542 1856 Ρ.

106 1932 296 1977 pei-atticis
325 1930 490 1965 hostibus
523 1935 701 1977 quantum
735 1932 897 1967 valerent
943 1931 1139 1965 restitutos.
1200 1928 1306 1972 Quod
1340 1929 1538 1969 iurassent,

108 1979 332 2022 praestitisse
356 1978 528 2011 hacteuus
552 1978 731 2012 fideliter:
769 1983 806 2011 et
830 1977 928 2024 quod
957 1988 1051 2010 nunc
1081 1988 1134 2010 res
1162 1974 1235 2020 ipsa
1263 1975 1351 2008 utile
1379 1975 1538 2007 futurum

110 2023 257 2065 doceat,
299 2023 339 2057 id
375 2035 493 2070 aequo
526 2026 647 2058 animo
688 2025 855 2060 facturos.
905 2024 1030 2056 Putate
1069 2022 1200 2067 igitur,
1235 2032 1272 2053 se
1303 2020 1428 2064 dignos
1460 2030 1538 2053 esse

109 2070 227 2103 venia.
274 2070 414 2115 Cupcre
441 2076 560 2104 tamen
591 2071 822 2104 iureiurando
857 2070 927 2103 sibi
966 2069 1102 2109 caveri,
1147 2067 1200 2100 nil
1236 2077 1338 2111 grave
1374 2076 1538 2109 passuros

110 2115 159 2148 ob
193 2127 259 2156 ea,
293 2127 386 2162 quae
415 2117 628 2151 durantibus
661 2117 768 2151 armis
799 2118 1074 2151 commisissent:
1119 2113 1165 2147 ob
1194 2112 1351 2145 convicia
1379 2113 1540 2153 scilicet,

111 2172 205 2206 quae
230 2172 304 2195 non
330 2163 409 2196 sine
436 2173 572 2197 summo
598 2163 723 2197 dolore
747 2163 905 2199 virorum
935 2162 1092 2206 gravium
1125 2158 1257 2192 abiecti
1283 2164 1318 2190 et
1342 2158 1446 2191 nauci
1473 2157 1542 2190 ho-

110 2209 225 2240 mines
249 2209 394 2253 procaci
418 2208 540 2254 lingua
572 2210 610 2242 in
638 2220 719 2243 eum
743 2209 992 2243 contorserint.
1041 2206 1158 2240 Nullis
1192 2204 1368 2249 siquidem
1398 2203 1540 2248 probris

116 2259 252 2286 stantes
289 2252 327 2287 in
370 2256 479 2288 muris
503 2254 716 2299 parcebant:
753 2262 794 2290 ut
818 2256 924 2288 etiam
948 2252 1142 2300 aliquando
1166 2256 1300 2284 armato
1330 2250 1542 2294 imperatore

110 2299 305 2333 accedente
328 2305 365 2333 et
388 2303 528 2335 moenia
553 2307 700 2346 propter
723 2302 1027 2345 oppugnationem
1047 2298 1310 2342 contemplante
1326 2320 1335 2335 ‚
1362 2301 1432 2328 tres
1456 2296 1541 2342 qui-

111 2346 192 2379 dam
219 2356 262 2379 eo
287 2346 428 2389 cognito
459 2348 606 2380 effusius
633 2348 902 2381 maledicerent.
950 2346 1023 2390 Qui
1055 2345 1201 2389 propius
1232 2341 1402 2376 accedens
1426 2353 1540 2387 quae-

110 2392 216 2432 sivit,
245 2403 331 2425 num
359 2392 512 2426 scientes
535 2394 617 2439 quis
636 2399 752 2433 esset,
774 2393 864 2427 adeo
886 2391 1090 2426 liberaliter
1114 2388 1346 2423 contumelias
1370 2387 1539 2422 dicerent.

110 2437 243 2471 Eorum
273 2447 344 2470 uno
370 2438 632 2484 respondente,
654 2440 833 2480 maxime,
871 2444 908 2472 et
932 2438 1063 2471 idcirco
1088 2435 1217 2481 probra
1252 2433 1422 2475 sundere,
1456 2435 1540 2479 qui-

111 2484 179 2516 bus
204 2483 280 2528 ipsc
303 2484 425 2518 multis
450 2484 580 2528 diguus
614 2491 728 2525 esset,
764 2485 863 2530 quod
886 2484 997 2517 fracta
1033 2483 1124 2523 fide,
1163 2481 1386 2524 imperatoris
1414 2480 1540 2515 liberis

111 2529 347 2563 insidiaretur
365 2541 560 2576 omnesque
576 2531 650 2565 vias
669 2531 876 2575 indagaret,
899 2542 971 2575 quo
996 2530 1077 2562 illos
1101 2527 1293 2560 meditatae
1313 2526 1359 2559 ab
1376 2537 1414 2560 se
1435 2526 1541 2561 morti

113 2579 274 2616 offerret,
299 2588 316 2608 a
341 2576 472 2621 quibus
490 2577 625 2610 nullam
653 2588 812 2622 unquam
833 2577 1002 2610 sensisset
1016 2574 1194 2607 iniuriam.
1230 2571 1384 2617 Quando
1409 2578 1541 2613 autem,

112 2622 254 2665 excepit
275 2621 564 2663 Cantacuzenus,
590 2623 628 2656 in
654 2623 830 2656 iudicium
853 2634 908 2655 me
932 2626 1095 2654 vocatum
1111 2644 1120 2659 ‚
1145 2618 1229 2664 quia
1254 2618 1447 2651 dissolvere
1472 2619 1540 2651 cri-

112 2669 208 2700 mina
234 2679 305 2700 non
331 2669 453 2712 potui,
481 2673 518 2700 et
542 2669 693 2702 iniuriae
719 2675 755 2702 et
778 2668 927 2712 periurii
952 2673 988 2700 et
1014 2665 1119 2698 huius
1144 2663 1298 2704 sceleris,
1321 2665 1418 2709 quod
1443 2664 1542 2696 obii·

115 2714 195 2746 citis
214 2738 222 2752 ,
245 2725 300 2746 me
329 2715 619 2747 condemnastis?
658 2713 972 2759 Respondentibus
999 2712 1092 2750 illis,
1127 2711 1236 2754 paulo
1265 2715 1346 2743 aute
1374 2711 1541 2753 Byzantio

114 2759 276 2801 venisse,
301 2771 320 2792 a
349 2771 421 2806 quo
446 2771 537 2806 quae
561 2760 638 2805 ipse
662 2761 700 2795 in
723 2762 978 2806 imperatorem
1000 2757 1262 2791 adolescentem
1285 2767 1447 2802 perverse
1470 2767 1542 2790 ma-
