1812 3146
290 171 402 238 482
825 184 1192 229 CANTACUZENJ

94 291 549 347 Α.Ο.ι344γωνίσασθαι
584 287 739 342 πολλῆς
791 285 1032 341 ἀναπαύλης
1069 282 1381 339 ἀπολαύσαντι,
1423 285 1532 327 ὀὐδὲ
1571 282 1726 346 ταύτην

287 371 356 399 σοι
374 353 451 410 τὴν
475 351 604 408 χάριν
633 352 851 407 ἀποκνὴσω
874 351 1165 411 καταθεῖναι.”
1195 352 1366 392 τοιαῦτα
1391 351 1470 403 μὲν
1493 349 1726 406 ἀντέγραφε

288 424 359 464 καί
387 417 608 472 βασιλεύς·
636 418 742 471 μετὰ
773 419 819 460 δὲ
844 415 1042 473 τετάρτην
1069 414 1112 466 ἐξ
1153 417 1310 470 ἐκείνης
1358 410 1487 470 ἦλθεν
1514 416 1574 464 εἷς
1595 413 1727 470 Ἡρά-

286 493 427 530 κλειαν
478 486 548 526 καί
588 486 822 539 περιέμεινε
869 482 949 538 πρὸ
991 484 1076 525 τῶν
1113 482 1254 523 πυλῶν
1294 478 1422 530 ἑστώς
1464 482 1533 537 ἐφ’
1552 478 1724 523 ἱκανόν·

285 554 378 594 ἐπεὶ
407 551 452 593 δὲ
484 549 622 599 ου’δείς
661 548 926 607 ἀντεπεξῄει,
965 547 1011 591 τὸ
1051 547 1194 589 λοιπὸν
1220 544 1398 596 ὁδεύσας
1435 546 1510 601 τῆς
1539 543 1750 601 ἧμὲρας,5

283 618 487 675 ηὐλίσατο
515 615 590 670 τὴν
616 613 745 657 νύκτα
771 614 888 671 παρὰ
915 613 1105 667 ποταμὸν
1131 609 1537 669 προσαγορευόμενον
1565 612 1724 666 Ἁλμυ-

284 683 388 739 ρὸν,
429 680 583 736 μεταξύ
614 682 852 736 Σηλυβρίας
882 681 954 722 καί
990 678 1257 734 Ἡρακλείας.
1313 679 1373 728 εἰς
1399 677 1474 733 τὴν
1499 677 1725 734 ὑστεραίαν

284 750 331 791 δὲ
378 748 759 804 ἐστρατοπέδευσαν
789 745 916 801 παρὰ
954 744 999 787 τὸ
1052 746 1287 800 Δαφνίδιον
1329 742 1570 798 λεγόμενον,
1610 741 1723 786 Υἔνθα

243 812 480 868 Ββασιλεύς
518 815 597 866 μὲν
637 811 773 866 ἐμεινε
802 810 917 867 παρὰ
948 809 993 853 τὸ
1023 808 1303 866 στρατόπεδον
1330 806 1421 862 ἅμα
1449 807 1603 863 ὄλίγοις
1637 808 1724 850 τῶν

276 879 521 934 Ῥωμαίων·
549 876 575 934 ἦ
604 877 727 933 λοιπὴ
759 880 805 920 δὲ
836 874 1010 932 στρατιὰ
1040 875 1145 929 μετὰ
1172 877 1246 930 τῆς
1289 876 1508 930 Περσικῆς
1547 872 1600 916 τὰ
1627 874 1778 930 περίῐο

280 942 518 996 Βυζάντιον
557 945 819 999 κατέδραμον
855 942 991 984 πάντα
1032 937 1136 996 ἄχρι
1180 941 1472 995 Προποντίδος
1519 941 1592 982 καί
1627 937 1725 982 ἐκοί-

280 1026 421 1052 κωσαν
448 1011 492 1058 ἐς
519 1007 571 1051 τὰ
599 1008 797 1062 μάλιστα.
849 1006 1097 1049 ἀπέκτεινάν
1125 1022 1167 1048 τε
1193 1004 1274 1060 γάρ
1305 1004 1344 1047 οἱ
1370 1002 1581 1060 βάρβαροι
1609 1005 1724 1046 πλεί-

247 1091 407 1128 ,στους
445 1074 519 1117 καί
554 1072 943 1130 ἦνδραποδῗσαντο,
999 1071 1216 1129 φεύγοντές
1258 1087 1302 1114 τε
1335 1069 1440 1127 πρὸς
1465 1069 1538 1125 τὴν
1565 1071 1724 1113 θάλασ-

280 1157 361 1184 σαν
402 1141 476 1183 καὶ
508 1142 675 1190 πλειόυς
710 1138 981 1192 ἐμπίπτοντες
1022 1139 1068 1179 ἐν
1094 1143 1180 1187 τοῖς
1206 1138 1397 1191 λέμβοις,
1438 1132 1468 1191 ἢ
1495 1132 1618 1185 ὅσους
1647 1136 1725 1192 φέ-

269 1204 369 1262 ιρειν
396 1201 503 1261 ἦσαν
531 1203 704 1247 δυνατοὶ
712 1237 725 1256 ,
757 1199 893 1252 ἄλλως
911 1219 955 1245 τε
976 1203 1049 1245 καί
1063 1202 1146 1244 ὑπὸ
1174 1204 1250 1244 τοῦ
1279 1199 1466 1257 θορύβου
1497 1201 1776 1247 ἀτακτοῦν-ι5

278 1287 371 1324 τες,
402 1271 672 1324 ἀπεπνίγοντο
700 1267 1041 1325 ἀνατρεπόμενοι.
1095 1267 1169 1310 καὶ
1197 1274 1391 1317 παντοῖος
1418 1262 1469 1322 ἦν
1495 1266 1519 1309 ὅ
1548 1262 1724 1323 ὄλεθρος

278 1335 382 1379 κατὰ
409 1334 485 1390 τὴν
512 1333 665 1391 ἔφοδον
693 1333 877 1389 ἐκείνην·
923 1334 1196 1389 βοσκημάτων
1230 1349 1276 1375 τε
1314 1331 1396 1388 γὰρ
1429 1327 1592 1387 ἤλασαν
1617 1335 1724 1388 πλῆ-

271 1402 356 1451 θος
383 1401 458 1443 οὐκ
486 1399 625 1453 ὀλίγον
661 1400 735 1440 καί
765 1396 1014 1454 ἀνθρώπους
1043 1395 1336 1451 αἰχμαλώτους
1362 1396 1408 1439 τὸ
1438 1395 1723 1452 βαρβαρικὸν,

241 1468 358 1509 Οκαί
397 1464 475 1515 τοὶς
507 1467 701 1513 πλείστας
726 1466 807 1506 τῶν
845 1465 996 1516 κωμῶν
1022 1464 1266 1518 ἐνέπρησαν,
1322 1462 1438 1506 αἰτία
1470 1464 1517 1505 δὲ
1539 1463 1724 1516 μάλιστα

278 1535 350 1588 τῆς
379 1527 581 1586 τοσαύτης
611 1531 776 1585 φθορᾶς
804 1530 962 1583 ἐγένετο
1002 1528 1025 1569 ὅ
1051 1530 1184 1583 μέγας
1211 1526 1324 1579 δούξ.
1377 1527 1508 1570 πολλὰ
1537 1527 1620 1584 γὰρ
1647 1544 1777 1582 με-αο

278 1595 555 1653 γαλαυχήσας
581 1598 653 1637 καί
679 1593 874 1649 φυσήσας
901 1591 970 1636 ὅτε
997 1593 1199 1650 ἐξήλαυνε
1226 1594 1487 1647 Βυζαντίου,
1515 1595 1588 1636 καί
1610 1595 1721 1650 ἕταρ’-

280 1663 370 1719 ῥεῖν
397 1661 621 1714 κελεύσας,
665 1659 723 1709 ὥς
752 1659 890 1709 ου’δεὶς
919 1657 1204 1715 ἀντιστήσεται
1229 1662 1311 1702 τῶν
1337 1662 1569 1714 πολεμίων,
1615 1657 1721 1701 ἀλλὰ

277 1730 438 1775 πάντας
467 1722 600 1782 ἄρδην
628 1725 848 1782 ἐπιφανεὶς
877 1728 1124 1782 διαφθερεῖ,
1154 1725 1247 1768 ἐπεὶ
1276 1727 1497 1779 ἐναντίως,
1536 1721 1565 1780 ἦ
1593 1722 1724 1774 αὖτὸς

278 1795 578 1849 ἐπηγγέλλετο,
607 1795 833 1846 ἀπέβαινε,
884 1794 957 1834 καί
994 1790 1188 1848 τειχήρης
1222 1790 1330 1834 κατὰ
1362 1789 1437 1848 τὴν
1471 1790 1724 1848 Ἡράκλειαν

373 1910 405 1945 7.
431 1898 669 1945 Σηλυμβρίας
689 1897 724 1930 Ρ.

280 1998 362 2021 cum
394 1987 609 2032 confligere,
648 1997 769 2032 neque
802 1984 896 2020 hanc
930 1985 999 2020 tibi
1027 1985 1179 2031 gratiam
1203 1984 1356 2020 tardabo
1381 1990 1574 2030 praestare.
1623 1987 1719 2021 Haec

275 2035 480 2078 rescripsit,
509 2038 546 2065 et
570 2038 698 2078 quarta
726 2033 807 2066 luce
834 2033 1032 2066 Heracleae
1058 2038 1141 2066 ante
1164 2038 1286 2077 portas
1311 2033 1477 2065 constitit
1498 2032 1628 2079 ibique
1653 2034 1718 2067 diu

280 2080 423 2114 hostem
461 2080 693 2124 exspectavit.
755 2079 909 2113 Nemine
935 2080 981 2113 ad
1006 2090 1160 2124 pugnam
1183 2079 1408 2123 prodeunte,
1433 2079 1616 2124 reliquum
1642 2079 1718 2114 diei

281 2127 322 2160 in
357 2128 489 2160 itinere
526 2137 691 2171 ponens,
729 2132 835 2159 nocte
872 2126 918 2159 ad
940 2126 1088 2159 fluvium
1112 2124 1349 2169 Halmyrum,
1382 2123 1584 2169 Selybriam
1621 2127 1718 2160 inter

281 2178 319 2207 et,
356 2173 579 2214 Heracleam,
616 2172 792 2208 consedit.
841 2173 1019 2206 Postridie
1057 2173 1097 2205 in
1133 2172 1212 2205 loco
1246 2171 1498 2215 Daphnidium
1531 2173 1716 2218 appellato

278 2219 460 2259 tetendit,
495 2219 559 2252 ubi
593 2219 671 2264 ipse
707 2228 786 2251 cum
820 2220 942 2264 paucis
975 2218 1140 2251 Romanis
1172 2228 1210 2251 se
1238 2220 1362 2251 castris
1389 2221 1594 2253 continuit:
1632 2220 1718 2253 reli-

281 2277 374 2310 quus
414 2266 592 2299 exercitus
632 2276 676 2297 ex
700 2266 812 2298 Persis
848 2264 1086 2299 auxiliaribus
1110 2264 1189 2296 loca
1217 2265 1338 2298 omnia
1363 2265 1535 2308 Byzantio
1561 2266 1716 2299 finitima

279 2323 395 2357 usque
431 2311 476 2345 ad
508 2310 767 2357 Propontidem
802 2322 882 2344 cum
912 2310 1079 2345 extremis
1107 2310 1273 2344 cladibus
1298 2311 1505 2345 incursavit.
1562 2312 1716 2346 occide-

279 2363 364 2390 ‘runt
401 2359 498 2390 enim
532 2363 569 2391 et
605 2359 763 2403 captivos
792 2363 989 2403 rapuerunt
1019 2356 1077 2390 illi
1101 2356 1246 2390 barbari
1272 2358 1440 2392 mortales
1465 2369 1572 2404 quam
1597 2359 1718 2402 pluri..

279 2414 375 2436 mos:
410 2403 549 2450 pecoris
589 2414 734 2449 quoque
771 2404 844 2436 vim
871 2405 1051 2449 ingentem
1077 2402 1294 2448 abegerunt:
1320 2410 1357 2438 et
1377 2405 1472 2437 vicos
1496 2415 1621 2450 magno
1643 2417 1714 2438 nu·

279 2460 378 2482 mero
416 2456 639 2485 exusserunt.
699 2449 772 2492 Qui
808 2450 853 2483 ad
888 2460 984 2483 mare
1009 2449 1217 2492 fugiebant,
1254 2462 1335 2483 cum
1365 2451 1402 2483 in
1427 2451 1565 2484 lembos
1590 2452 1713 2484 insili-

281 2500 364 2528 rent
390 2497 534 2539 plures,
576 2508 681 2542 quam
715 2496 801 2530 ferri
825 2502 1013 2540 poterant,
1047 2495 1093 2529 ad
1116 2496 1206 2528 haec
1231 2498 1338 2530 etiam
1370 2508 1456 2542 prae
1489 2498 1644 2530 tumultu
1672 2509 1713 2531 ac

280 2542 525 2585 trepidatione
553 2544 716 2576 ordinem
742 2543 882 2576 nullum
907 2548 1084 2582 tenerent,
1107 2543 1180 2575 illis
1205 2545 1335 2577 eversis
1361 2544 1710 2589 summergebantur:

281 2587 487 2633 licebatque
527 2600 566 2622 ea
599 2589 804 2622 incursione
842 2590 1028 2633 adspicere
1066 2591 1201 2622 variam
1239 2592 1466 2623 saevissimae
1498 2591 1710 2623 calamitatis

277 2633 481 2678 imaginem.
541 2636 656 2668 Huius
687 2641 808 2669 tantae
841 2635 1055 2680 perditionis
1091 2636 1195 2679 culpa
1224 2647 1334 2680 penes
1383 2647 1547 2681 magnum
1581 2636 1709 2670 ducem

278 2679 361 2712 fuit.
421 2681 512 2713 Cum
545 2683 640 2714 enim
684 2683 855 2726 Byzantio
893 2681 1078 2726 egrediens
1112 2682 1281 2725 superbia
1303 2682 1464 2716 tumidus
1487 2682 1709 2718 Thrasonica

277 2725 387 2759 verba
424 2726 575 2760 iactaret
608 2728 822 2774 iuberetque
858 2729 1064 2767 confidere,
1097 2728 1237 2762 nullum
1272 2728 1432 2762 hostium
1456 2740 1494 2763 se
1517 2729 1708 2772 oppositu-

278 2775 381 2814 ἰ’-ωτι,
413 2772 478 2807 sed
504 2784 569 2807 suo
602 2779 744 2809 tantum
779 2779 974 2822 conspectu
1008 2784 1132 2810 omnes
1166 2786 1205 2810 se
1243 2775 1290 2809 ad
1314 2787 1432 2811 funum
1463 2775 1710 2822 perditurum,
