1800 3138
302 193 317 226 ι
330 172 404 246 96
821 184 1188 230 CANTACUZEM

99 298 182 334 Ac.
200 299 283 344 1342
293 291 464 346 ὀλίγους,
496 290 568 344 τήν
596 287 797 343 στρατιὰν
825 286 977 341 πολλὴν
1004 289 1078 328 καί
1101 283 1267 340 ἀγαθήν
1294 277 1424 325 οὖσαν
1451 281 1717 337 παραλαβών,

293 357 441 410 ἐξῆλθε
477 355 784 407 Διδυμοτείχου
826 355 984 408 πέμπτῃ
1019 352 1215 405 Μαρτίου
1243 348 1468 401 ἱσταμένου
1497 349 1569 402 τῆς
1598 345 1716 387 δεκάὲ-

291 437 361 475 της
405 422 669 468 ἰνδικτιῶνος.
743 413 988 472 προῦπεμπέ
1026 431 1071 457 τε
1109 412 1262 456 ἑαυτοῦ
1291 416 1607 455 Κωνσταντῖνον
1645 408 1718 453 τὸν

293 483 602 538 Παλαιολόγον,
631 482 701 524 τὸν
730 479 927 524 δεσπότου
959 478 1140 534 Μιχαὴλ
1168 481 1243 521 τοῦ
1271 476 1418 526 δουκὸς
1445 476 1552 529 υἱὸν,
1580 476 1636 524 ὥς
1663 477 1718 516 δι’

293 550 423 590 αὐτοῦ
447 551 529 590 τῶν
558 545 782 589 δοκούντων
822 550 1047 587 λυσιτελεῖν
1085 560 1175 585 τινα
1202 537 1742 599 προπαρασκευασόμενος.>5

292 612 313 653 ὃ
354 615 394 654 δ’
434 613 584 654 αὐτίκα
627 610 733 666 πρὸς
763 609 926 666 Συργήν
962 609 1171 664 ἀφίστατο
1199 609 1243 649 έν
1273 610 1457 662 Φεραῖς,
1503 604 1582 647 εἴτε
1621 603 1721 660 περὶ

289 679 362 731 τῆς
390 678 521 725 οἰκίας
555 677 719 728 δείσας,
751 676 970 731 (Φεραίοις
998 673 1075 727 γάρ
1103 670 1276 728 συνῴκει
1288 675 1321 728 ,)
1360 671 1442 714 εἴτε
1482 669 1555 712 καὶ
1581 671 1718 711 οἶωνι-

290 741 467 794 σάμενος
510 743 555 782 ἑκ
591 743 661 796 τῆς
703 742 783 782 τῶν
823 738 982 780 πόλεων
1013 738 1292 790 α’ποστασίας,
1321 736 1377 785 ὥς
1405 736 1456 777 οὗ
1483 733 1587 777 κατὰ
1616 734 1738 789 ῥοῦν,

289 809 495 859 βασιλέως
532 805 878 858 Καντακουζηνοῦ
920 803 971 844 τὰ
1012 799 1232 856 πράγματα
1271 799 1470 856 χωρήσει.
1522 798 1719 853 βασιλεῦς

291 873 349 923 δὲ,
380 871 513 912 καίτοι
556 872 639 911 τῶν
680 870 970 924 πραττομένων
1008 863 1056 907 οὗ
1091 865 1201 907 πάνυ
1227 864 1413 921 χρηστάς
1445 865 1612 912 ἐλπίδας
1639 874 1770 905 not-¹0

291 935 518 990 ρεχόντων,
571 933 644 988 τὴν
690 931 888 988 στρατιὰν
934 930 1041 984 ἔχων
1085 932 1453 985 ἐστρατοπέδευσεν
1499 931 1544 971 ἐν
1584 928 1720 985 Βήρᾳ.

164 1012 276 1056 Ρ.454
295 1000 506 1055 α’φθονίαν
545 1000 590 1039 δὲ
618 999 708 1039 ἐκεῖ
727 1002 810 1045 τοῖς
839 997 977 1044 ἵπποις
1001 998 1075 1037 τοῦ
1103 993 1227 1036 τόπου
1258 996 1512 1048 παρέχοντος
1538 994 1719 1048 τροφῆς,

291 1061 428 1120 (οὔπω
455 1062 537 1118 γὰρ
567 1059 619 1117 ἦν
647 1060 875 1103 α’πολαύειν
902 1057 1096 1115 ἀφθόνου
1125 1061 1338 1114 πανταχοῦ
1366 1059 1436 1101 διὰ
1466 1058 1542 1113 τὴν
1583 1054 1719 1114 ὥραν,

289 1125 384 1184 ἄρτι
428 1125 664 1183 ἀρχομένου
705 1125 871 1181 έἀρος,>
914 1126 1160 1180 παρέμεινεν
1186 1124 1344 1180 ἡμέρας
1373 1125 1422 1165 οὔ
1453 1121 1619 1172 πολλάς.
1674 1124 1720 1164 ἐν

288 1192 462 1241 ταύταις
490 1194 536 1233 δὲ
563 1194 642 1233 τοῦ
669 1192 874 1247 φρουρίου
902 1190 1125 1244 ἅπεπείρα,
1167 1191 1207 1232 εἰ
1232 1188 1402 1232 δύναιτο
1429 1194 1652 1242 κατασχεῖν
1679 1186 1774 1230 6-ιό

289 1260 475 1316 μολογίᾳ.
547 1259 618 1314 βία
657 1255 735 1311 γὰρ
780 1257 1135 1310 παραστήσασθαι
1163 1256 1239 1296 ου’κ
1266 1250 1391 1309 ἤθελε
1419 1255 1488 1296 διὰ
1516 1253 1560 1296 τὸ
1595 1269 1722 1307 μονα-

287 1323 392 1376 χούς
434 1322 480 1364 τὸ
512 1322 713 1377 φρούριον
739 1326 968 1373 κατοικεῖν,
998 1322 1184 1375 συνορῶν
1211 1318 1279 1371 ὦς,
1308 1321 1348 1361 εἰ
1373 1321 1444 1377 βίᾳ
1475 1322 1722 1374 κρατηθείη,

283 1384 412 1429 οὐδὲν
449 1385 568 1428 ἔσται
609 1384 771 1437 λοιπὸν,
814 1381 841 1440 ἢ
871 1385 1101 1427 ἀνάστατον
1128 1387 1315 1438 γίνεσθαι
1343 1383 1416 1438 τὴν
1442 1383 1572 1437 μονὴν
1601 1379 1723 1425 πολέ-

289 1467 373 1504 μου
414 1449 526 1508 νόμῳ
556 1450 857 1505 πορθουμένην.
917 1445 969 1490 οὗ
999 1448 1049 1504 δὴ
1078 1449 1194 1490 ἕνεκα
1224 1449 1323 1490 οὐδὲ
1355 1446 1556 1496 συντόνως
1584 1450 1723 1490 ἐπολι-

290 1515 427 1570 όρκει,
476 1513 580 1556 ἀλλὰ
620 1515 786 1568 δόκησιν
813 1519 987 1568 παρεῖχε
1027 1513 1183 1566 μόνον,
1222 1513 1279 1561 ὥς
1310 1512 1411 1567 πρὸς
1445 1515 1771 1566 τειχομαχίαναο

288 1578 720 1634 παρασκευαζόμενος.
774 1580 952 1631 μοναχοί
991 1579 1036 1618 δὲ
1079 1577 1118 1619 οῖ
1151 1576 1265 1619 ἔνδον
1307 1572 1421 1626 ὅντες
1448 1579 1521 1618 καί
1546 1577 1567 1618 ὃ
1595 1572 1718 1627 ἄλλος

258 1641 436 1696 Βὸμιλος
461 1645 505 1692 ἐξ
546 1639 732 1697 ἆγροταῖν
760 1644 1084 1696 συνειλεγμένοι,
1127 1641 1207 1683 εἴτε
1247 1641 1316 1683 δια
1354 1642 1428 1696 τήν
1463 1641 1718 1684 α’ποστασίαν

290 1706 546 1760 δεδοικότες,
592 1707 686 1762 (τήν
730 1706 810 1760 γάρ
849 1710 1053 1760 βασιλέως
1089 1705 1288 1762 πρότερον
1323 1707 1517 1762 φρουρὰν
1547 1705 1716 1748 καὶτὸν

290 1767 496 1827 ἄρχοντα,
528 1770 574 1814 ὃν
601 1773 822 1827 ἐπέστησεν
850 1773 1002 1827 αὐτοῖς,
1033 1772 1169 1828 ἀπάτῃ
1197 1770 1471 1825 κατασχόντες
1501 1772 1718 1824 δεσμώτας

366 1895 419 1927 ι6.
446 1893 758 1938 παραστήσεσθαι
777 1891 809 1923 Ρ.

295 2014 405 2047 ercitu
433 2013 686 2056 Didymoticho
714 2021 870 2055 egressus
895 2015 948 2044 est
972 2012 1078 2045 tertio
1113 2011 1232 2045 Nonas
1259 2012 1395 2051 Maias,
1420 2011 1620 2047 indictione
1655 2015 1717 2048 de-

293 2062 407 2101 cima,
443 2060 636 2103 praemisso
662 2057 900 2092 Constantino
933 2056 1164 2103 Palaeologo,
1196 2057 1383 2091 Michaelis
1418 2058 1518 2090 ducis
1545 2059 1715 2103 despotae

293 2107 389 2145 filio,
414 2106 515 2138 cuius
543 2115 675 2148 operit,
695 2113 787 2148 quae
812 2104 850 2134 in
875 2113 947 2134 rem
972 2108 1111 2144 essent,
1134 2108 1380 2147 praepararet3
1405 2106 1466 2148 qui
1493 2115 1574 2137 mox
1595 2106 1716 2140 Pheris

294 2151 340 2184 ad
378 2151 521 2195 Syrgem
554 2150 707 2189 defecit,
738 2149 812 2182 sive
837 2149 935 2192 quod
958 2149 1082 2182 domui
1112 2161 1194 2182 suae
1218 2149 1380 2190 timeret,
1403 2150 1503 2193 (illic
1531 2151 1626 2183 enim
1651 2151 1716 2184 ha-

293 2196 476 2240 bitabat‚)
512 2195 586 2228 sive
644 2193 742 2239 quod
773 2205 816 2226 ex
848 2194 990 2228 urbium
1024 2195 1226 2228 defectione
1260 2195 1498 2229 Cantacuzeni
1534 2197 1714 2231 fortunam

294 2243 465 2276 afflictum
500 2241 543 2274 iri
574 2240 824 2284 augurabatur.
880 2240 1099 2283 Imperator,
1130 2241 1268 2273 tametsi
1297 2252 1341 2273 ex
1364 2247 1528 2275 anteacto
1553 2247 1713 2287 tempore

294 2298 368 2320 non
402 2288 518 2321 bonae
551 2297 630 2331 spes
662 2286 899 2328 aiFulgerent,
936 2287 982 2318 ad
1015 2286 1140 2319 Beram
1176 2286 1349 2324 constitit.
1397 2288 1470 2331 Qui
1506 2290 1607 2321 locus
1631 2299 1712 2324 cum

294 2335 398 2377 equis
435 2334 569 2366 laetum
601 2331 773 2376 pabulum
804 2331 940 2364 affatim
979 2332 1244 2376 suppeditaret,
1277 2343 1349 2366 non
1384 2334 1480 2366 enim
1513 2333 1552 2367 id
1576 2334 1712 2381 ubique

293 2379 349 2422 (ut
384 2390 465 2412 vere
501 2377 618 2411 adhuc
653 2377 803 2421 recenti)
834 2377 1073 2421 suppetebat,
1109 2378 1185 2411 dies
1210 2377 1347 2411 ibidem
1373 2390 1446 2412 non
1469 2380 1601 2413 multos
1625 2391 1714 2415 con-

295 2426 465 2468 sumpsit,
494 2425 532 2456 in
557 2423 687 2467 quibus
710 2422 894 2455 castellum
925 2424 1101 2462 tentavit,
1135 2424 1165 2456 si
1193 2434 1257 2468 per
1281 2424 1503 2458 deditionem
1537 2436 1711 2471 occupare

294 2476 439 2546 posset:
473 2470 507 2502 vi
543 2469 638 2501 enim
662 2467 824 2511 subigere
846 2474 992 2512 propter
1015 2468 1206 2502 monachos
1233 2470 1367 2504 incolas
1390 2471 1552 2509 nolebat.
1599 2472 1710 2506 vide-

322 2521 358 2547 at
390 2515 497 2555 enim,
532 2515 562 2547 si
595 2516 630 2548 vi
656 2518 862 2557 caperetur,
883 2514 960 2558 lege
988 2516 1137 2549 militari
1165 2516 1419 2550 monasterium
1443 2528 1589 2562 quoque
1611 2518 1710 2552 ‹liru-

295 2560 438 2593 endum.
486 2560 604 2604 Quam
631 2559 676 2592 ob
703 2570 841 2592 causam
866 2569 931 2592 nec
954 2560 1096 2594 assidue
1127 2559 1326 2595 obsidendo
1361 2564 1612 2616 oppugnabat3
1646 2563 1710 2597 sed

295 2606 502 2649 opinionem
536 2611 674 2638 tantum
710 2604 929 2649 praebebat,
960 2607 1063 2649 quasi
1097 2617 1134 2638 se
1159 2606 1205 2640 ad
1229 2618 1347 2640 muros
1372 2607 1588 2642 adoriundus
1613 2620 1710 2643 com—

292 2657 443 2694 pararet.
499 2651 665 2684 Monachi
695 2662 778 2684 vero
791 2674 804 2690 ,
841 2651 903 2696 qui
926 2652 1023 2684 intus
1058 2656 1183 2692 erant,
1207 2657 1243 2684 et
1264 2653 1335 2686 alia
1362 2654 1466 2687 turha
1491 2665 1537 2688 ex
1559 2657 1708 2701 agresti-

293 2697 360 2729 bus
386 2697 556 2736 collecta,
584 2708 629 2728 an
652 2702 800 2741 propter
835 2696 1073 2730 defectionem
1096 2697 1248 2742 trepidi,
1278 2700 1390 2744 (prius
1418 2710 1572 2745 namque
1595 2702 1711 2745 impe-

294 2742 422 2775 ratoris
455 2741 672 2786 praesidium
707 2747 743 2774 et
771 2743 988 2787 praefectum
1019 2743 1105 2789 ipsis
1142 2743 1264 2778 datum
1304 2744 1432 2780 fraude
1455 2747 1712 2785 circumventos
