1812 3138
242 143 356 216 294
771 160 1144 205 CANTACUZEM

41 267 123 302 Ac.
145 263 441 318 ι342στρέφειν
467 258 651 316 ἔγνωσαν
680 263 723 303 ἐκ
752 263 834 304 τῶν
863 265 1013 319 Φερῶν
1041 263 1144 320 πρὸς
1165 263 1241 319 τὴν
1268 266 1431 311 οἰκείαν.
1487 267 1694 320 βασιλεύς

241 330 301 379 δὲ,
331 325 423 369 ἐπεὶ
455 326 678 379 βιάζεσθαι
710 326 786 368 οὐκ
813 329 907 383 ἐνῆν
935 326 1044 371 οὕτω
1072 328 1307 384 πάσχοντας
1333 333 1470 381 κακῶς
1498 330 1579 373 ὑπὸ
1614 334 1689 386 τῆς

241 391 382 443 νόσου,
420 391 520 441 τούς
539 394 584 435 ἐν
603 394 713 434 τέλει
739 394 896 442 πάντας
924 395 996 436 καί
1023 392 1225 450 ἡγεμόνας
1252 396 1523 451 συναγαγών,
1551 395 1688 454 παρῇ-

242 474 306 500 νει
333 456 391 513 μὴ
422 458 630 512 ἀθυμεῖν,
661 459 769 513 μηδὲ
794 457 868 513 τὴν
896 455 1128 513 ἇποτυχίαν
1154 459 1309 515 ταύτην
1335 458 1391 510 ὥς
1419 478 1462 503 τι
1492 462 1578 504 τῶν
1605 464 1689 503 δἐι-

243 524 327 565 νῶν
368 524 635 577 λογίζεσθαι,
680 521 773 565 ἀλλ’
813 525 942 566 ἐκεῖνο
970 526 1335 579 ἐνθυμουμένους,
1367 526 1424 575 ὥς
1450 526 1584 569 πάντα
1610 528 1716 581 μὲνό

202 590 346 632 Βθεοῦ
375 590 549 646 προνοίᾳ
578 591 807 631 διοικεῖται·
841 587 1046 632 ἀδύνατον
1076 592 1123 632 δέ
1154 608 1196 632 τι
1222 593 1304 633 τῶν
1331 590 1389 647 μή
1414 590 1592 634 δεόντων
1618 592 1693 634 ὑπ’

243 655 402 696 ἐκείνου
432 654 714 709 πράττεσθαι,
744 654 879 697 πάντα
907 657 1124 712 στέργειν,
1172 654 1230 704 ὥς
1256 654 1440 709 μάλιστα
1469 659 1693 706 λυσιτελῶς

243 719 343 774 ἡμῖν
382 718 646 775 πραττόμενα
673 719 789 776 παρὰ
817 722 937 763 θεοῦ.
990 723 1063 763 καί
1090 720 1135 763 τὸ
1165 722 1240 764 νῦν
1267 723 1345 774 μὲν
1383 719 1505 775 ἔχον,
1546 724 1693 765 ἐπανε-

245 784 486 838 λευσόμεθα
515 783 620 841 πρὸς
646 783 722 840 τὴν
749 787 924 839 οἰκείαν,
968 787 1088 843 ὀλίγῳ
1127 788 1173 828 δὲ
1201 782 1376 841 ὕστερον
1403 784 1528 828 πάλιν
1555 803 1692 843 παρα-

247 849 567 904 σκευασάμενοι,
597 852 856 905 ἐλευσόμεθα
884 853 945 900 εἷς
976 850 1294 905 Διδυμότειχον,
1326 846 1377 893 ἂν
1399 848 1523 907 φίλον
1541 848 1571 909 ᾗ
1589 854 1743 910 &ugido

249 917 287 958 οἱ
311 917 390 971 μὲν
419 910 494 957 οὖν
526 916 727 972 Τριβαλοί
756 915 912 966 πολλάς
938 914 1117 972 χάριτας
1143 914 1384 971 ὡμολόγουν
1408 921 1578 972 βασιλεῖ
1592 917 1694 974 πρὸς

248 980 326 1036 τήν
359 985 616 1037 παραίνεσιν,
672 982 746 1024 καὶ
769 982 846 1038 γάρ
876 998 938 1025 τοι
965 980 1146 1035 μάλιστα
1172 983 1392 1036 χαίροντες
1420 980 1526 1038 πρὸς
1552 981 1628 1038 τὴν
1652 985 1694 1026 ε’-

249 1048 441 1100 πάνοδον,
471 1042 585 1100 ὅμως
611 1046 671 1102 μὴ
700 1047 976 1103 προσκρούειν
1003 1050 1173 1100 βασιλεῖ
1194 1045 1436 1102 ἐβούλοντο,
1478 1050 1696 1098 δοκοῦντες

251 1107 420 1161 ἄκοντος
449 1112 697 1167 ἀναχωρεῖν.
746 1113 945 1166 Ῥωμαῖοι
975 1115 1022 1154 δὲ
1049 1114 1094 1154 ἐν
1121 1114 1241 1170 δεινῷ
1268 1115 1450 1156 ἐτίθεντο
1476 1113 1549 1157 καί
1573 1113 1697 1156 οὐδὲν

251 1174 441 1230 ἐνόμιζον
477 1174 715 1221 ἄπεοικέναι
754 1176 831 1233 τὴν
867 1177 967 1219 ὁδὸν
998 1179 1185 1233 ἐκείνην,
1226 1174 1254 1232 ἢ
1289 1179 1328 1219 εἰ
1362 1178 1467 1235 πρὸς
1502 1181 1752 1236 '‘Agenor-15

213 1253 239 1286 C
257 1259 308 1286 τα
347 1245 536 1296 βαδίζειν
580 1242 859 1299 ἠναγκάζοντο
869 1276 883 1296 ,
935 1242 1009 1284 καί
1048 1245 1193 1292 δειναῖς
1236 1245 1517 1300 ἐθορυβοῦντο
1561 1244 1634 1287 καί
1654 1247 1699 1287 sta

254 1307 508 1360 στασίαζον,
551 1307 656 1364 πρὸς
692 1307 792 1357 τούς
827 1310 873 1351 ἐν
912 1308 1219 1364 Χριστουπόλει
1245 1308 1496 1364 βουλόμενοι
1528 1306 1698 1364 ἆποχω-

257 1378 357 1427 ρεῖν.
414 1372 525 1429 δρῶν
555 1375 602 1415 δὲ
633 1372 656 1414 ὅ
684 1372 885 1427 βασιλεὺς
911 1372 983 1429 τὴν
1011 1372 1225 1428 διχόνοιαν
1255 1377 1395 1417 αὖτῶν
1425 1374 1499 1417 καὶ
1522 1375 1595 1431 τὴν
1623 1391 1699 1429 με-

255 1440 488 1493 λετωμένην
517 1440 795 1494 α’ποστασιάν,
823 1438 1179 1495 περιστησάμενος
1205 1438 1342 1497 ἐαυτῷ
1357 1441 1428 1481 καί
1443 1438 1699 1496 ὑπομνήσας,

257 1500 314 1552 αἷς
342 1506 414 1544 οὐκ
445 1505 556 1553 ἰδίας
582 1505 817 1552 πλεονεξώις
845 1499 873 1559 ἢ
904 1505 1028 1559 τιμῆς
1054 1504 1295 1558 ἐπιθυμίας,
1327 1504 1419 1546 ἀλλ’
1449 1504 1589 1547 αὐτῶν
1619 1509 1758 1550 {vs-29

246 1586 300 1610 κα
341 1569 579 1621 δεομένων,
626 1566 686 1624 μὴ
731 1569 936 1624 περιιδεῖν
974 1570 1290 1624 διαφθαρέντας
1315 1571 1390 1611 καί
1415 1571 1702 1620 δουλωθέντας

241 1630 491 1691 Ἀποκαόκῳ
519 1635 577 1691 τῷ
605 1635 981 1692 παρακοιμωμένῳ,
1011 1632 1082 1676 τὸν
1111 1630 1250 1688 ἆγῶνα
1276 1632 1471 1677 ὑπελθεῖν
1489 1650 1500 1660 ”
1555 1633 1700 1678 ἔπειτα

248 1698 321 1742 καί
355 1692 415 1740 ὧν
448 1701 494 1741 ἑν
528 1700 646 1757 ἀρχῇ
680 1700 762 1740 τοῦ
790 1700 975 1760 πολέμου
1000 1699 1186 1754 μάλιστα
1216 1701 1457 1756 διαλεχθείη
1485 1699 1591 1757 πρὸς
1621 1700 1701 1743 αὕ-

354 1791 390 1828 8.
415 1788 515 1834 ἔχων
536 1789 572 1823 Ρ.

251 1874 375 1914 patum
402 1868 693 1909 intellexissent,
716 1867 842 1903 Pheris
868 1869 907 1902 in
932 1870 1087 1914 patriam
1120 1869 1238 1904 redire
1273 1874 1488 1908 statuerunt.
1542 1871 1701 1915 Impera-

252 1922 311 1951 tor
342 1926 424 1948 cum
461 1926 522 1949 cos
552 1925 572 1947 a
601 1915 730 1958 morbo
764 1921 839 1949 tam
871 1917 968 1949 male
991 1919 1138 1950 affectos
1162 1916 1208 1949 ad
1231 1915 1448 1950 manendum
1473 1926 1601 1960 cogere
1624 1927 1700 1949 non

251 1968 400 2009 posset,
426 1961 598 1999 omnibus
625 1962 839 2006 proceribus
865 1972 906 1995 ac
931 1962 1084 1996 ducibus
1115 1962 1344 2003 convocatis,
1371 1973 1431 1996 cos
1456 1963 1631 2003 hortatur,
1655 1973 1702 1996 ne

253 2010 389 2054 pusillo
425 2009 500 2042 sint
536 2009 682 2049 animo,
721 2019 812 2041 neve
844 2007 938 2041 hanc
970 2003 1240 2043 frustrationem
1270 2010 1310 2041 iu
1342 2009 1446 2041 malis
1485 2015 1704 2052 numerent5

256 2055 321 2089 sed
349 2054 442 2088 illud
467 2055 692 2099 cogitante3‚
717 2055 840 2088 divina
862 2055 1097 2099 providentia
1133 2055 1405 2088 universitatem
1458 2055 1706 2090 administrari

257 2107 294 2135 et
329 2112 403 2134 non
436 2111 543 2146 posse
570 2111 591 2133 a
622 2101 700 2134 Deo
731 2100 932 2146 quidquam
963 2102 1068 2142 fieri,
1111 2101 1209 2148 quod
1233 2112 1307 2134 non
1332 2101 1459 2135 deceat
1486 2102 1584 2143 fieri,
1613 2102 1703 2136 boni

258 2148 492 2182 consulerent
528 2147 726 2192 omniaque
761 2147 808 2179 ab
844 2147 910 2180 illo
944 2148 991 2181 ad
1025 2148 1306 2181 emolumentum
1347 2159 1450 2180 suum
1487 2148 1565 2181 fieri
1591 2149 1706 2182 inter·

257 2198 503 2239 pretarentur.
533 2194 578 2226 Et
604 2203 701 2226 nunc
725 2193 895 2239 quidem,
918 2194 1062 2239 inquit,
1085 2194 1228 2227 domum
1257 2192 1476 2237 redibimus;
1498 2206 1572 2227 non
1588 2196 1703 2229 multo

258 2245 381 2273 autem
419 2239 668 2272 intercedente
711 2243 879 2285 tempore
912 2252 1053 2274 rursum
1089 2239 1280 2280 instructi,
1318 2240 1632 2284 Didymotichum‚
1670 2242 1702 2274 si

259 2287 339 2319 Deo
363 2286 561 2332 placuerit,
587 2291 762 2329 petemus.
800 2285 955 2320 Triballi
983 2297 1126 2330 magnas
1152 2287 1360 2330 imperatori
1386 2287 1431 2320 de
1455 2286 1703 2321 admonitione

262 2335 394 2377 gratias
422 2343 538 2378 agere.
586 2332 663 2365 Etsi
691 2333 788 2365 enim
817 2332 862 2365 de
889 2331 1007 2366 reditu
1035 2333 1125 2366 mire
1153 2333 1397 2374 laetarentur,
1429 2339 1550 2366 tamen
1569 2334 1703 2379 ‘impe-

263 2384 442 2420 ratorem,
466 2380 497 2411 si
524 2389 567 2411 eo
594 2378 709 2412 invito
735 2378 901 2412 recedere
924 2378 1156 2420 viderentur,
1192 2378 1370 2412 nolebant
1394 2379 1586 2413 offendere.
1635 2381 1706 2414 Ro-

263 2427 358 2457 mani
384 2424 601 2458 stomachari
626 2435 667 2457 ac
691 2429 844 2469 putare,
871 2436 909 2458 se
933 2425 979 2458 ad
1006 2423 1245 2459 Acherontem
1276 2426 1326 2460 ire
1352 2426 1542 2471 compelli,
1563 2427 1707 2460 tumul-

266 2474 483 2517 tuantesque
509 2476 546 2504 et
578 2470 759 2504 seditione
793 2470 986 2503 frementes
1027 2470 1283 2515 Christopolim
1310 2473 1411 2506 abire
1434 2472 1539 2506 velle.
1586 2473 1707 2517 Impe-

267 2521 364 2549 rator
399 2528 524 2550 eorum
563 2528 583 2550 a
608 2527 645 2550 se
679 2516 940 2550 dissensionem
974 2516 1260 2563 meditatamque
1286 2518 1542 2552 discessionem
1566 2519 1707 2557 videns.

268 2562 438 2596 advocata
465 2564 659 2603 concione,
687 2574 748 2596 eos
784 2564 980 2604 admonet,
1017 2574 1090 2597 non
1127 2566 1275 2597 avaritia
1312 2571 1376 2600 aut
1397 2565 1618 2606 ambitione,
1642 2564 1707 2597 sed

269 2610 429 2654 ipsorum
455 2621 581 2649 causa,
612 2609 674 2654 qui
710 2614 916 2653 rogassent,
953 2620 1000 2642 ne
1025 2620 1062 2642 se
1097 2608 1143 2641 ab
1170 2611 1407 2654 Apocaucho,
1433 2612 1521 2645 sacri
1547 2611 1706 2644 cubiculi

269 2654 452 2699 praefecto
471 2681 480 2696 ‚
513 2655 559 2687 ad
584 2657 795 2689 servitute-m
825 2660 862 2688 et
886 2659 1035 2688 mortem
1061 2657 1138 2700 rapi
1164 2663 1373 2700 pateretur,
1410 2658 1477 2692 hoc
1504 2658 1705 2703 periculum

271 2700 440 2734 subiisse.
487 2700 627 2733 Deinde
652 2702 690 2734 in
716 2700 919 2735 memoriam
946 2702 997 2734 cis
1022 2702 1168 2747 redigit,
1197 2714 1288 2748 quae
1316 2705 1353 2736 in
1380 2706 1457 2749 ipso
1487 2704 1576 2737 belli
1604 2705 1706 2749 prin-

273 2747 368 2793 cipio
402 2745 551 2786 dixerit:
584 2756 651 2779 nec
683 2748 839 2790 iustum,
870 2759 938 2788 nec
964 2749 1064 2798 pium
1100 2748 1237 2792 videri,
1278 2762 1374 2790 nunc
1407 2750 1553 2797 quidem
1590 2761 1627 2785 se
1662 2750 1708 2789 ad
